{"path_per_floor":["M","M","?","?","?","E","M","?","T","M","E","M","R","E","R","B",null,"M","?","M","$","?","E","R","M","T","M","M","$","M","M","R","B",null,"M","?","M","?","$","R","E","?","T","M","E","?","R","E","R","B"],"character_chosen":"IRONCLAD","items_purchased":["Vajra","Master of Strategy","Anchor","Limit Break","Bag of Marbles"],"gold_per_floor":[117,134,309,259,334,369,383,446,446,466,497,517,517,547,547,643,643,661,661,675,259,259,289,289,304,304,324,341,38,54,69,69,164,164,178,178,196,196,48,48,82,82,82,96,124,124,124,156,156,156],"floor_reached":51,"campfire_rested":2,"playtime":4858,"current_hp_per_floor":[80,80,80,80,69,31,37,21,21,27,27,24,48,33,57,45,80,80,65,63,63,59,37,37,30,30,31,30,30,41,46,46,57,59,59,59,59,59,59,59,59,52,52,54,69,69,69,69,69,44],"items_purged":["Strike_R"],"gold":156,"score":751,"play_id":"63284720-9d0b-475b-9723-2d15aca1a67e","is_prod":false,"is_daily":false,"is_ascension_mode":false,"campfire_upgraded":5,"path_taken":["M","?","?","?","?","E","M","?","T","M","E","?","R","E","R","BOSS","M","?","M","$","?","E","R","M","T","M","M","$","M","M","R","BOSS","M","?","M","?","?","R","E","?","T","M","E","?","R","E","R","BOSS"],"build_version":"2018-02-15-PROD1","purchased_purges":1,"victory":true,"master_deck":["Defend_R","Defend_R","Defend_R","Defend_R","Bash","Shockwave+1","Clash","Inflame+1","Headbutt","Metallicize","Metallicize","Warcry","Warcry","Impervious+1","Warcry","Pummel","Master of Strategy+1","Bite","Bite","Bite","Bite","Barricade+1","Heavy Blade","Disarm","Pummel+1","Limit Break","Headbutt+1","Impervious","Impervious","Body Slam+1","Fire Breathing+1","Body Slam+1","Madness+1","Madness","Body Slam+1","Flex","Feel No Pain+1"],"max_hp_per_floor":[80,80,80,80,80,80,80,80,80,80,80,80,80,80,80,80,80,80,85,85,85,59,59,59,59,59,59,59,59,59,59,59,59,59,59,59,59,59,59,59,59,59,59,59,69,69,69,69,69,69],"relics":["Burning Blood","Pantograph","Bronze Scales","Red Skull","Dodecahedron","Charon\u0027s Ashes","Sozu","Vajra","Shuriken","Juzu Bracelet","Anchor","Question Card","Bag of Marbles","Letter Opener","Happy Flower","Pear","Prayer Wheel"],"card_choices":[{"not_picked":["Clash","Headbutt"],"picked":"Shockwave"},{"not_picked":["Heavy Blade","Perfected Strike"],"picked":"Clash"},{"not_picked":["Barricade","Pummel"],"picked":"Inflame"},{"not_picked":["Warcry","True Grit"],"picked":"Headbutt"},{"not_picked":["Thunderclap","Uppercut"],"picked":"Metallicize"},{"not_picked":["Body Slam","Whirlwind"],"picked":"Metallicize"},{"not_picked":["Fiend Fire","Anger"],"picked":"Warcry"},{"not_picked":["Armaments","Flex"],"picked":"Combust"},{"not_picked":["Sword Boomerang","Searing Blow"],"picked":"Warcry"},{"not_picked":["Dark Embrace","Reaper"],"picked":"Impervious"},{"not_picked":["Metallicize","Twin Strike"],"picked":"Warcry"},{"not_picked":["Warcry","Rupture"],"picked":"Pummel"},{"not_picked":["Flex","Power Through"],"picked":"Barricade"},{"not_picked":["Rage","Reckless Charge"],"picked":"Heavy Blade"},{"not_picked":["Combust","Shrug It Off"],"picked":"Disarm"},{"not_picked":["Warcry","Clothesline"],"picked":"Pummel"},{"not_picked":["Thunderclap","Iron Wave"],"picked":"Headbutt"},{"not_picked":["Twin Strike","Perfected Strike"],"picked":"Impervious"},{"not_picked":["Barricade","Reaper"],"picked":"Impervious"},{"not_picked":["Clothesline","Rupture","Perfected Strike"],"picked":"Body Slam"},{"not_picked":["Armaments","Corruption","Uppercut"],"picked":"Fire Breathing"},{"not_picked":["Dropkick","Juggernaut","Sword Boomerang"],"picked":"Body Slam"},{"not_picked":["Cleave","Fiend Fire","Clash"],"picked":"Body Slam"},{"not_picked":["Clash","Offering","Dropkick"],"picked":"Feel No Pain"}],"player_experience":51335,"potions_floor_usage":[10,11,16],"damage_taken":[{"damage":6,"enemies":"Cultist","floor":1,"turns":3},{"damage":4,"enemies":"2 Louse","floor":2,"turns":3},{"damage":44,"enemies":"Lagavulin","floor":6,"turns":8},{"damage":0,"enemies":"Small Slimes","floor":7,"turns":3},{"damage":22,"enemies":"Gremlin Nob","floor":8,"turns":4},{"damage":0,"enemies":"Exordium Wildlife","floor":10,"turns":2},{"damage":9,"enemies":"Gremlin Nob","floor":11,"turns":4},{"damage":9,"enemies":"Looter","floor":12,"turns":3},{"damage":21,"enemies":"Lagavulin","floor":14,"turns":5},{"damage":53,"enemies":"Hexaghost","floor":16,"turns":8},{"damage":0,"enemies":"3 Byrds","floor":18,"turns":2},{"damage":8,"enemies":"Shell Parasite","floor":20,"turns":4},{"damage":32,"enemies":"Slavers","floor":23,"turns":5},{"damage":21,"enemies":"Cultist and Chosen","floor":25,"turns":6},{"damage":7,"enemies":"Chosen and Byrds","floor":27,"turns":5},{"damage":21,"enemies":"Slaver and Parasite","floor":28,"turns":6},{"damage":1,"enemies":"3 Cultists","floor":30,"turns":4},{"damage":7,"enemies":"Snake Plant","floor":31,"turns":3},{"damage":20,"enemies":"Automaton","floor":33,"turns":8},{"damage":1,"enemies":"3 Darklings","floor":35,"turns":5},{"damage":1,"enemies":"Orb Walker","floor":37,"turns":2},{"damage":0,"enemies":"Nemesis","floor":41,"turns":5},{"damage":10,"enemies":"Sphere and 2 Shapes","floor":44,"turns":5},{"damage":0,"enemies":"Giant Head","floor":45,"turns":7},{"damage":0,"enemies":"Nemesis","floor":48,"turns":3},{"damage":31,"enemies":"Time Eater","floor":50,"turns":7}],"event_choices":[{"event_name":"Liars Game","player_choice":"agreed","floor":3,"damage_taken":0},{"event_name":"The Cleric","player_choice":"Card Removal","floor":4,"damage_taken":0},{"event_name":"World of Goop","player_choice":"Gather Gold","floor":5,"damage_taken":0},{"event_name":"Dead Adventurer","player_choice":"Searched \u00272\u0027 times","floor":8,"damage_taken":0},{"event_name":"Forgotten Altar","player_choice":"Shed Blood","floor":19,"damage_taken":0},{"event_name":"Vampires","player_choice":"Became a vampire","floor":22,"damage_taken":0},{"event_name":"Upgrade Shrine","player_choice":"Upgraded","floor":36,"damage_taken":0},{"event_name":"Winding Halls","player_choice":"Embrace Madness","floor":42,"damage_taken":0},{"event_name":"Transmorgrifier","player_choice":"Transform","floor":46,"damage_taken":0}],"boss_relics":[{"not_picked":["Black Star","Lizard Tail"],"picked":"Sozu"},{"not_picked":["Astrolabe","Calling Bell"],"picked":"Question Card"}],"potions_floor_spawned":[6,7,8,14,16,20,23,31,33,35,48],"seed_played":"2594076628846027731","ascension_level":0,"is_trial":false}