{"gold_per_floor":[111,59,134,134,84,110,125,125,125,125,141,154,168,20,20,125,125,135,150,150,150,31,31,58,50,89,142,168,180,204,216,228,338,350,377,399,421,444,83,118,118,118,118,147,147,161,175,86,86,86],"floor_reached":51,"playtime":2112,"items_purged":["Strike_B"],"score":832,"play_id":"29fbd5cc-9518-46c5-b22e-9827b7707e71","local_time":"20190309113254","is_ascension_mode":true,"campfire_choices":[{"data":"Zap","floor":8.0,"key":"SMITH"},{"data":"Self Repair","floor":10.0,"key":"SMITH"},{"data":"Rainbow","floor":15.0,"key":"SMITH"},{"data":"Defragment","floor":23.0,"key":"SMITH"},{"data":"Electrodynamics","floor":29.0,"key":"SMITH"},{"floor":32.0,"key":"REST"},{"data":"Loop","floor":42.0,"key":"SMITH"},{"data":"Multi-Cast","floor":49,"key":"SMITH"}],"neow_cost":"NONE","seed_source_timestamp":139880567090089,"circlet_count":0,"master_deck":["Strike_B","Defend_B","Defend_B","Defend_B","Zap+1","Dualcast","Self Repair+1","Conserve Battery","Conserve Battery","Rainbow+1","Compile Driver+1","Undo","Flash of Steel+1","Go for the Eyes+1","Electrodynamics+1","Compile Driver+1","Defragment+1","Sunder+1","Doom and Gloom+1","Leap","White Noise+1","Cold Snap+1","Dark Shackles","Conserve Battery+1","Multi-Cast+1","Loop+1","Coolheaded+1","Clumsy","Cold Snap+1","Blind"],"special_seed":0,"relics":["Cracked Core","NeowsBlessing","Sundial","Molten Egg 2","Inserter","MawBank","Strawberry","Dream Catcher","Cursed Key","War Paint","Pen Nib","Bag of Marbles","Bottled Lightning","StoneCalendar"],"potions_floor_usage":[50,50],"damage_taken":[{"damage":0.0,"enemies":"Cultist","floor":1.0,"turns":1.0},{"damage":0.0,"enemies":"Lagavulin","floor":6.0,"turns":1.0},{"damage":0.0,"enemies":"Small Slimes","floor":7.0,"turns":2.0},{"damage":0.0,"enemies":"2 Louse","floor":11.0,"turns":2.0},{"damage":2.0,"enemies":"Blue Slaver","floor":12.0,"turns":3.0},{"damage":8.0,"enemies":"2 Fungi Beasts","floor":13.0,"turns":4.0},{"damage":10.0,"enemies":"Hexaghost","floor":16.0,"turns":9.0},{"damage":14.0,"enemies":"Spheric Guardian","floor":18.0,"turns":4.0},{"damage":0.0,"enemies":"3 Byrds","floor":19.0,"turns":3.0},{"damage":9.0,"enemies":"Book of Stabbing","floor":24.0,"turns":5.0},{"damage":42.0,"enemies":"Slavers","floor":27.0,"turns":4.0},{"damage":0.0,"enemies":"Centurion and Healer","floor":28.0,"turns":5.0},{"damage":11.0,"enemies":"Snecko","floor":30.0,"turns":4.0},{"damage":40.0,"enemies":"Automaton","floor":33.0,"turns":8.0},{"damage":1.0,"enemies":"Orb Walker","floor":35.0,"turns":4.0},{"damage":0.0,"enemies":"3 Shapes","floor":36.0,"turns":3.0},{"damage":3.0,"enemies":"Jaw Worm Horde","floor":37.0,"turns":5.0},{"damage":0.0,"enemies":"Maw","floor":38.0,"turns":7.0},{"damage":34.0,"enemies":"Nemesis","floor":40.0,"turns":7.0},{"damage":1.0,"enemies":"Giant Head","floor":44.0,"turns":7.0},{"damage":9,"enemies":"Spire Growth","floor":46,"turns":5},{"damage":17,"enemies":"Writhing Mass","floor":47,"turns":7},{"damage":2,"enemies":"Time Eater","floor":50,"turns":7}],"seed_played":"4259802298707707158","potions_obtained":[{"floor":1.0,"key":"PowerPotion"},{"floor":6.0,"key":"EssenceOfSteel"},{"floor":11.0,"key":"EssenceOfSteel"},{"floor":18.0,"key":"FearPotion"},{"floor":25.0,"key":"Regen Potion"},{"floor":30.0,"key":"Fire Potion"},{"floor":35.0,"key":"FocusPotion"},{"floor":40.0,"key":"PowerPotion"},{"floor":47,"key":"EssenceOfSteel"}],"is_trial":false,"path_per_floor":["M","$","?","?","?","E","M","R","T","R","M","M","M","$","R","B",null,"M","M","?","?","$","R","E","?","T","E","M","R","M","?","R","B",null,"M","M","M","M","$","E","$","R","T","E","?","M","M","$","R","B",null],"character_chosen":"DEFECT","items_purchased":["Conserve Battery","Flash of Steel+1","Go for the Eyes+1","Defragment","Sunder+1","War Paint","Pen Nib","Blind"],"campfire_rested":1,"item_purchase_floors":[2,14,14,22,22,39,39,48],"current_hp_per_floor":[75,75,64,57,57,57,64,64,64,64,74,75,75,75,75,75,75,71,75,75,61,61,61,62,62,69,37,47,47,46,30,56,41,87,87,87,87,87,87,63,63,63,63,72,72,73,66,66,66,64],"gold":86,"neow_bonus":"THREE_ENEMY_KILL","is_prod":false,"is_daily":false,"chose_seed":false,"campfire_upgraded":7,"win_rate":0,"timestamp":1552127574,"path_taken":["M","$","?","?","?","E","M","R","T","R","M","M","M","?","R","BOSS","M","M","?","?","$","R","E","?","T","E","M","R","?","?","R","BOSS","M","M","?","M","$","E","$","R","T","E","?","M","M","$","R","BOSS"],"build_version":"2019-01-23","purchased_purges":1,"victory":true,"max_hp_per_floor":[75,75,75,75,75,75,75,75,75,75,75,75,75,75,75,75,75,75,75,75,80,80,80,80,80,87,87,87,87,87,87,87,87,87,87,87,87,87,87,87,87,87,87,87,87,87,87,87,87,87],"card_choices":[{"not_picked":["Leap","Rebound"],"picked":"Self Repair","floor":1.0},{"not_picked":["Turbo","Hologram"],"picked":"Conserve Battery","floor":6.0},{"not_picked":["Stack","Beam Cell","Chaos"],"picked":"SKIP","floor":7.0},{"not_picked":["Redo","Sweeping Beam+1"],"picked":"Rainbow","floor":11.0},{"not_picked":["Go for the Eyes+1","Streamline+1"],"picked":"Compile Driver+1","floor":12.0},{"not_picked":["Rebound+1","Barrage+1"],"picked":"Undo","floor":13.0},{"not_picked":["Fission","Core Surge+1"],"picked":"Electrodynamics","floor":16.0},{"not_picked":["Gash+1","Stack"],"picked":"Compile Driver+1","floor":18.0},{"not_picked":["Scrape+1","Stack","Sweeping Beam+1"],"picked":"SKIP","floor":19.0},{"not_picked":["Sweeping Beam+1","Go for the Eyes+1"],"picked":"Doom and Gloom+1","floor":24.0},{"not_picked":["Barrage+1","Redo+1"],"picked":"Leap","floor":27.0},{"not_picked":["Hologram","Undo+1"],"picked":"White Noise","floor":28.0},{"not_picked":["Redo+1","Reinforced Body+1"],"picked":"Cold Snap+1","floor":30.0},{"not_picked":["Sweeping Beam+1","Reprogram"],"picked":"Conserve Battery+1","floor":32.0},{"not_picked":["Thunder Strike+1","Amplify"],"picked":"Multi-Cast","floor":33.0},{"not_picked":["Aggregate","Sweeping Beam+1","Heatsinks+1"],"picked":"SKIP","floor":35.0},{"not_picked":["Rip and Tear+1","Double Energy"],"picked":"Loop","floor":36.0},{"not_picked":["Redo+1","Stack+1","Coolheaded"],"picked":"SKIP","floor":37.0},{"not_picked":["Hologram","White Noise"],"picked":"Coolheaded","floor":38.0},{"not_picked":["Capacitor","Compile Driver+1","Sweeping Beam+1"],"picked":"SKIP","floor":40.0},{"not_picked":["Compile Driver+1","Barrage+1"],"picked":"Cold Snap+1","floor":44.0},{"not_picked":["Redo+1","Hello World+1","Compile Driver+1"],"picked":"SKIP","floor":46},{"not_picked":["Turbo","BootSequence+1","Auto Shields+1"],"picked":"SKIP","floor":47}],"player_experience":480923,"relics_obtained":[{"floor":6.0,"key":"Sundial"},{"floor":9.0,"key":"Molten Egg 2"},{"floor":24.0,"key":"MawBank"},{"floor":26.0,"key":"Strawberry"},{"floor":27.0,"key":"Dream Catcher"},{"floor":40.0,"key":"Bag of Marbles"},{"floor":43.0,"key":"Bottled Lightning"},{"floor":44.0,"key":"StoneCalendar"}],"event_choices":[{"damage_healed":0.0,"max_hp_gain":0.0,"max_hp_loss":0.0,"gold_gain":75.0,"event_name":"World of Goop","player_choice":"Gather Gold","floor":3.0,"gold_loss":0.0,"damage_taken":11.0},{"cards_removed":["Strike_B"],"damage_healed":0.0,"max_hp_gain":0.0,"max_hp_loss":0.0,"gold_gain":0.0,"event_name":"Golden Wing","player_choice":"Card Removal","floor":4.0,"gold_loss":0.0,"damage_taken":7.0},{"cards_removed":["Defend_B"],"damage_healed":0.0,"max_hp_gain":0.0,"max_hp_loss":0.0,"gold_gain":0.0,"event_name":"The Cleric","player_choice":"Card Removal","floor":5.0,"gold_loss":50.0,"damage_taken":0.0},{"damage_healed":0.0,"max_hp_gain":0.0,"max_hp_loss":0.0,"gold_gain":0.0,"event_name":"Vampires","player_choice":"Ignored","floor":20.0,"gold_loss":0.0,"damage_taken":0.0},{"damage_healed":0.0,"max_hp_gain":5.0,"max_hp_loss":0.0,"gold_gain":0.0,"event_name":"Forgotten Altar","player_choice":"Shed Blood","floor":21.0,"gold_loss":0.0,"damage_taken":19.0},{"damage_healed":0.0,"max_hp_gain":0.0,"max_hp_loss":0.0,"gold_gain":0.0,"event_name":"The Woman in Blue","player_choice":"Bought 1 Potion","floor":25.0,"gold_loss":0.0,"damage_taken":0.0},{"damage_healed":0.0,"max_hp_gain":0.0,"max_hp_loss":0.0,"gold_gain":0.0,"event_name":"Knowing Skull","player_choice":"CARD ","floor":31.0,"potions_obtained":[],"gold_loss":0.0,"damage_taken":16.0,"cards_obtained":["Dark Shackles"]},{"cards_removed":["Strike_B"],"damage_healed":0.0,"max_hp_gain":0.0,"max_hp_loss":0.0,"gold_gain":0.0,"event_name":"Purifier","player_choice":"Purged","floor":45.0,"gold_loss":0.0,"damage_taken":0.0}],"is_beta":false,"boss_relics":[{"not_picked":["Pandora\u0027s Box","Runic Pyramid"],"picked":"Inserter"},{"not_picked":["Astrolabe","Lizard Tail"],"picked":"Cursed Key"}],"items_purged_floors":[39],"is_endless":false,"potions_floor_spawned":[1,6,11,18,19,30,35,40,47],"ascension_level":1}