{"gold_per_floor":[109,123,138,30,105,105,130,150,150,150,100,112,126,161,161,263,263,274,289,289,214,233,260,260,136,136,149,159,184,184,199,199,295,295,309,119,130,5,5,5,15,15,40,71,71,97,97,97,97,97,97,97,22,50,50],"floor_reached":56,"playtime":2810,"items_purged":["Strike_G","Strike_G","Doubt"],"score":1330,"play_id":"2ae7a346-ce35-45d8-9dd8-25585d05ecf4","local_time":"20190426013605","is_ascension_mode":false,"campfire_choices":[{"data":"Crippling Poison","floor":6.0,"key":"SMITH"},{"data":"Footwork","floor":10.0,"key":"SMITH"},{"data":"Deadly Poison","floor":15.0,"key":"SMITH"},{"data":"Bouncing Flask","floor":30.0,"key":"SMITH"},{"data":"Doppelganger","floor":32.0,"key":"SMITH"},{"data":"Doppelganger","floor":42.0,"key":"SMITH"},{"data":"Adrenaline","floor":45.0,"key":"SMITH"},{"floor":47.0,"key":"RECALL"},{"floor":49.0,"key":"REST"},{"data":"Deadly Poison","floor":52.0,"key":"SMITH"}],"neow_cost":"NONE","seed_source_timestamp":22094503300198,"circlet_count":0,"master_deck":["Defend_G","Defend_G","Defend_G","Defend_G","Defend_G","Strike_G","Survivor+1","Neutralize","Backflip+1","Deadly Poison+1","Crippling Poison+1","Footwork+1","Dash","Dodge and Roll","Crippling Poison","Backflip","Corpse Explosion","Deadly Poison+1","Leg Sweep+1","Blur+1","Escape Plan","Backflip","Backflip","Adrenaline+1","Bouncing Flask+1","Doppelganger+1","Doppelganger+1","Well Laid Plans+1","Shame","Backflip+1","Footwork+1","Outmaneuver+1"],"special_seed":0,"relics":["Ring of the Snake","Frozen Egg 2","Ice Cream","Cursed Key","Ninja Scroll","Regal Pillow","Pen Nib","Runic Dome","War Paint","Anchor","Dodecahedron","Snake Skull","FossilizedHelix"],"potions_floor_usage":[55,55,55],"damage_taken":[{"damage":0.0,"enemies":"2 Louse","floor":1.0,"turns":4.0},{"damage":0.0,"enemies":"Jaw Worm","floor":2.0,"turns":5.0},{"damage":0.0,"enemies":"Cultist","floor":3.0,"turns":4.0},{"damage":24.0,"enemies":"3 Sentries","floor":7.0,"turns":13.0},{"damage":6.0,"enemies":"3 Louse","floor":8.0,"turns":2.0},{"damage":0.0,"enemies":"Exordium Wildlife","floor":12.0,"turns":5.0},{"damage":4.0,"enemies":"Blue Slaver","floor":13.0,"turns":4.0},{"damage":0.0,"enemies":"Lagavulin","floor":14.0,"turns":9.0},{"damage":1.0,"enemies":"The Guardian","floor":16.0,"turns":12.0},{"damage":1.0,"enemies":"Shell Parasite","floor":18.0,"turns":5.0},{"damage":8.0,"enemies":"Spheric Guardian","floor":19.0,"turns":5.0},{"damage":0.0,"enemies":"Cultist and Chosen","floor":22.0,"turns":5.0},{"damage":11.0,"enemies":"Book of Stabbing","floor":23.0,"turns":9.0},{"damage":0.0,"enemies":"Centurion and Healer","floor":27.0,"turns":6.0},{"damage":0.0,"enemies":"Snecko","floor":28.0,"turns":5.0},{"damage":4.0,"enemies":"Gremlin Leader","floor":29.0,"turns":6.0},{"damage":1.0,"enemies":"Shelled Parasite and Fungi","floor":31.0,"turns":4.0},{"damage":11.0,"enemies":"Automaton","floor":33.0,"turns":10.0},{"damage":0.0,"enemies":"Orb Walker","floor":35.0,"turns":5.0},{"damage":0.0,"enemies":"3 Shapes","floor":37.0,"turns":4.0},{"damage":3.0,"enemies":"Sphere and 2 Shapes","floor":41.0,"turns":3.0},{"damage":0.0,"enemies":"Giant Head","floor":44.0,"turns":9.0},{"damage":6.0,"enemies":"Nemesis","floor":46.0,"turns":9.0},{"damage":61.0,"enemies":"Time Eater","floor":50.0,"turns":8.0},{"damage":0.0,"enemies":"Shield and Spear","floor":54.0,"turns":5.0},{"damage":37,"enemies":"The Heart","floor":55,"turns":11}],"seed_played":"-5049557549319451504","potions_obtained":[{"floor":2.0,"key":"SneckoOil"},{"floor":8.0,"key":"GamblersBrew"},{"floor":12.0,"key":"SkillPotion"},{"floor":16.0,"key":"Weak Potion"},{"floor":24.0,"key":"SkillPotion"},{"floor":35.0,"key":"EssenceOfSteel"},{"floor":54.0,"key":"PowerPotion"}],"is_trial":false,"path_per_floor":["M","M","M","$","?","R","E","M","T","R","?","M","M","E","R","B",null,"M","M","?","$","M","E","?","$","T","M","M","E","R","M","R","B",null,"M","$","M","$","?","?","M","R","T","E","R","E","R","$","R","B",null,"R","$","E","B",null],"character_chosen":"THE_SILENT","items_purchased":["Footwork","Dash","Backflip","Well Laid Plans+1","War Paint","Footwork+1"],"campfire_rested":1,"item_purchase_floors":[4,4,25,36,36,53],"current_hp_per_floor":[77,77,77,77,66,66,42,36,36,36,36,36,32,32,32,31,77,76,68,54,54,54,43,43,43,43,43,43,39,39,38,38,27,82,82,82,82,82,78,78,75,75,75,75,75,69,69,69,78,17,78,78,78,78,41],"gold":50,"neow_bonus":"TEN_PERCENT_HP_BONUS","is_prod":false,"is_daily":false,"chose_seed":false,"campfire_upgraded":8,"win_rate":0,"timestamp":1556267765,"path_taken":["M","M","M","$","?","R","E","M","T","R","?","M","M","E","R","BOSS","M","M","?","$","M","E","?","$","T","M","M","E","R","M","R","BOSS","M","$","M","$","?","?","M","R","T","E","R","E","R","?","R","BOSS","R","$","E","BOSS"],"build_version":"2019-01-23","purchased_purges":3,"victory":true,"max_hp_per_floor":[77,77,77,77,77,77,77,77,77,77,77,77,77,77,77,77,77,77,77,82,82,82,82,82,82,82,82,82,82,82,82,82,82,82,82,82,82,82,78,78,78,78,78,78,78,78,78,78,78,78,78,78,78,78,78],"card_choices":[{"not_picked":["Flying Knee","Dagger Throw"],"picked":"Backflip","floor":1.0},{"not_picked":["Underhanded Strike","Poisoned Stab"],"picked":"Deadly Poison","floor":2.0},{"not_picked":["Slice","Glass Knife"],"picked":"Crippling Poison","floor":3.0},{"not_picked":["Flying Knee","Acrobatics","Flechettes"],"picked":"SKIP","floor":7.0},{"not_picked":["Dagger Throw","Bane"],"picked":"Dodge and Roll","floor":8.0},{"not_picked":["Sucker Punch","Bane"],"picked":"Crippling Poison","floor":12.0},{"not_picked":["Choke","Endless Agony","Slice"],"picked":"SKIP","floor":13.0},{"not_picked":["Poisoned Stab","Riddle With Holes"],"picked":"Backflip","floor":14.0},{"not_picked":["Bullet Time","Venomology"],"picked":"Corpse Explosion","floor":16.0},{"not_picked":["Sucker Punch","Poisoned Stab+1"],"picked":"Deadly Poison","floor":18.0},{"not_picked":["Sucker Punch+1","Acrobatics+1"],"picked":"Leg Sweep+1","floor":19.0},{"not_picked":["Dagger Spray","Crippling Poison"],"picked":"Blur+1","floor":22.0},{"not_picked":["Cloak And Dagger","Sucker Punch"],"picked":"Escape Plan","floor":23.0},{"not_picked":["Poisoned Stab","Quick Slash"],"picked":"Backflip","floor":27.0},{"not_picked":["Outmaneuver","Dodge and Roll"],"picked":"Adrenaline","floor":28.0},{"not_picked":["Deflect","Terror"],"picked":"Bouncing Flask","floor":29.0},{"not_picked":["Concentrate","Sucker Punch+1"],"picked":"Doppelganger","floor":31.0},{"not_picked":["Bullet Time","Storm of Steel"],"picked":"Doppelganger","floor":33.0},{"not_picked":["Dash","Sucker Punch","Tactician"],"picked":"SKIP","floor":35.0},{"not_picked":["Dagger Spray","Escape Plan","Slice+1"],"picked":"SKIP","floor":37.0},{"not_picked":["PiercingWail","Acrobatics+1","Cloak And Dagger"],"picked":"SKIP","floor":41.0},{"not_picked":["Acrobatics","Calculated Gamble","Underhanded Strike"],"picked":"SKIP","floor":44.0},{"not_picked":["Dodge and Roll+1","Die Die Die"],"picked":"Backflip+1","floor":46.0},{"not_picked":["Sucker Punch","Cloak And Dagger+1"],"picked":"Outmaneuver+1","floor":54.0}],"player_experience":1272055,"relics_obtained":[{"floor":7.0,"key":"Frozen Egg 2"},{"floor":14.0,"key":"Ice Cream"},{"floor":23.0,"key":"Ninja Scroll"},{"floor":26.0,"key":"Regal Pillow"},{"floor":29.0,"key":"Pen Nib"},{"floor":43.0,"key":"Anchor"},{"floor":44.0,"key":"Dodecahedron"},{"floor":46.0,"key":"Snake Skull"},{"floor":54.0,"key":"FossilizedHelix"}],"event_choices":[{"damage_healed":0.0,"max_hp_gain":0.0,"max_hp_loss":0.0,"gold_gain":75.0,"event_name":"World of Goop","player_choice":"Gather Gold","floor":5.0,"gold_loss":0.0,"damage_taken":11.0},{"cards_removed":["Strike_G"],"damage_healed":0.0,"max_hp_gain":0.0,"max_hp_loss":0.0,"gold_gain":0.0,"event_name":"The Cleric","player_choice":"Card Removal","floor":11.0,"gold_loss":50.0,"damage_taken":0.0},{"damage_healed":0.0,"max_hp_gain":5.0,"max_hp_loss":0.0,"gold_gain":0.0,"event_name":"Forgotten Altar","player_choice":"Shed Blood","floor":20.0,"gold_loss":0.0,"damage_taken":19.0},{"damage_healed":0.0,"max_hp_gain":0.0,"max_hp_loss":0.0,"gold_gain":0.0,"event_name":"Lab","player_choice":"Got Potions","floor":24.0,"gold_loss":0.0,"damage_taken":0.0},{"damage_healed":0.0,"max_hp_gain":0.0,"max_hp_loss":4.0,"gold_gain":0.0,"event_name":"Winding Halls","player_choice":"Max HP","floor":39.0,"gold_loss":0.0,"damage_taken":0.0},{"cards_removed":["Strike_G"],"damage_healed":0.0,"max_hp_gain":0.0,"max_hp_loss":0.0,"gold_gain":0.0,"event_name":"Falling","player_choice":"Removed Attack","floor":40.0,"gold_loss":0.0,"damage_taken":0.0}],"is_beta":false,"boss_relics":[{"not_picked":["Tiny House","Calling Bell"],"picked":"Cursed Key"},{"not_picked":["Coffee Dripper","Lizard Tail"],"picked":"Runic Dome"}],"items_purged_floors":[21,25,38],"is_endless":false,"potions_floor_spawned":[2,8,12,16,19,28,29,31,35,41,54],"ascension_level":0}