{"gold_per_floor":[111,111,127,144,1,1,15,40,66,66,66,99,24,50,50,127,127,143,157,78,128,147,157,157,190,190,40,40,59,59,94,94,94],"floor_reached":33,"playtime":1885,"items_purged":["Strike_G","Strike_G"],"score":591,"play_id":"62e69565-1a7d-4979-afe9-192c5d60f84a","local_time":"20190315171139","is_ascension_mode":true,"campfire_choices":[{"data":"Neutralize","floor":6.0,"key":"SMITH"},{"floor":10.0,"key":"REST"},{"floor":15.0,"key":"REST"},{"floor":24.0,"key":"REST"},{"floor":28.0,"key":"REST"},{"data":"Bouncing Flask","floor":30.0,"key":"SMITH"},{"floor":32.0,"key":"REST"}],"neow_cost":"NONE","seed_source_timestamp":263922356603178,"circlet_count":0,"master_deck":["AscendersBane","Defend_G","Defend_G","Defend_G","Defend_G","Defend_G","Strike_G+1","Strike_G+1","Strike_G","Survivor+1","Neutralize+1","Quick Slash","Poisoned Stab","Blade Dance","Dagger Spray+1","Well Laid Plans","Cloak And Dagger","Predator","After Image","Noxious Fumes","Bouncing Flask+1","Leg Sweep","Backstab","Backflip","Dodge and Roll+1"],"special_seed":0,"relics":["Ring of the Snake","Whetstone","Snake Skull","Blood Vial","Singing Bowl","Sozu","Meat on the Bone","Sundial","Dodecahedron"],"potions_floor_usage":[],"damage_taken":[{"damage":1.0,"enemies":"Small Slimes","floor":1.0,"turns":6.0},{"damage":3.0,"enemies":"2 Louse","floor":3.0,"turns":3.0},{"damage":0.0,"enemies":"Cultist","floor":4.0,"turns":4.0},{"damage":3.0,"enemies":"Large Slime","floor":7.0,"turns":5.0},{"damage":25.0,"enemies":"3 Sentries","floor":8.0,"turns":7.0},{"damage":4.0,"enemies":"Lagavulin","floor":12.0,"turns":6.0},{"damage":24.0,"enemies":"3 Sentries","floor":14.0,"turns":8.0},{"damage":17.0,"enemies":"Slime Boss","floor":16.0,"turns":10.0},{"damage":9.0,"enemies":"3 Byrds","floor":18.0,"turns":5.0},{"damage":10.0,"enemies":"Spheric Guardian","floor":19.0,"turns":6.0},{"damage":34.0,"enemies":"Shelled Parasite and Fungi","floor":22.0,"turns":7.0},{"damage":8.0,"enemies":"Snecko","floor":23.0,"turns":5.0},{"damage":21.0,"enemies":"Gremlin Leader","floor":25.0,"turns":8.0},{"damage":4.0,"enemies":"Centurion and Healer","floor":29.0,"turns":6.0},{"damage":41.0,"enemies":"Slavers","floor":31.0,"turns":9.0},{"damage":43,"enemies":"Collector","floor":33,"turns":8}],"seed_played":"-9072347685396091939","potions_obtained":[{"floor":3.0,"key":"Energy Potion"},{"floor":8.0,"key":"Fire Potion"}],"is_trial":false,"path_per_floor":["M","?","M","M","$","R","M","E","T","R","?","E","$","E","R","B",null,"M","M","$","?","M","M","R","E","T","$","R","M","R","E","R","B"],"character_chosen":"THE_SILENT","items_purchased":["Dagger Spray","Well Laid Plans","Bouncing Flask","Backflip"],"campfire_rested":5,"item_purchase_floors":[5,5,20,27],"current_hp_per_floor":[64,42,39,39,39,39,36,11,11,32,32,28,28,6,27,12,57,50,44,44,44,12,6,28,11,11,11,33,43,43,18,41,0],"gold":94,"neow_bonus":"TEN_PERCENT_HP_BONUS","is_prod":false,"is_daily":false,"chose_seed":false,"campfire_upgraded":2,"win_rate":0,"timestamp":1552666299,"path_taken":["M","?","M","M","$","R","M","E","T","R","?","E","$","E","R","BOSS","M","M","$","?","?","M","R","E","T","$","R","M","R","E","R","BOSS"],"build_version":"2019-01-23","purchased_purges":2,"victory":false,"max_hp_per_floor":[72,72,72,72,72,72,72,72,72,72,72,72,72,72,72,72,72,72,74,74,74,74,74,74,76,76,76,76,76,76,78,78,78],"card_choices":[{"not_picked":["Dodge and Roll","Flechettes"],"picked":"Quick Slash","floor":1.0},{"not_picked":["Underhanded Strike","Infinite Blades"],"picked":"Poisoned Stab","floor":3.0},{"not_picked":["Underhanded Strike","Dodge and Roll"],"picked":"Blade Dance","floor":4.0},{"not_picked":["Setup","Slice","Masterful Stab"],"picked":"SKIP","floor":7.0},{"not_picked":["Masterful Stab","Prepared","Caltrops"],"picked":"SKIP","floor":8.0},{"not_picked":["Bane","Dagger Spray"],"picked":"Cloak And Dagger","floor":12.0},{"not_picked":["Endless Agony","Tactician"],"picked":"Predator","floor":14.0},{"not_picked":["Unload","Storm of Steel"],"picked":"After Image","floor":16.0},{"not_picked":["Setup","Poisoned Stab"],"picked":"Noxious Fumes","floor":18.0},{"not_picked":["Quick Slash","Riddle With Holes","Well Laid Plans+1"],"picked":"Singing Bowl","floor":19.0},{"not_picked":["Cloak And Dagger","Calculated Gamble"],"picked":"Leg Sweep","floor":22.0},{"not_picked":["Backflip","Choke"],"picked":"Backstab","floor":23.0},{"not_picked":["Dash+1","Distraction","Expertise"],"picked":"Singing Bowl","floor":25.0},{"not_picked":["Poisoned Stab","Prepared"],"picked":"Dodge and Roll+1","floor":29.0},{"not_picked":["Expertise","Infinite Blades","Choke"],"picked":"Singing Bowl","floor":31.0}],"player_experience":503187,"relics_obtained":[{"floor":8.0,"key":"Whetstone"},{"floor":9.0,"key":"Snake Skull"},{"floor":12.0,"key":"Blood Vial"},{"floor":14.0,"key":"Singing Bowl"},{"floor":25.0,"key":"Meat on the Bone"},{"floor":26.0,"key":"Sundial"},{"floor":31.0,"key":"Dodecahedron"}],"event_choices":[{"damage_healed":0.0,"max_hp_gain":0.0,"max_hp_loss":0.0,"gold_gain":0.0,"event_name":"Shining Light","player_choice":"Entered Light","floor":2.0,"gold_loss":0.0,"damage_taken":22.0,"cards_upgraded":["Survivor","Strike_G"]},{"damage_healed":0.0,"max_hp_gain":0.0,"max_hp_loss":0.0,"gold_gain":0.0,"event_name":"Scrap Ooze","player_choice":"Fled","floor":11.0,"gold_loss":0.0,"damage_taken":0.0},{"damage_healed":0.0,"max_hp_gain":0.0,"max_hp_loss":0.0,"gold_gain":50.0,"event_name":"Golden Shrine","player_choice":"Pray","floor":21.0,"gold_loss":0.0,"damage_taken":0.0}],"is_beta":false,"boss_relics":[{"not_picked":["Snecko Eye","Black Star"],"picked":"Sozu"}],"items_purged_floors":[13,27],"is_endless":false,"potions_floor_spawned":[3,8,19,31],"killed_by":"Collector","ascension_level":19}