{"gold_per_floor":[111,124,124,174,237,237,306,318,318,42,42,73,73,141,141,141],"floor_reached":16,"playtime":1219,"items_purged":["Strike_B"],"score":158,"play_id":"d35129b5-60f4-4f4f-97cc-2093a947268f","local_time":"20180819113426","is_ascension_mode":true,"campfire_choices":[{"data":"Zap","floor":6,"key":"SMITH"},{"data":"Dualcast","floor":11,"key":"SMITH"},{"floor":15,"key":"REST"}],"neow_cost":"PERCENT_DAMAGE","seed_source_timestamp":682634451031,"circlet_count":0,"master_deck":["Strike_B","Strike_B","Strike_B","Defend_B+1","Defend_B","Defend_B","Defend_B","Zap+1","Dualcast+1","AscendersBane","Machine Learning","Scrape","Hologram+1","Enlightenment","Leap","Gash","FTL","Hologram"],"relics":["Cracked Core","SsserpentHead","War Paint","Sling","Dream Catcher"],"potions_floor_usage":[8,16],"damage_taken":[{"damage":6,"enemies":"Cultist","floor":1,"turns":3},{"damage":5,"enemies":"Small Slimes","floor":2,"turns":3},{"damage":3,"enemies":"2 Louse","floor":5,"turns":3},{"damage":0,"enemies":"Large Slime","floor":7,"turns":5},{"damage":5,"enemies":"Gremlin Gang","floor":8,"turns":4},{"damage":10,"enemies":"3 Sentries","floor":12,"turns":5},{"damage":4,"enemies":"2 Fungi Beasts","floor":14,"turns":3},{"damage":43,"enemies":"Slime Boss","floor":16,"turns":8}],"seed_played":"-5469628626245755340","potions_obtained":[{"floor":5,"key":"Ancient Potion"},{"floor":7,"key":"SteroidPotion"}],"is_trial":false,"path_per_floor":["M","M","?","?","M","R","M","M","T","$","R","E","$","M","R"],"character_chosen":"DEFECT","items_purchased":["Sling","FearPotion"],"campfire_rested":1,"item_purchase_floors":[10,10],"current_hp_per_floor":[44,39,39,39,36,36,36,31,31,31,31,21,21,17,39,0],"gold":141,"neow_bonus":"THREE_RARE_CARDS","is_prod":false,"is_daily":false,"chose_seed":false,"campfire_upgraded":2,"win_rate":0,"timestamp":1534696466,"path_taken":["M","?","?","?","?","R","?","M","T","?","R","E","$","?","R","BOSS"],"build_version":"2018-08-16","purchased_purges":1,"victory":false,"max_hp_per_floor":[75,75,75,75,75,75,75,75,75,75,75,75,75,75,75,75],"card_choices":[{"not_picked":["Amplify","Multi-Cast"],"picked":"Machine Learning","floor":0},{"not_picked":["Go for the Eyes","Gash"],"picked":"Scrape","floor":1},{"not_picked":["Stack","Leap"],"picked":"Hologram","floor":2},{"not_picked":["Compile Driver","Streamline"],"picked":"Leap","floor":5},{"not_picked":["Coolheaded","Barrage","Doom and Gloom"],"picked":"SKIP","floor":7},{"not_picked":["Ball Lightning","White Noise"],"picked":"Gash","floor":8},{"not_picked":["Go for the Eyes","Ball Lightning"],"picked":"FTL","floor":12},{"not_picked":["Coolheaded","Darkness"],"picked":"Hologram","floor":14}],"player_experience":355399,"relics_obtained":[{"floor":9,"key":"War Paint"},{"floor":12,"key":"Dream Catcher"}],"event_choices":[{"event_name":"FaceTrader","player_choice":"Trade","floor":3,"damage_taken":0},{"event_name":"Match and Keep!","player_choice":"1 cards matched","floor":4,"damage_taken":0}],"is_beta":false,"boss_relics":[],"items_purged_floors":[10],"is_endless":false,"potions_floor_spawned":[5,7,12,14],"killed_by":"Slime Boss","ascension_level":11}