{"gold_per_floor":[114,134,152,5,20,20,95,95,141,141,141,177,256,269,269,365,365,389,389,66,66,66,97,97,97,97,143,155,188,208,226,226,297,297,313,313,328,16,26,26,0,62,114,149,149,149,164,175,175,175],"floor_reached":51,"playtime":3190,"items_purged":["Pain","Injury","Writhe"],"score":1235,"play_id":"cbd78a3f-7a04-41fa-975b-bc3a1d0a60a0","local_time":"20180811161737","is_ascension_mode":true,"campfire_choices":[{"floor":6.0,"key":"REST"},{"data":"Zap","floor":8.0,"key":"SMITH"},{"floor":15.0,"key":"REST"},{"floor":24,"key":"REST"},{"data":"Fission","floor":32,"key":"SMITH"},{"data":"Apotheosis","floor":40,"key":"SMITH"},{"data":"Rainbow","floor":45,"key":"SMITH"},{"data":"Echo Form","floor":49,"key":"SMITH"}],"neow_cost":"CURSE","seed_source_timestamp":0,"circlet_count":0,"master_deck":["Strike_B","Defend_B","Defend_B","Zap+1","Dualcast+1","AscendersBane","Rip and Tear","Echo Form+1","Glacier","Leap","Static Discharge","Hyperbeam","Steam Power","Electrodynamics+1","Steam+1","Capacitor+1","Doom and Gloom+1","Glacier","Chill","Core Surge","Writhe","Conserve Battery+1","Fission+1","Conserve Battery","Rainbow+1","Apotheosis+1","Undo","Consume+1"],"special_seed":0,"relics":["Cracked Core","Pen Nib","Bloody Idol","Happy Flower","Frozen Egg 2","Astrolabe","Bag of Preparation","Meat on the Bone","Potion Belt","Letter Opener","DataDisk","Du-Vu Doll","Busted Crown","Red Mask","Tiny Chest","Strawberry","Bottled Tornado"],"potions_floor_usage":[29,33,39,42,44,50,50,50,50],"damage_taken":[{"damage":10.0,"enemies":"Cultist","floor":1.0,"turns":4.0},{"damage":7.0,"enemies":"Jaw Worm","floor":2.0,"turns":3.0},{"damage":3.0,"enemies":"2 Louse","floor":3.0,"turns":2.0},{"damage":31.0,"enemies":"Exordium Thugs","floor":5.0,"turns":8.0},{"damage":21.0,"enemies":"3 Sentries","floor":12.0,"turns":8.0},{"damage":11.0,"enemies":"3 Sentries","floor":13.0,"turns":6.0},{"damage":9.0,"enemies":"Red Slaver","floor":14.0,"turns":3.0},{"damage":4.0,"enemies":"Slime Boss","floor":16.0,"turns":5.0},{"damage":22.0,"enemies":"2 Thieves","floor":18.0,"turns":2.0},{"damage":15.0,"enemies":"Book of Stabbing","floor":23.0,"turns":6.0},{"damage":0,"enemies":"3 Byrds","floor":28,"turns":1},{"damage":0,"enemies":"Slavers","floor":29,"turns":2},{"damage":2,"enemies":"Snecko","floor":30,"turns":4},{"damage":0,"enemies":"Chosen and Byrds","floor":31,"turns":3},{"damage":40,"enemies":"Champ","floor":33,"turns":13},{"damage":4,"enemies":"Orb Walker","floor":35,"turns":3},{"damage":12,"enemies":"3 Shapes","floor":37,"turns":3},{"damage":12,"enemies":"Sphere and 2 Shapes","floor":39,"turns":4},{"damage":42,"enemies":"Giant Head","floor":42,"turns":10},{"damage":27,"enemies":"2 Orb Walkers","floor":44,"turns":5},{"damage":0,"enemies":"3 Darklings","floor":47,"turns":3},{"damage":2,"enemies":"Maw","floor":48,"turns":7},{"damage":20,"enemies":"Time Eater","floor":50,"turns":9}],"seed_played":"-4155158369636798576","potions_obtained":[{"floor":12.0,"key":"Strength Potion"},{"floor":13.0,"key":"PowerPotion"},{"floor":14.0,"key":"Dexterity Potion"},{"floor":16.0,"key":"Explosive Potion"},{"floor":23,"key":"AttackPotion"},{"floor":29,"key":"Explosive Potion"},{"floor":30,"key":"AttackPotion"},{"floor":35,"key":"FocusPotion"},{"floor":42,"key":"EssenceOfSteel"},{"floor":47,"key":"Energy Potion"},{"floor":48,"key":"Strength Potion"}],"is_trial":false,"path_per_floor":["M","M","M","$","M","R","?","R","T","?","?","E","?","M","R","B",null,"M","?","$","?","?","E","R","?","T","T","M","E","M","M","R","B",null,"M","?","M","$","M","R","?","E","T","E","R","?","M","M","R","B"],"character_chosen":"DEFECT","items_purchased":["Glacier","Bag of Preparation","Core Surge","Apotheosis"],"campfire_rested":3,"item_purchase_floors":[4,20,20,38],"current_hp_per_floor":[72,65,62,62,31,57,46,46,46,46,46,25,14,5,31,27,74,52,52,52,52,52,49,75,75,75,80,85,89,89,89,89,64,83,89,89,82,82,85,85,85,75,87,75,75,75,80,83,83,63],"gold":175,"neow_bonus":"TWENTY_PERCENT_HP_BONUS","is_prod":false,"is_daily":false,"chose_seed":false,"campfire_upgraded":5,"win_rate":0,"timestamp":1534029457,"path_taken":["M","M","M","$","?","R","?","R","T","?","?","E","?","M","R","BOSS","M","?","$","?","?","E","R","?","T","?","M","E","M","M","R","BOSS","M","?","M","$","?","R","?","E","T","E","R","?","M","M","R","BOSS"],"build_version":"2018-08-09","purchased_purges":3,"victory":true,"max_hp_per_floor":[89,89,89,89,89,89,89,89,89,89,89,89,89,89,89,89,89,89,89,89,89,89,89,89,89,89,89,89,89,89,89,89,89,89,89,89,89,89,89,89,89,89,96,96,96,96,96,96,96,96],"card_choices":[{"not_picked":["Barrage","Turbo","Stack"],"picked":"SKIP","floor":1.0},{"not_picked":["Streamline","Redo"],"picked":"Rip and Tear","floor":2.0},{"not_picked":["Rebound","Turbo"],"picked":"Echo Form","floor":3.0},{"not_picked":["Steam","Hologram"],"picked":"Leap","floor":5.0},{"not_picked":["Steam","Chill"],"picked":"Static Discharge","floor":12.0},{"not_picked":["Turbo","Force Field"],"picked":"Hyperbeam","floor":13.0},{"not_picked":["Hologram","Turbo"],"picked":"Steam Power","floor":14.0},{"not_picked":["Reboot","Fission"],"picked":"Electrodynamics+1","floor":16.0},{"not_picked":["Undo","Leap"],"picked":"Glacier","floor":18.0},{"not_picked":["Tempest","Barrage"],"picked":"Self Repair+1","floor":23},{"not_picked":["Genetic Algorithm","Compile Driver"],"picked":"Conserve Battery+1","floor":28},{"not_picked":["Rebound","Barrage"],"picked":"Fission","floor":29},{"not_picked":["Heatsinks+1","Gash"],"picked":"Conserve Battery","floor":30},{"not_picked":["Steam","Redo+1","Hologram"],"picked":"SKIP","floor":31},{"not_picked":["Machine Learning+1","Multi-Cast"],"picked":"Rainbow","floor":33},{"not_picked":["Gash"],"picked":"SKIP","floor":35},{"not_picked":["Coolheaded"],"picked":"SKIP","floor":37},{"not_picked":["Leap"],"picked":"SKIP","floor":39},{"not_picked":["Amplify"],"picked":"SKIP","floor":42},{"not_picked":["Redo+1"],"picked":"SKIP","floor":44},{"not_picked":[],"picked":"Undo","floor":47},{"not_picked":[],"picked":"Consume+1","floor":48}],"player_experience":739491,"relics_obtained":[{"floor":9.0,"key":"Pen Nib"},{"floor":12.0,"key":"Happy Flower"},{"floor":13.0,"key":"Frozen Egg 2"},{"floor":23,"key":"Potion Belt"},{"floor":26,"key":"Letter Opener"},{"floor":27,"key":"DataDisk"},{"floor":29,"key":"Du-Vu Doll"},{"floor":42,"key":"Tiny Chest"},{"floor":43,"key":"Strawberry"},{"floor":44,"key":"Bottled Tornado"}],"event_choices":[{"event_name":"World of Goop","player_choice":"Gather Gold","floor":7.0,"damage_taken":0.0},{"event_name":"Bonfire Elementals","player_choice":"BASIC","floor":10.0,"damage_taken":0.0},{"event_name":"Golden Idol","player_choice":"Take Wound","floor":11.0,"damage_taken":0.0},{"event_name":"Dead Adventurer","player_choice":"Searched \u00271\u0027 times","floor":13.0,"damage_taken":0.0},{"event_name":"Transmorgrifier","player_choice":"Transform","floor":19.0,"damage_taken":0.0},{"event_name":"The Mausoleum","player_choice":"Yes","floor":21.0,"damage_taken":0.0},{"event_name":"Upgrade Shrine","player_choice":"Upgraded","floor":22.0,"damage_taken":0.0},{"event_name":"Forgotten Altar","player_choice":"Gave Idol","floor":25,"damage_taken":0},{"event_name":"Winding Halls","player_choice":"Writhe","floor":36,"damage_taken":0},{"event_name":"Tomb of Lord Red Mask","player_choice":"Paid","floor":41,"damage_taken":0},{"event_name":"Falling","player_choice":"Removed Power","floor":46,"damage_taken":0}],"is_beta":false,"boss_relics":[{"not_picked":["Nuclear Battery","Snecko Eye"],"picked":"Astrolabe"},{"not_picked":["Coffee Dripper","White Beast Statue"],"picked":"Busted Crown"}],"items_purged_floors":[4,20,38],"is_endless":false,"potions_floor_spawned":[12,13,14,16,23,29,30,35,42,47,48],"ascension_level":13}