{"gold_per_floor":[19,19,30,45,5,5,31,45,123,133,133,133],"floor_reached":12,"playtime":2192,"items_purged":[],"score":152,"play_id":"36283b13-92d9-40f8-8239-f4b8e0f4fe27","local_time":"20190129234802","is_ascension_mode":true,"campfire_choices":[{"data":"Envenom","floor":6.0,"key":"SMITH"}],"neow_cost":"NO_GOLD","seed_source_timestamp":11245702669979,"circlet_count":0,"master_deck":["AscendersBane","Defend_G","Defend_G","Defend_G","Strike_G","Strike_G","Strike_G","Strike_G","Strike_G","Survivor","Neutralize","Envenom+1","Catalyst","Backflip","Crippling Poison","Backflip","Escape Plan","Cloak And Dagger","Backflip","Terror"],"special_seed":0,"relics":["Ring of the Snake","Dead Branch","Blue Candle"],"potions_floor_usage":[7,10,10,12],"damage_taken":[{"damage":1.0,"enemies":"Cultist","floor":1.0,"turns":4.0},{"damage":2.0,"enemies":"Jaw Worm","floor":3.0,"turns":6.0},{"damage":4.0,"enemies":"Small Slimes","floor":4.0,"turns":6.0},{"damage":6.0,"enemies":"Looter","floor":5.0,"turns":4.0},{"damage":36,"enemies":"Gremlin Nob","floor":7,"turns":6},{"damage":2,"enemies":"3 Louse","floor":8,"turns":5},{"damage":9,"enemies":"Blue Slaver","floor":10,"turns":5},{"damage":8,"enemies":"Gremlin Gang","floor":12,"turns":3}],"seed_played":"9066697021350391114","potions_obtained":[{"floor":4.0,"key":"Ancient Potion"},{"floor":7,"key":"Regen Potion"},{"floor":8,"key":"Weak Potion"},{"floor":10,"key":"Poison Potion"}],"is_trial":false,"path_per_floor":["M","?","M","M","M","R","E","M","T","M","?","M"],"character_chosen":"THE_SILENT","items_purchased":[],"campfire_rested":0,"item_purchase_floors":[],"current_hp_per_floor":[58,51,49,45,39,39,3,1,1,6,6,0],"gold":133,"neow_bonus":"THREE_RARE_CARDS","is_prod":false,"is_daily":false,"chose_seed":false,"campfire_upgraded":1,"win_rate":0,"timestamp":1548834482,"path_taken":["M","?","M","M","M","R","E","M","T","M","?","M"],"build_version":"2019-01-23","purchased_purges":0,"victory":false,"max_hp_per_floor":[66,66,66,66,66,66,66,66,66,66,66,66],"card_choices":[{"not_picked":["Doppelganger","Bullet Time"],"picked":"Envenom","floor":0.0},{"not_picked":["Sucker Punch","Backstab"],"picked":"Catalyst","floor":1.0},{"not_picked":["Endless Agony","Predator"],"picked":"Backflip","floor":3.0},{"not_picked":["Catalyst","Skewer"],"picked":"Crippling Poison","floor":4.0},{"not_picked":["Flying Knee","Poisoned Stab"],"picked":"Backflip","floor":5.0},{"not_picked":["Deadly Poison","Blade Dance"],"picked":"Escape Plan","floor":7},{"not_picked":["Dagger Throw","Deflect"],"picked":"Cloak And Dagger","floor":8},{"not_picked":["Underhanded Strike","Dodge and Roll"],"picked":"Backflip","floor":10}],"player_experience":1177462,"relics_obtained":[{"floor":7,"key":"Dead Branch"},{"floor":9,"key":"Blue Candle"}],"event_choices":[{"cards_removed":["Defend_G"],"damage_healed":0.0,"max_hp_gain":0.0,"max_hp_loss":0.0,"gold_gain":0.0,"event_name":"Golden Wing","player_choice":"Card Removal","floor":2.0,"gold_loss":0.0,"damage_taken":7.0},{"damage_healed":0,"gold_gain":0,"cards_transformed":["Defend_G"],"player_choice":"Transformed","damage_taken":0,"max_hp_gain":0,"max_hp_loss":0,"event_name":"Transmorgrifier","floor":11,"gold_loss":0,"cards_obtained":["Terror"]}],"is_beta":false,"boss_relics":[],"items_purged_floors":[],"is_endless":false,"potions_floor_spawned":[4,7,8,10],"killed_by":"Gremlin Gang","ascension_level":18}