{"gold_per_floor":[112,127,146,164,184,219,219,246,298,311,311,328,428,443,443,538,538,553,124,138,138,45,45,71,71,150,183,203,203],"floor_reached":29,"playtime":2039,"items_purged":["Strike_R"],"score":291,"play_id":"6bfa3847-aa51-4c93-b23b-c9f8b4e451e6","local_time":"20181006211517","is_ascension_mode":true,"campfire_choices":[{"floor":7,"key":"REST"},{"floor":11,"key":"REST"},{"floor":15,"key":"REST"},{"data":"Armaments","floor":23,"key":"SMITH"},{"floor":25,"key":"REST"}],"neow_cost":"NONE","seed_source_timestamp":1994270482053058,"circlet_count":0,"master_deck":["Strike_R","Strike_R","Strike_R","Strike_R","Defend_R","Defend_R","Defend_R","Defend_R","Bash","Armaments+1","Clothesline","True Grit","Inflame","Exhume","Shrug It Off","Shrug It Off","Uppercut","Clothesline","Spot Weakness","Demon Form","Whirlwind","Demon Form","Flame Barrier","Metallicize","Iron Wave","Iron Wave+1","Flame Barrier"],"relics":["Burning Blood","NeowsBlessing","Lantern","PreservedInsect","Bronze Scales","Runic Pyramid","DollysMirror","Vajra","Darkstone Periapt","Happy Flower","Molten Egg 2","Boot"],"potions_floor_usage":[6,6,8,8,24,24],"damage_taken":[{"damage":0,"enemies":"Cultist","floor":1,"turns":1},{"damage":0,"enemies":"2 Louse","floor":2,"turns":1},{"damage":0,"enemies":"Small Slimes","floor":3,"turns":1},{"damage":15,"enemies":"3 Louse","floor":4,"turns":4},{"damage":5,"enemies":"Looter","floor":5,"turns":4},{"damage":35,"enemies":"Gremlin Nob","floor":6,"turns":5},{"damage":43,"enemies":"3 Sentries","floor":8,"turns":12},{"damage":36,"enemies":"Exordium Thugs","floor":10,"turns":8},{"damage":0,"enemies":"Large Slime","floor":12,"turns":6},{"damage":4,"enemies":"Red Slaver","floor":14,"turns":3},{"damage":45,"enemies":"Hexaghost","floor":16,"turns":10},{"damage":22,"enemies":"Spheric Guardian","floor":18,"turns":4},{"damage":25,"enemies":"2 Thieves","floor":20,"turns":3},{"damage":35,"enemies":"Slavers","floor":24,"turns":6},{"damage":34,"enemies":"Gremlin Leader","floor":27,"turns":6},{"damage":6,"enemies":"Cultist and Chosen","floor":28,"turns":8},{"damage":22,"enemies":"Slavers","floor":29,"turns":2}],"seed_played":"5788039286298461054","potions_obtained":[{"floor":2,"key":"GamblersBrew"},{"floor":4,"key":"SkillPotion"},{"floor":5,"key":"FearPotion"},{"floor":6,"key":"Regen Potion"},{"floor":16,"key":"BloodPotion"},{"floor":18,"key":"Dexterity Potion"}],"is_trial":false,"path_per_floor":["M","M","M","M","M","E","R","E","T","M","R","M","?","M","R","B",null,"M","$","M","?","$","R","E","R","T","E","M"],"character_chosen":"IRONCLAD","items_purchased":["DollysMirror","Vajra","Metallicize","Iron Wave"],"campfire_rested":4,"item_purchase_floors":[19,19,22,22],"current_hp_per_floor":[80,80,80,71,72,43,67,45,45,15,39,45,45,47,71,32,80,64,64,45,45,45,45,24,48,48,20,20,0],"gold":203,"neow_bonus":"THREE_ENEMY_KILL","is_prod":false,"is_daily":false,"chose_seed":false,"campfire_upgraded":1,"win_rate":0,"timestamp":1538853317,"path_taken":["M","?","M","M","M","E","R","E","T","M","R","M","?","M","R","BOSS","M","$","M","?","$","R","E","R","T","E","M","E"],"build_version":"2018-10-04v2","purchased_purges":1,"victory":false,"max_hp_per_floor":[80,80,80,80,80,80,80,80,80,80,80,80,80,80,80,80,80,80,80,80,80,80,80,80,80,80,80,80,80],"card_choices":[{"not_picked":["Body Slam","Perfected Strike"],"picked":"Armaments","floor":1},{"not_picked":["Sentinel","Armaments"],"picked":"Clothesline","floor":2},{"not_picked":["Intimidate","Sword Boomerang"],"picked":"True Grit","floor":3},{"not_picked":["Sentinel","Anger"],"picked":"Inflame","floor":4},{"not_picked":["Pummel","Heavy Blade"],"picked":"Exhume","floor":5},{"not_picked":["Cleave","Clash"],"picked":"Shrug It Off","floor":6},{"not_picked":["Wild Strike","Clash"],"picked":"Shrug It Off","floor":8},{"not_picked":["Clothesline","Armaments"],"picked":"Uppercut","floor":10},{"not_picked":["Infernal Blade","Twin Strike"],"picked":"Clothesline","floor":12},{"not_picked":["Armaments","Uppercut"],"picked":"Spot Weakness","floor":14},{"not_picked":["Fiend Fire","Dark Embrace"],"picked":"Demon Form","floor":16},{"not_picked":["Armaments","Entrench"],"picked":"Whirlwind","floor":18},{"not_picked":["Havoc","Thunderclap"],"picked":"Flame Barrier","floor":20},{"not_picked":["Sword Boomerang","Searing Blow"],"picked":"Iron Wave+1","floor":24},{"not_picked":["Juggernaut","Headbutt+1"],"picked":"Flame Barrier","floor":27},{"not_picked":["Headbutt+1","Feel No Pain","Twin Strike+1"],"picked":"SKIP","floor":28}],"player_experience":117826,"relics_obtained":[{"floor":6,"key":"Lantern"},{"floor":8,"key":"PreservedInsect"},{"floor":9,"key":"Bronze Scales"},{"floor":24,"key":"Happy Flower"},{"floor":26,"key":"Molten Egg 2"},{"floor":27,"key":"Boot"}],"event_choices":[{"event_name":"Golden Shrine","player_choice":"Pray","floor":13,"damage_taken":0},{"event_name":"The Mausoleum","player_choice":"Yes","floor":21,"damage_taken":0}],"is_beta":false,"boss_relics":[{"not_picked":["Black Star","Eternal Feather"],"picked":"Runic Pyramid"}],"items_purged_floors":[19],"is_endless":false,"potions_floor_spawned":[2,4,5,6,16,18],"killed_by":"Slavers","ascension_level":1}