{"gold_per_floor":[119,130,130,130,130,164,183,183,183,183,333,182,197,214,214,291,291,308,156,156,156,175,175,100,100,146,178,178],"floor_reached":28,"playtime":587,"items_purged":["Pain","Doubt"],"score":492,"play_id":"dc415d8d-48c1-4c90-bd97-95e2c8cc6fe4","local_time":"20190210034750","is_ascension_mode":true,"campfire_choices":[{"data":"1","floor":8.0,"key":"LIFT"},{"data":"2","floor":10.0,"key":"LIFT"},{"floor":15.0,"key":"REST"},{"data":"3","floor":23,"key":"LIFT"},{"data":"Zap","floor":25,"key":"SMITH"}],"neow_cost":"NONE","seed_source_timestamp":43357893403293,"circlet_count":0,"master_deck":["AscendersBane","Strike_B","Strike_B","Strike_B+1","Defend_B","Defend_B","Defend_B","Defend_B","Zap+1","Dualcast","Leap+1","Ball Lightning","Defragment","Self Repair","Core Surge","Static Discharge","Coolheaded","Defragment","Cold Snap"],"special_seed":0,"relics":["Cracked Core","NeowsBlessing","WarpedTongs","Girya","Sundial","Velvet Choker","MutagenicStrength","Dream Catcher","Oddly Smooth Stone"],"potions_floor_usage":[],"damage_taken":[{"damage":0.0,"enemies":"Cultist","floor":1.0,"turns":1.0},{"damage":0.0,"enemies":"2 Louse","floor":2.0,"turns":1.0},{"damage":0.0,"enemies":"Gremlin Nob","floor":6.0,"turns":1.0},{"damage":11.0,"enemies":"Jaw Worm","floor":7.0,"turns":2.0},{"damage":6.0,"enemies":"Looter","floor":13.0,"turns":2.0},{"damage":17.0,"enemies":"Lots of Slimes","floor":14.0,"turns":4.0},{"damage":8.0,"enemies":"Slime Boss","floor":16.0,"turns":8.0},{"damage":23.0,"enemies":"Shell Parasite","floor":18.0,"turns":4.0},{"damage":0,"enemies":"Spheric Guardian","floor":22,"turns":3},{"damage":42,"enemies":"Gremlin Leader","floor":27,"turns":4},{"damage":15,"enemies":"Centurion and Healer","floor":28,"turns":1}],"seed_played":"-603773005180457415","potions_obtained":[{"floor":6.0,"key":"AttackPotion"},{"floor":13.0,"key":"Block Potion"}],"is_trial":false,"path_per_floor":["M","M","?","?","?","E","M","R","T","R","?","$","M","M","R","B",null,"M","$","?","?","M","R","?","R","T","E","M"],"character_chosen":"DEFECT","items_purchased":["Defragment","Coolheaded"],"campfire_rested":1,"item_purchase_floors":[12,19],"current_hp_per_floor":[64,64,43,48,48,48,37,37,37,37,37,37,31,14,36,38,67,44,44,44,44,44,44,44,44,44,9,0],"gold":178,"neow_bonus":"THREE_ENEMY_KILL","is_prod":false,"is_daily":false,"chose_seed":false,"campfire_upgraded":1,"win_rate":0,"timestamp":1549799270,"path_taken":["M","?","?","?","?","E","?","R","T","R","?","$","M","M","R","BOSS","M","$","?","?","?","R","?","R","T","E","M"],"build_version":"2019-01-23","purchased_purges":2,"victory":false,"max_hp_per_floor":[71,71,71,76,76,76,76,76,76,76,76,76,76,76,76,76,76,76,76,76,76,76,76,76,76,76,76,76],"card_choices":[{"not_picked":["Aggregate","Recycle"],"picked":"Leap","floor":1.0},{"not_picked":["Redo","Rip and Tear","Fusion"],"picked":"SKIP","floor":2.0},{"not_picked":["Reprogram","Compile Driver"],"picked":"Ball Lightning","floor":6.0},{"not_picked":["Turbo","Redo","Stack"],"picked":"SKIP","floor":7.0},{"not_picked":["Double Energy","Steam"],"picked":"Self Repair","floor":13.0},{"not_picked":["Rebound","Static Discharge","Stack"],"picked":"SKIP","floor":14.0},{"not_picked":["Thunder Strike","All For One"],"picked":"Core Surge","floor":16.0},{"not_picked":["Hologram","Sweeping Beam"],"picked":"Static Discharge","floor":18.0},{"not_picked":["Turbo","Redo","Heatsinks"],"picked":"SKIP","floor":22},{"not_picked":["Double Energy","Scrape","Skim"],"picked":"SKIP","floor":27}],"player_experience":1215138,"relics_obtained":[{"floor":6.0,"key":"Girya"},{"floor":9.0,"key":"Sundial"},{"floor":26,"key":"Dream Catcher"},{"floor":27,"key":"Oddly Smooth Stone"}],"event_choices":[{"damage_healed":0.0,"max_hp_gain":0.0,"max_hp_loss":0.0,"gold_gain":0.0,"event_name":"Shining Light","player_choice":"Entered Light","floor":3.0,"gold_loss":0.0,"damage_taken":21.0,"cards_upgraded":["Strike_B","Leap"]},{"damage_healed":0.0,"max_hp_gain":5.0,"max_hp_loss":0.0,"gold_gain":0.0,"event_name":"Big Fish","player_choice":"Donut","floor":4.0,"gold_loss":0.0,"damage_taken":0.0},{"damage_healed":0.0,"max_hp_gain":0.0,"max_hp_loss":0.0,"gold_gain":0.0,"event_name":"Accursed Blacksmith","player_choice":"Rummage","floor":5.0,"gold_loss":0.0,"damage_taken":0.0,"relics_obtained":["WarpedTongs"],"cards_obtained":["Pain"]},{"damage_healed":0.0,"max_hp_gain":0.0,"max_hp_loss":0.0,"gold_gain":150.0,"event_name":"Liars Game","player_choice":"AGREE","floor":11.0,"gold_loss":0.0,"damage_taken":0.0,"cards_obtained":["Doubt"]},{"damage_healed":0.0,"max_hp_gain":0.0,"max_hp_loss":0.0,"gold_gain":0.0,"event_name":"Drug Dealer","player_choice":"Inject Mutagens","floor":20.0,"gold_loss":0.0,"damage_taken":0.0,"relics_obtained":["MutagenicStrength"]},{"damage_healed":0,"gold_gain":0,"player_choice":"2 cards matched","damage_taken":0,"max_hp_gain":0,"max_hp_loss":0,"event_name":"Match and Keep!","floor":21,"gold_loss":0,"cards_obtained":["Defragment","Cold Snap"]},{"cards_removed":["Strike_B"],"damage_healed":0,"gold_gain":0,"player_choice":"Gave Gold","damage_taken":0,"max_hp_gain":0,"max_hp_loss":0,"event_name":"Beggar","floor":24,"gold_loss":75}],"is_beta":false,"boss_relics":[{"not_picked":["Snecko Eye","Runic Pyramid"],"picked":"Velvet Choker"}],"items_purged_floors":[12,19],"is_endless":false,"potions_floor_spawned":[6,13,14],"killed_by":"Centurion and Healer","ascension_level":18}