{"gold_per_floor":[112,129,129,129,129,129,158,158,184,219,66,96,96,96,96,220,220,233,247,247,247,3,3,28,28,28,43,68,68,84,98,98,98],"floor_reached":33,"playtime":2090,"items_purged":[],"score":276,"play_id":"d1ce3ed1-bb60-41ee-9640-70a37a72261f","local_time":"20180712004508","is_ascension_mode":true,"campfire_choices":[{"data":"Streamline","floor":6,"key":"SMITH"},{"data":"Zap","floor":8,"key":"SMITH"},{"floor":15,"key":"REST"},{"data":"Fusion","floor":23,"key":"SMITH"},{"data":"Streamline","floor":25,"key":"SMITH"},{"floor":29,"key":"REST"},{"floor":32,"key":"REST"}],"neow_cost":"CURSE","seed_source_timestamp":19651949228854,"circlet_count":0,"master_deck":["Strike_B","Defend_B","Defend_B","Defend_B","Defend_B","Zap+1","Dualcast","Gash","Heatsinks","Streamline+1","Conserve Battery+1","Leap","Fusion+1","Streamline+1","Injury","Machine Learning","Rebound","Redo","Compile Driver+1","Go for the Eyes+1","Gash+1","Ball Lightning+1"],"relics":["Cracked Core","Incense Burner","Bag of Marbles","Boot","Art of War","Blood Vial","Golden Idol","Shuriken","Busted Crown","Matryoshka","Mummified Hand","Molten Egg 2"],"potions_floor_usage":[10,16,28,30,33],"damage_taken":[{"damage":7,"enemies":"Cultist","floor":1,"turns":4},{"damage":2,"enemies":"Small Slimes","floor":2,"turns":2},{"damage":17,"enemies":"3 Sentries","floor":7,"turns":7},{"damage":9,"enemies":"Gremlin Nob","floor":10,"turns":4},{"damage":19,"enemies":"3 Sentries","floor":12,"turns":8},{"damage":30,"enemies":"Slime Boss","floor":16,"turns":9},{"damage":2,"enemies":"3 Byrds","floor":18,"turns":6},{"damage":21,"enemies":"2 Thieves","floor":19,"turns":4},{"damage":23,"enemies":"Cultist and Chosen","floor":24,"turns":7},{"damage":19,"enemies":"Centurion and Healer","floor":27,"turns":6},{"damage":15,"enemies":"3 Cultists","floor":28,"turns":5},{"damage":16,"enemies":"Snecko","floor":30,"turns":4},{"damage":7,"enemies":"Chosen and Byrds","floor":31,"turns":6},{"damage":67,"enemies":"Collector","floor":33,"turns":6}],"seed_played":"-7271170467002644598","potions_obtained":[{"floor":7,"key":"FearPotion"},{"floor":12,"key":"GamblersBrew"},{"floor":16,"key":"Ancient Potion"},{"floor":18,"key":"Energy Potion"},{"floor":24,"key":"Swift Potion"},{"floor":28,"key":"Regen Potion"}],"is_trial":false,"path_per_floor":["M","M","?","?","?","R","E","R","T","E","$","E","?","?","R","B",null,"M","M","?","?","$","R","M","R","T","M","M","R","M","M","R"],"character_chosen":"DEFECT","items_purchased":["Art of War","Matryoshka"],"campfire_rested":3,"item_purchase_floors":[11,22],"current_hp_per_floor":[68,66,66,66,66,66,49,49,49,40,40,21,21,14,36,8,75,73,54,54,54,54,54,33,33,33,16,3,25,23,18,40,0],"gold":98,"neow_bonus":"TRANSFORM_TWO_CARDS","is_prod":false,"is_daily":false,"chose_seed":false,"campfire_upgraded":4,"win_rate":0.0,"timestamp":1531381508,"path_taken":["M","M","?","?","?","R","E","R","T","E","$","E","?","?","R","BOSS","M","M","?","?","$","R","?","R","T","M","M","R","M","M","R","BOSS"],"build_version":"2018-07-05","purchased_purges":0,"victory":false,"max_hp_per_floor":[75,75,75,75,75,75,75,75,75,75,75,75,75,75,75,75,75,75,75,75,75,75,75,75,75,75,75,75,75,75,75,75,75],"card_choices":[{"not_picked":["Steam Power","Undo"],"picked":"Streamline","floor":1},{"not_picked":["Coolheaded","Doom and Gloom"],"picked":"Conserve Battery","floor":2},{"not_picked":["Skim","Aggregate"],"picked":"Leap","floor":7},{"not_picked":["Stack","Hologram"],"picked":"Fusion","floor":10},{"not_picked":["Force Field","Fusion"],"picked":"Streamline","floor":12},{"not_picked":["Reboot","Thunder Strike"],"picked":"Machine Learning","floor":16},{"not_picked":[],"picked":"Rebound","floor":18},{"not_picked":["Steam"],"picked":"SKIP","floor":19},{"not_picked":[],"picked":"Compile Driver+1","floor":24},{"not_picked":[],"picked":"Go for the Eyes+1","floor":27},{"not_picked":[],"picked":"Gash+1","floor":28},{"not_picked":[],"picked":"Ball Lightning+1","floor":30},{"not_picked":["Coolheaded"],"picked":"SKIP","floor":31}],"player_experience":577427,"relics_obtained":[{"floor":9,"key":"Bag of Marbles"},{"floor":10,"key":"Boot"},{"floor":12,"key":"Blood Vial"},{"floor":26,"key":"Mummified Hand"},{"floor":26,"key":"Molten Egg 2"}],"event_choices":[{"event_name":"Accursed Blacksmith","player_choice":"Rummage","floor":3,"damage_taken":0},{"event_name":"Upgrade Shrine","player_choice":"Upgraded","floor":4,"damage_taken":0},{"event_name":"Living Wall","player_choice":"Forget","floor":5,"damage_taken":0},{"event_name":"Golden Idol","player_choice":"Take Wound","floor":13,"damage_taken":0},{"event_name":"Scrap Ooze","player_choice":"success","floor":14,"damage_taken":7},{"event_name":"Ghosts","player_choice":"Ignored","floor":20,"damage_taken":0},{"event_name":"Transmorgrifier","player_choice":"Transform","floor":21,"damage_taken":0}],"boss_relics":[{"not_picked":["Sozu","White Beast Statue"],"picked":"Busted Crown"}],"items_purged_floors":[],"is_endless":false,"potions_floor_spawned":[7,12,16,18,24,28],"killed_by":"Collector","ascension_level":1}