{"gold_per_floor":[112,112,187,200,113,113,170,170,196,31,44,64,64,64,64,141,141,154,154,154,154,154,154],"floor_reached":23,"playtime":729,"items_purged":[],"score":350,"play_id":"bdcaf057-f429-495c-bfe1-a2d8cc8d27e9","local_time":"20190427131710","is_ascension_mode":true,"campfire_choices":[{"floor":6,"key":"REST"},{"floor":8,"key":"REST"},{"floor":15,"key":"REST"}],"neow_cost":"NONE","seed_source_timestamp":1366930174504888,"circlet_count":0,"master_deck":["AscendersBane","Zap","Dualcast","Loop","Ball Lightning","White Noise","Stack","Hello World","Fission+1","Parasite","Biased Cognition","Electrodynamics","Melter","Loop","Streamline","Reinforced Body","Barrage","Machine Learning","Sweeping Beam","Leap","Fission+1"],"relics":["Cracked Core","DataDisk","Symbiotic Virus","War Paint","Juzu Bracelet","Pandora\u0027s Box"],"potions_floor_usage":[7,7,23],"damage_taken":[{"damage":0,"enemies":"2 Louse","floor":1,"turns":2},{"damage":4,"enemies":"Small Slimes","floor":4,"turns":3},{"damage":14,"enemies":"Gremlin Nob","floor":7,"turns":3},{"damage":10,"enemies":"Jaw Worm","floor":11,"turns":4},{"damage":18,"enemies":"Large Slime","floor":12,"turns":3},{"damage":38,"enemies":"Hexaghost","floor":16,"turns":8},{"damage":22,"enemies":"2 Thieves","floor":18,"turns":2},{"damage":26,"enemies":"Book of Stabbing","floor":23,"turns":3}],"seed_played":"-1412160005025357786","potions_obtained":[{"floor":0,"key":"SkillPotion"},{"floor":0,"key":"EssenceOfSteel"},{"floor":1,"key":"FocusPotion"},{"floor":11,"key":"Energy Potion"},{"floor":18,"key":"Fire Potion"}],"is_trial":false,"path_per_floor":["M","?","?","M","$","R","?","R","T","$","M","M","?","?","R","B",null,"M","?","$","?","$","E"],"character_chosen":"DEFECT","items_purchased":["White Noise","Juzu Bracelet"],"campfire_rested":3,"item_purchase_floors":[5,10],"current_hp_per_floor":[64,53,42,38,38,59,45,66,66,66,56,38,55,55,71,33,62,40,40,40,40,40,14],"gold":154,"neow_bonus":"THREE_SMALL_POTIONS","is_prod":false,"is_daily":false,"chose_seed":false,"campfire_upgraded":0,"win_rate":0,"timestamp":1556360230,"path_taken":["M","?","?","M","$","R","?","R","T","$","M","M","?","?","R","BOSS","M","?","?","?","$","E"],"build_version":"2019-01-23","purchased_purges":0,"victory":false,"max_hp_per_floor":[71,71,71,71,71,71,71,71,71,71,71,71,71,71,71,71,71,71,71,71,71,71,71],"card_choices":[{"not_picked":["Aggregate","Sweeping Beam"],"picked":"Loop","floor":1},{"not_picked":["Hologram","Sweeping Beam"],"picked":"Ball Lightning","floor":4},{"not_picked":["Leap","Coolheaded"],"picked":"Stack","floor":7},{"not_picked":["Cold Snap","Sweeping Beam"],"picked":"Hello World","floor":11},{"not_picked":["Stack","Rip and Tear"],"picked":"Fission","floor":12},{"not_picked":["Core Surge","Amplify"],"picked":"Biased Cognition","floor":16},{"not_picked":["Coolheaded","Undo"],"picked":"Leap","floor":18}],"player_experience":1254651,"relics_obtained":[{"floor":7,"key":"Symbiotic Virus"},{"floor":9,"key":"War Paint"}],"event_choices":[{"damage_healed":0,"gold_gain":0,"player_choice":"Success","damage_taken":11,"relics_obtained":["DataDisk"],"max_hp_gain":0,"max_hp_loss":0,"event_name":"Scrap Ooze","floor":2,"gold_loss":0},{"damage_healed":0,"gold_gain":75,"player_choice":"Gather Gold","damage_taken":11,"max_hp_gain":0,"max_hp_loss":0,"event_name":"World of Goop","floor":3,"gold_loss":0},{"damage_healed":0,"gold_gain":0,"player_choice":"Searched \u00271\u0027 times","damage_taken":0,"max_hp_gain":0,"max_hp_loss":0,"event_name":"Dead Adventurer","floor":7,"gold_loss":0},{"damage_healed":17,"gold_gain":0,"player_choice":"Healed and dodged fight","damage_taken":0,"max_hp_gain":0,"max_hp_loss":0,"event_name":"Mushrooms","floor":13,"gold_loss":0,"cards_obtained":["Parasite"]},{"damage_healed":0,"gold_gain":0,"player_choice":"Grow","damage_taken":0,"max_hp_gain":0,"max_hp_loss":0,"event_name":"Living Wall","floor":14,"gold_loss":0,"cards_upgraded":["Fission"]},{"damage_healed":0,"gold_gain":0,"player_choice":"Copied","damage_taken":0,"max_hp_gain":0,"max_hp_loss":0,"event_name":"Duplicator","floor":19,"gold_loss":0,"cards_obtained":["Fission"]},{"damage_healed":0,"gold_gain":0,"player_choice":"Ignored","damage_taken":0,"max_hp_gain":0,"max_hp_loss":0,"event_name":"Beggar","floor":21,"gold_loss":0}],"is_beta":false,"boss_relics":[{"not_picked":["Runic Dome","Snecko Eye"],"picked":"Pandora\u0027s Box"}],"items_purged_floors":[],"is_endless":false,"potions_floor_spawned":[1,11,18],"killed_by":"Book of Stabbing","ascension_level":20}