{"gold_per_floor":[366,366,384,384,403,433,433,463,542,542,567,567,158,170,170,247,247,247,91,91,91],"floor_reached":21,"playtime":1402,"items_purged":["Strike_R","Strike_R"],"score":394,"play_id":"b984a79d-6df6-49fc-82b2-15c454c338cc","local_time":"20190416211813","is_ascension_mode":true,"campfire_choices":[{"floor":7,"key":"REST"},{"data":"Bash","floor":12,"key":"SMITH"},{"data":"True Grit","floor":15,"key":"SMITH"}],"neow_cost":"CURSE","seed_source_timestamp":15832475354975,"circlet_count":0,"master_deck":["AscendersBane","Strike_R","Strike_R","Defend_R","Defend_R+1","Defend_R+1","Defend_R","Bash+1","Hemokinesis","Headbutt","Sword Boomerang","Anger","Feel No Pain","Metallicize","Panache","True Grit+1","Immolate","Shrug It Off","Warcry"],"relics":["Burning Blood","Ginger","Oddly Smooth Stone","Mummified Hand","War Paint","Ectoplasm"],"potions_floor_usage":[8,16],"damage_taken":[{"damage":7,"enemies":"2 Louse","floor":1,"turns":4},{"damage":17,"enemies":"Small Slimes","floor":3,"turns":5},{"damage":4,"enemies":"Cultist","floor":5,"turns":3},{"damage":35,"enemies":"Gremlin Nob","floor":6,"turns":4},{"damage":34,"enemies":"3 Sentries","floor":8,"turns":8},{"damage":43,"enemies":"Lagavulin","floor":11,"turns":6},{"damage":0,"enemies":"Exordium Wildlife","floor":14,"turns":4},{"damage":44,"enemies":"The Guardian","floor":16,"turns":14},{"damage":21,"enemies":"Shell Parasite","floor":18,"turns":5},{"damage":18,"enemies":"3 Byrds","floor":20,"turns":6},{"damage":42,"enemies":"Shelled Parasite and Fungi","floor":21,"turns":4}],"seed_played":"-8664039103188453353","potions_obtained":[{"floor":3,"key":"GamblersBrew"},{"floor":6,"key":"SpeedPotion"},{"floor":16,"key":"LiquidBronze"}],"is_trial":false,"path_per_floor":["M","?","M","?","M","E","R","E","T","?","E","R","$","M","R","B",null,"M","$","M","M"],"character_chosen":"IRONCLAD","items_purchased":["Metallicize","Panache","Block Potion","Warcry"],"campfire_rested":1,"item_purchase_floors":[13,13,13,19],"current_hp_per_floor":[67,67,56,49,51,22,44,16,16,85,48,48,48,54,54,16,68,53,53,41,0],"gold":91,"neow_bonus":"TWO_FIFTY_GOLD","is_prod":false,"is_daily":false,"chose_seed":false,"campfire_upgraded":2,"win_rate":0,"timestamp":1555467493,"path_taken":["M","?","M","?","M","E","R","E","T","?","E","R","$","M","R","BOSS","M","$","M","M"],"build_version":"2019-01-23","purchased_purges":2,"victory":false,"max_hp_per_floor":[75,75,75,75,75,75,75,75,75,85,85,85,85,85,85,85,85,85,85,85,85],"card_choices":[{"not_picked":["Shrug It Off","Iron Wave"],"picked":"Hemokinesis","floor":1},{"not_picked":["Sword Boomerang","Body Slam"],"picked":"Headbutt","floor":3},{"not_picked":["Twin Strike","Sever Soul"],"picked":"Sword Boomerang","floor":5},{"not_picked":["Havoc","Wild Strike"],"picked":"Anger","floor":6},{"not_picked":["Bloodletting","Blood for Blood"],"picked":"Reaper","floor":8},{"not_picked":["Twin Strike","Pommel Strike"],"picked":"Feel No Pain","floor":11},{"not_picked":["Cleave","Shockwave"],"picked":"True Grit","floor":14},{"not_picked":["Dark Embrace","Demon Form"],"picked":"Immolate","floor":16},{"not_picked":["Clash","Clothesline+1"],"picked":"Shrug It Off","floor":18},{"not_picked":["Carnage","True Grit+1","Sentinel"],"picked":"SKIP","floor":20}],"player_experience":760776,"relics_obtained":[{"floor":6,"key":"Ginger"},{"floor":8,"key":"Oddly Smooth Stone"},{"floor":9,"key":"Mummified Hand"},{"floor":11,"key":"War Paint"}],"event_choices":[{"cards_removed":["Regret"],"damage_healed":0,"gold_gain":0,"player_choice":"Forget","damage_taken":0,"max_hp_gain":0,"max_hp_loss":0,"event_name":"Living Wall","floor":2,"gold_loss":0},{"cards_removed":["Strike_R"],"damage_healed":0,"gold_gain":0,"player_choice":"Card Removal","damage_taken":7,"max_hp_gain":0,"max_hp_loss":0,"event_name":"Golden Wing","floor":4,"gold_loss":0},{"cards_removed":["Reaper"],"damage_healed":59,"gold_gain":0,"player_choice":"Offered Rare","damage_taken":0,"max_hp_gain":10,"max_hp_loss":0,"event_name":"Bonfire Elementals","floor":10,"gold_loss":0}],"is_beta":false,"boss_relics":[{"not_picked":["Runic Cube","Runic Pyramid"],"picked":"Ectoplasm"}],"items_purged_floors":[13,19],"is_endless":false,"potions_floor_spawned":[3,6,16,20],"killed_by":"Shelled Parasite and Fungi","ascension_level":20}