{"gold_per_floor":[115,115,135,146,159,159,171,171,171,223,223,68,102,112,112,213,213,232,232,232,83,98,124,124,143,196,296,311,329,361,8,8,8],"floor_reached":33,"playtime":2148,"items_purged":[],"score":369,"play_id":"800fc45c-c9db-4196-90df-cfb56275590f","local_time":"20190117112329","is_ascension_mode":true,"campfire_choices":[{"data":"Double Tap","floor":6.0,"key":"SMITH"},{"data":"Bash","floor":8.0,"key":"SMITH"},{"data":"Bloodletting","floor":11.0,"key":"SMITH"},{"data":"Limit Break","floor":15.0,"key":"SMITH"},{"data":"Demon Form","floor":24.0,"key":"SMITH"},{"data":"True Grit","floor":32.0,"key":"SMITH"}],"neow_cost":"PERCENT_DAMAGE","seed_source_timestamp":0,"circlet_count":0,"master_deck":["Defend_R","Defend_R","Defend_R","Defend_R","Bash+1","Double Tap+1","Disarm","Regret","True Grit","Cleave","Clothesline+1","Bloodletting+1","Anger","Flex","Armaments","Limit Break+1","Wild Strike","Demon Form+1","Pommel Strike","Bite","Bite","Bite","Bite","Bite","Shrug It Off","Pommel Strike","Reckless Charge","True Grit+1","Shrug It Off"],"special_seed":0,"relics":["Burning Blood","Bird Faced Urn","Shuriken","Self Forming Clay","Sozu","Boot","Unceasing Top","Centennial Puzzle","Darkstone Periapt","Orichalcum","Bronze Scales"],"potions_floor_usage":[],"damage_taken":[{"damage":1.0,"enemies":"2 Louse","floor":1.0,"turns":2.0},{"damage":3.0,"enemies":"Small Slimes","floor":3.0,"turns":3.0},{"damage":6.0,"enemies":"Jaw Worm","floor":4.0,"turns":6.0},{"damage":38.0,"enemies":"Exordium Thugs","floor":5.0,"turns":6.0},{"damage":17.0,"enemies":"Looter","floor":7.0,"turns":4.0},{"damage":7.0,"enemies":"Lagavulin","floor":13.0,"turns":7.0},{"damage":12.0,"enemies":"Lots of Slimes","floor":14.0,"turns":5.0},{"damage":9.0,"enemies":"Hexaghost","floor":16.0,"turns":9.0},{"damage":41.0,"enemies":"Spheric Guardian","floor":18.0,"turns":6.0},{"damage":7.0,"enemies":"Chosen","floor":22.0,"turns":3.0},{"damage":20.0,"enemies":"Book of Stabbing","floor":23.0,"turns":5.0},{"damage":16.0,"enemies":"Centurion and Healer","floor":25.0,"turns":5.0},{"damage":8.0,"enemies":"Snecko","floor":28.0,"turns":4.0},{"damage":27.0,"enemies":"Sentry and Sphere","floor":29.0,"turns":5.0},{"damage":40.0,"enemies":"Gremlin Leader","floor":30.0,"turns":6.0},{"damage":30,"enemies":"Automaton","floor":33,"turns":4}],"seed_played":"-8118678322436179708","potions_obtained":[{"floor":1.0,"key":"EssenceOfSteel"},{"floor":5.0,"key":"EssenceOfSteel"},{"floor":13.0,"key":"SkillPotion"}],"is_trial":false,"path_per_floor":["M","?","M","M","M","R","M","R","T","?","R","$","E","M","R","B",null,"M","?","?","$","M","E","R","M","T","?","M","M","E","$","R","B"],"character_chosen":"IRONCLAD","items_purchased":["Anger","Flex","Armaments","Boot","Orichalcum","Bronze Scales","Shrug It Off"],"campfire_rested":0,"item_purchase_floors":[12,12,12,21,31,31,31],"current_hp_per_floor":[61,61,64,64,32,32,21,21,21,21,21,21,20,14,14,11,80,45,45,45,45,50,48,48,54,54,54,56,41,21,21,21,0],"gold":8,"neow_bonus":"THREE_RARE_CARDS","is_prod":false,"is_daily":false,"chose_seed":false,"campfire_upgraded":6,"win_rate":0,"timestamp":1547720609,"path_taken":["M","?","M","M","M","R","M","R","T","?","R","$","E","M","R","BOSS","M","?","?","$","?","E","R","M","T","?","?","M","E","?","R","BOSS"],"build_version":"2018-12-20","purchased_purges":0,"victory":false,"max_hp_per_floor":[80,80,80,80,80,80,80,80,80,80,80,80,80,80,80,80,80,80,56,56,56,56,56,56,56,56,56,56,56,56,56,56,56],"card_choices":[{"not_picked":["Immolate","Limit Break"],"picked":"Double Tap","floor":0.0},{"not_picked":["Warcry","Hemokinesis"],"picked":"Disarm","floor":1.0},{"not_picked":["Clash","Feel No Pain"],"picked":"True Grit","floor":3.0},{"not_picked":["Metallicize","Heavy Blade"],"picked":"Cleave","floor":4.0},{"not_picked":["Thunderclap","Cleave"],"picked":"Clothesline","floor":5.0},{"not_picked":["Battle Trance","Twin Strike"],"picked":"Bloodletting","floor":7.0},{"not_picked":["Sword Boomerang","Searing Blow"],"picked":"Limit Break","floor":13.0},{"not_picked":["Perfected Strike","Armaments"],"picked":"Wild Strike","floor":14.0},{"not_picked":["Immolate","Brutality"],"picked":"Demon Form","floor":16.0},{"not_picked":["Reckless Charge","Wild Strike+1"],"picked":"Pommel Strike","floor":18.0},{"not_picked":["Warcry","Flex+1"],"picked":"Shrug It Off","floor":22.0},{"not_picked":["Impervious","Bloodletting"],"picked":"Pommel Strike","floor":23.0},{"not_picked":["Pummel","Cleave"],"picked":"Reckless Charge","floor":25.0},{"not_picked":["Corruption","Clash","Burning Pact"],"picked":"SKIP","floor":28.0},{"not_picked":["Whirlwind+1","Fire Breathing","Hemokinesis"],"picked":"SKIP","floor":29.0},{"not_picked":["Carnage","Iron Wave"],"picked":"True Grit","floor":30.0}],"player_experience":40920,"relics_obtained":[{"floor":9.0,"key":"Shuriken"},{"floor":13.0,"key":"Self Forming Clay"},{"floor":23.0,"key":"Unceasing Top"},{"floor":26.0,"key":"Centennial Puzzle"},{"floor":30.0,"key":"Darkstone Periapt"}],"event_choices":[{"damage_healed":0.0,"max_hp_gain":0.0,"max_hp_loss":0.0,"gold_gain":0.0,"event_name":"Big Fish","player_choice":"Box","floor":2.0,"gold_loss":0.0,"damage_taken":0.0,"relics_obtained":["Bird Faced Urn"],"cards_obtained":["Regret"]},{"damage_healed":0.0,"max_hp_gain":0.0,"max_hp_loss":0.0,"gold_gain":52.0,"event_name":"Golden Wing","player_choice":"Gained Gold","floor":10.0,"gold_loss":0.0,"damage_taken":0.0},{"damage_healed":0.0,"max_hp_gain":0.0,"max_hp_loss":24.0,"gold_gain":0.0,"event_name":"Vampires","player_choice":"Became a vampire","floor":19.0,"gold_loss":0.0,"damage_taken":0.0,"cards_obtained":["Bite","Bite","Bite","Bite","Bite"]},{"damage_healed":0.0,"max_hp_gain":0.0,"max_hp_loss":0.0,"gold_gain":0.0,"event_name":"Accursed Blacksmith","player_choice":"Forge","floor":20.0,"gold_loss":0.0,"damage_taken":0.0,"cards_upgraded":["Clothesline"]},{"damage_healed":0.0,"max_hp_gain":0.0,"max_hp_loss":0.0,"gold_gain":100.0,"event_name":"Golden Shrine","player_choice":"Pray","floor":27.0,"gold_loss":0.0,"damage_taken":0.0}],"is_beta":false,"boss_relics":[{"not_picked":["Empty Cage","Calling Bell"],"picked":"Sozu"}],"items_purged_floors":[],"is_endless":false,"potions_floor_spawned":[1,5,13,18,22,23,29],"killed_by":"Automaton","ascension_level":4}