{"gold_per_floor":[110,110,122,133,58,58,58,86,111,61,72,22,33,46,46,46],"floor_reached":16,"playtime":559,"items_purged":["Defend_G","Strike_G","Defend_G"],"score":112,"play_id":"264355b8-11e2-44a3-ac84-5e9425dfde84","local_time":"20190421171806","is_ascension_mode":true,"campfire_choices":[{"data":"Flechettes","floor":6,"key":"SMITH"},{"data":"Dash","floor":15,"key":"SMITH"}],"neow_cost":"NONE","seed_source_timestamp":945559884537628,"circlet_count":0,"master_deck":["Defend_G","Defend_G","Defend_G","Strike_G","Strike_G","Strike_G","Survivor","Neutralize+1","Flechettes+1","Dash+1"],"relics":["Ring of the Snake","Smiling Mask"],"potions_floor_usage":[16,16],"damage_taken":[{"damage":0,"enemies":"Cultist","floor":1,"turns":3},{"damage":6,"enemies":"Jaw Worm","floor":3,"turns":6},{"damage":2,"enemies":"Small Slimes","floor":4,"turns":3},{"damage":23,"enemies":"Gremlin Nob","floor":8,"turns":5},{"damage":0,"enemies":"Looter","floor":11,"turns":2},{"damage":2,"enemies":"Exordium Wildlife","floor":13,"turns":6},{"damage":5,"enemies":"2 Fungi Beasts","floor":14,"turns":3},{"damage":38,"enemies":"Slime Boss","floor":16,"turns":9}],"seed_played":"-9135554041458264156","potions_obtained":[{"floor":4,"key":"Energy Potion"},{"floor":8,"key":"SkillPotion"},{"floor":11,"key":"Poison Potion"}],"is_trial":false,"path_per_floor":["M","?","M","M","$","R","$","E","T","$","M","$","M","M","R","B"],"character_chosen":"THE_SILENT","items_purchased":[],"campfire_rested":0,"item_purchase_floors":[],"current_hp_per_floor":[70,70,64,62,62,62,62,39,39,39,39,39,37,32,32,0],"gold":46,"neow_bonus":"UPGRADE_CARD","is_prod":false,"is_daily":false,"chose_seed":false,"campfire_upgraded":2,"win_rate":0,"timestamp":1555881486,"path_taken":["M","?","M","M","$","R","?","E","T","$","M","$","M","M","R","BOSS"],"build_version":"2019-01-23","purchased_purges":3,"victory":false,"max_hp_per_floor":[70,70,70,70,70,70,70,70,70,70,70,70,70,70,70,70],"card_choices":[{"not_picked":["Outmaneuver","Tactician","Terror"],"picked":"SKIP","floor":1},{"not_picked":["Poisoned Stab","Quick Slash","All Out Attack"],"picked":"SKIP","floor":3},{"not_picked":["Poisoned Stab","Dagger Spray"],"picked":"Flechettes","floor":4},{"not_picked":["Bane","Concentrate"],"picked":"Dash","floor":8},{"not_picked":["Dodge and Roll","Wraith Form v2","Accuracy"],"picked":"SKIP","floor":11},{"not_picked":["Quick Slash","Outmaneuver","Acrobatics"],"picked":"SKIP","floor":13},{"not_picked":["Accuracy","Prepared","Eviscerate"],"picked":"SKIP","floor":14}],"player_experience":71145,"relics_obtained":[{"floor":8,"key":"Smiling Mask"}],"event_choices":[{"cards_removed":["Strike_G"],"damage_healed":0,"gold_gain":0,"player_choice":"Forget","damage_taken":0,"max_hp_gain":0,"max_hp_loss":0,"event_name":"Living Wall","floor":2,"gold_loss":0}],"is_beta":false,"boss_relics":[],"items_purged_floors":[5,10,12],"is_endless":false,"potions_floor_spawned":[4,8,11],"killed_by":"Slime Boss","ascension_level":2}