{"gold_per_floor":[113,4,22,37,57,57,85,100,127,159,170,188,188],"floor_reached":13,"playtime":541,"items_purged":["Decay"],"score":173,"play_id":"3ecdf3e1-10fd-4527-8409-6eb5b902786e","local_time":"20180816130012","is_ascension_mode":true,"campfire_choices":[{"data":"Bash","floor":6,"key":"SMITH"}],"neow_cost":"CURSE","seed_source_timestamp":3759797955266,"circlet_count":0,"master_deck":["Strike_R","Strike_R","Strike_R","Strike_R","Strike_R","Defend_R","Defend_R","Defend_R","Defend_R","Bash+1","AscendersBane","Wild Strike","Whirlwind","Pommel Strike","Dropkick","Flame Barrier","Feed","Pommel Strike","Clothesline"],"relics":["Burning Blood","Boot","Bag of Preparation","Ancient Tea Set"],"potions_floor_usage":[7,8,12,12,12,12],"damage_taken":[{"damage":12,"enemies":"Cultist","floor":1,"turns":5},{"damage":16,"enemies":"Small Slimes","floor":3,"turns":3},{"damage":0,"enemies":"Jaw Worm","floor":4,"turns":3},{"damage":7,"enemies":"Exordium Wildlife","floor":5,"turns":3},{"damage":40,"enemies":"Gremlin Nob","floor":7,"turns":5},{"damage":8,"enemies":"Gremlin Gang","floor":8,"turns":2},{"damage":34,"enemies":"Lagavulin","floor":10,"turns":9},{"damage":20,"enemies":"2 Fungi Beasts","floor":11,"turns":4},{"damage":5,"enemies":"Blue Slaver","floor":12,"turns":3},{"damage":8,"enemies":"Gremlin Gang","floor":13,"turns":1}],"seed_played":"-5311113926570291559","potions_obtained":[{"floor":3,"key":"Regen Potion"},{"floor":7,"key":"Poison Potion"},{"floor":10,"key":"EntropicBrew"},{"floor":11,"key":"EntropicBrew"}],"is_trial":false,"path_per_floor":["M","$","M","M","M","R","E","M","T","E","M","M"],"character_chosen":"IRONCLAD","items_purchased":["Whirlwind"],"campfire_rested":0,"item_purchase_floors":[2],"current_hp_per_floor":[76,76,66,72,71,71,51,49,49,21,7,8,0],"gold":188,"neow_bonus":"TWENTY_PERCENT_HP_BONUS","is_prod":false,"is_daily":false,"chose_seed":false,"campfire_upgraded":1,"win_rate":0,"timestamp":1534449612,"path_taken":["M","$","M","?","M","R","E","?","T","E","M","M","M"],"build_version":"2018-08-09","purchased_purges":1,"victory":false,"max_hp_per_floor":[89,89,89,89,89,89,89,89,89,89,89,89,89],"card_choices":[{"not_picked":["Rage","Anger"],"picked":"Wild Strike","floor":1},{"not_picked":["Spot Weakness","Second Wind"],"picked":"Pommel Strike","floor":3},{"not_picked":["Seeing Red","Cleave"],"picked":"Dropkick","floor":4},{"not_picked":["Headbutt","Searing Blow"],"picked":"Flame Barrier","floor":5},{"not_picked":["Feel No Pain","Rupture","Flex"],"picked":"SKIP","floor":7},{"not_picked":["Havoc","Flame Barrier"],"picked":"Feed","floor":8},{"not_picked":["Havoc","Flex"],"picked":"Pommel Strike","floor":10},{"not_picked":["Body Slam","Thunderclap"],"picked":"Clothesline","floor":11},{"not_picked":["Corruption","Flex","Headbutt"],"picked":"SKIP","floor":12}],"player_experience":761461,"relics_obtained":[{"floor":7,"key":"Boot"},{"floor":9,"key":"Bag of Preparation"},{"floor":10,"key":"Ancient Tea Set"}],"event_choices":[],"is_beta":false,"boss_relics":[],"items_purged_floors":[2],"is_endless":false,"potions_floor_spawned":[3,7,10,11],"killed_by":"Gremlin Gang","ascension_level":15}