{"path_per_floor":["M","M","M","?","$","E","M","E","T","?","?","T","R","?","R","B",null,"M","?","M","?","M"],"character_chosen":"IRONCLAD","items_purchased":[],"gold_per_floor":[112,129,140,140,65,95,109,143,143,143,218,291,291,354,354,450,450,469,469,486,401,416],"floor_reached":23,"campfire_rested":2,"playtime":2295,"current_hp_per_floor":[80,78,80,80,77,47,44,35,35,35,24,24,49,53,78,19,84,56,56,53,53,46],"items_purged":["Parasite"],"gold":416,"score":199,"play_id":"1b030944-f9d6-45de-a63c-40619e14b1f5","is_prod":false,"is_daily":false,"is_ascension_mode":false,"campfire_upgraded":0,"path_taken":["M","M","M","?","$","E","M","E","T","?","?","?","R","?","R","BOSS","M","?","M","?","?","E"],"build_version":"2018-02-15-PROD1","purchased_purges":1,"victory":false,"master_deck":["Strike_R","Strike_R","Strike_R","Strike_R","Defend_R","Defend_R","Defend_R","Defend_R","Bash","Bludgeon","Pommel Strike","Iron Wave","Juggernaut","Combust","Headbutt","Armaments","Headbutt","Demon Form","Impervious","Metallicize","Dual Wield","Pummel","Rupture+1"],"max_hp_per_floor":[80,80,80,80,77,84,84,84,84,84,84,84,84,84,84,84,84,84,84,84,84,84],"relics":["Burning Blood","Strawberry","Omamori","Ornamental Fan","Calipers","Kunai","Vajra","Cursed Key","Magic Flower"],"card_choices":[{"not_picked":["Dark Embrace","Reaper"],"picked":"Bludgeon"},{"not_picked":["Body Slam","Rage"],"picked":"Pommel Strike"},{"not_picked":["Dropkick","Body Slam"],"picked":"Iron Wave"},{"not_picked":["Sword Boomerang","Armaments"],"picked":"Juggernaut"},{"not_picked":["Perfected Strike","Cleave"],"picked":"Headbutt"},{"not_picked":["Rampage","Flex"],"picked":"Armaments"},{"not_picked":["Clothesline","Cleave"],"picked":"Headbutt"},{"not_picked":["Shrug It Off","Burning Pact"],"picked":"Demon Form"},{"not_picked":["Brutality","Barricade"],"picked":"Impervious"},{"not_picked":["Twin Strike","Body Slam"],"picked":"Metallicize"},{"not_picked":["Twin Strike","Searing Blow"],"picked":"Pummel"},{"not_picked":["Whirlwind","Sword Boomerang"],"picked":"Rupture"}],"player_experience":44445,"potions_floor_usage":[8,14,16,20,20],"damage_taken":[{"damage":3,"enemies":"Small Slimes","floor":1,"turns":4},{"damage":8,"enemies":"Jaw Worm","floor":2,"turns":3},{"damage":0,"enemies":"2 Louse","floor":3,"turns":2},{"damage":43,"enemies":"Gremlin Nob","floor":6,"turns":5},{"damage":9,"enemies":"Blue Slaver","floor":7,"turns":4},{"damage":15,"enemies":"3 Sentries","floor":8,"turns":6},{"damage":2,"enemies":"Gremlin Nob","floor":14,"turns":4},{"damage":65,"enemies":"The Guardian","floor":16,"turns":9},{"damage":34,"enemies":"Spheric Guardian","floor":18,"turns":6},{"damage":9,"enemies":"Shell Parasite","floor":20,"turns":4},{"damage":16,"enemies":"Centurion and Healer","floor":22,"turns":6},{"damage":51,"enemies":"Book of Stabbing","floor":23,"turns":6}],"event_choices":[{"event_name":"Living Wall","player_choice":"Change","floor":4,"damage_taken":0},{"event_name":"Big Fish","player_choice":"Box","floor":10,"damage_taken":0},{"event_name":"World of Goop","player_choice":"Gather Gold","floor":11,"damage_taken":0},{"event_name":"Dead Adventurer","player_choice":"Searched \u00272\u0027 times","floor":14,"damage_taken":0},{"event_name":"The Library","player_choice":"Read","floor":19,"damage_taken":0},{"event_name":"Addict","player_choice":"Obtained Relic","floor":21,"damage_taken":0}],"boss_relics":[{"not_picked":["Question Card","Mark of Pain"],"picked":"Cursed Key"}],"potions_floor_spawned":[2,7,8,16,18],"seed_played":"-5680613486501014175","killed_by":"Book of Stabbing","ascension_level":0,"is_trial":false}