{"gold_per_floor":[119,136,146,161,111,111,141,141,168,168,188,203,221,23,23,126,126],"floor_reached":17,"playtime":801,"items_purged":["Strike_B"],"score":159,"play_id":"52b56d24-5547-4348-ae57-47122d934f39","local_time":"20181225185310","is_ascension_mode":false,"campfire_choices":[{"data":"Zap","floor":6.0,"key":"SMITH"},{"data":"Creative AI","floor":8.0,"key":"SMITH"},{"data":"Dualcast","floor":15.0,"key":"SMITH"}],"neow_cost":"NONE","seed_source_timestamp":0,"circlet_count":0,"master_deck":["Strike_B","Strike_B","Defend_B","Defend_B","Defend_B","Defend_B","Zap+1","Dualcast+1","Creative AI+1","Go for the Eyes","Lockon","Defragment","Coolheaded","Tempest","Melter","Leap","Conserve Battery","FTL","Machine Learning"],"special_seed":0,"relics":["Cracked Core","Ancient Tea Set","Sozu"],"potions_floor_usage":[],"damage_taken":[{"damage":5.0,"enemies":"Small Slimes","floor":1.0,"turns":3.0},{"damage":1.0,"enemies":"Jaw Worm","floor":2.0,"turns":3.0},{"damage":0.0,"enemies":"Cultist","floor":3.0,"turns":3.0},{"damage":6.0,"enemies":"Blue Slaver","floor":4.0,"turns":3.0},{"damage":24.0,"enemies":"Gremlin Nob","floor":7.0,"turns":4.0},{"damage":3.0,"enemies":"Looter","floor":11.0,"turns":3.0},{"damage":6.0,"enemies":"2 Fungi Beasts","floor":12.0,"turns":3.0},{"damage":8.0,"enemies":"Large Slime","floor":13.0,"turns":5.0},{"damage":8.0,"enemies":"The Guardian","floor":16.0,"turns":9.0}],"seed_played":"4067561994653573330","potions_obtained":[{"floor":4.0,"key":"SkillPotion"},{"floor":11.0,"key":"SteroidPotion"},{"floor":13.0,"key":"Dexterity Potion"},{"floor":16.0,"key":"Ancient Potion"}],"is_trial":false,"path_per_floor":["M","M","M","M","?","R","E","R","T","?","M","M","M","$","R","B",null],"character_chosen":"DEFECT","items_purchased":["FTL","AttackPotion"],"campfire_rested":0,"item_purchase_floors":[14,14],"current_hp_per_floor":[70,69,69,63,63,63,39,39,39,39,36,30,22,22,22,14,14],"gold":126,"neow_bonus":"ONE_RANDOM_RARE_CARD","is_prod":false,"is_daily":false,"chose_seed":false,"campfire_upgraded":3,"win_rate":0,"timestamp":1545785590,"path_taken":["M","M","M","M","?","R","E","R","T","?","M","M","M","$","R","BOSS"],"build_version":"2018-12-20","purchased_purges":1,"victory":false,"max_hp_per_floor":[75,75,75,75,75,75,75,75,75,75,75,75,75,75,75,75,75],"card_choices":[{"not_picked":["Compile Driver","Reprogram"],"picked":"Go for the Eyes","floor":1.0},{"not_picked":["Turbo","Barrage"],"picked":"Lockon","floor":2.0},{"not_picked":["Hello World","Auto Shields"],"picked":"Defragment","floor":3.0},{"not_picked":["Go for the Eyes","Redo"],"picked":"Coolheaded","floor":4.0},{"not_picked":["Darkness","Reinforced Body"],"picked":"Tempest","floor":7.0},{"not_picked":["Barrage","Rainbow"],"picked":"Melter","floor":11.0},{"not_picked":["Stack","White Noise"],"picked":"Leap","floor":12.0},{"not_picked":["Rip and Tear","Rebound"],"picked":"Conserve Battery","floor":13.0},{"not_picked":["Buffer","Creative AI"],"picked":"Machine Learning","floor":16.0}],"player_experience":447279,"relics_obtained":[{"floor":7.0,"key":"Ancient Tea Set"}],"event_choices":[{"cards_removed":["Strike_B"],"damage_healed":0.0,"max_hp_gain":0.0,"max_hp_loss":0.0,"gold_gain":0.0,"event_name":"The Cleric","player_choice":"Card Removal","floor":5.0,"gold_loss":50.0,"damage_taken":0.0},{"damage_healed":0.0,"max_hp_gain":0.0,"max_hp_loss":0.0,"gold_gain":0.0,"event_name":"WeMeetAgain","player_choice":"Ignored","floor":10.0,"gold_loss":0.0,"damage_taken":0.0}],"is_beta":false,"boss_relics":[{"not_picked":["Busted Crown","Orrery"],"picked":"Sozu"}],"items_purged_floors":[14],"is_endless":false,"potions_floor_spawned":[4,11,13,16],"ascension_level":0}