{"path_per_floor":["M","M","?","?","M","E","M","R","T","M","?","R","M","M","R","B",null,"M","?","M","?","?","E","R","M","T","R","M","?"],"character_chosen":"THE_SILENT","items_purchased":[],"gold_per_floor":[111,127,127,77,93,125,135,135,135,154,329,329,339,350,350,445,445,456,456,470,470,470,505,505,515,565,565,581,581],"floor_reached":30,"campfire_rested":2,"playtime":2453,"current_hp_per_floor":[70,70,63,63,63,61,60,60,60,57,57,57,57,35,56,41,70,65,65,64,64,64,42,42,27,27,49,39,23],"items_purged":[],"gold":581,"score":252,"play_id":"405269e0-4025-4763-a09f-33c03ba8ea0f","local_time":"20180311032833","is_prod":false,"is_daily":false,"is_ascension_mode":false,"campfire_upgraded":3,"timestamp":1520764113,"path_taken":["M","M","?","?","M","E","M","R","T","M","?","R","?","?","R","BOSS","M","?","M","?","?","E","R","M","T","R","M","?","M"],"build_version":"2018-03-09","purchased_purges":0,"victory":false,"master_deck":["Defend_G","Defend_G","Defend_G","Defend_G","Defend_G","Strike_G","Strike_G","Survivor","Neutralize+1","Footwork+1","Noxious Fumes+1","Bane+1","Terror","Doubt","Bane","Outmaneuver+1","Writhe","Deadly Poison","Sucker Punch","Necronomicurse"],"max_hp_per_floor":[70,70,70,70,70,70,70,70,70,70,70,70,70,70,70,70,70,70,70,70,70,70,72,72,74,74,74,76,76],"relics":["Ring of the Snake","Happy Flower","Bottled Lightning","The Specimen","Torii","Singing Bowl","Juzu Bracelet","Necronomicon"],"card_choices":[{"not_picked":["Masterful Stab","Endless Agony"],"picked":"Footwork"},{"not_picked":["Well Laid Plans","Finisher"],"picked":"Noxious Fumes"},{"not_picked":["PiercingWail","Quick Slash"],"picked":"Bane"},{"not_picked":["Underhanded Strike","Backflip"],"picked":"Terror"},{"not_picked":["Phantasmal Killer","Prepared"],"picked":"Bane"},{"not_picked":["Dagger Spray","PiercingWail"],"picked":"Outmaneuver"},{"not_picked":["Dagger Throw","Expertise"],"picked":"Deadly Poison"}],"player_experience":80415,"potions_floor_usage":[6,16,16,30,30,30],"damage_taken":[{"damage":0,"enemies":"Cultist","floor":1,"turns":4},{"damage":0,"enemies":"2 Louse","floor":2,"turns":4},{"damage":0,"enemies":"Small Slimes","floor":5,"turns":6},{"damage":2,"enemies":"3 Sentries","floor":6,"turns":8},{"damage":1,"enemies":"Exordium Wildlife","floor":7,"turns":6},{"damage":3,"enemies":"2 Fungi Beasts","floor":10,"turns":5},{"damage":0,"enemies":"Blue Slaver","floor":13,"turns":4},{"damage":22,"enemies":"Gremlin Gang","floor":14,"turns":4},{"damage":15,"enemies":"The Guardian","floor":16,"turns":8},{"damage":5,"enemies":"Shell Parasite","floor":18,"turns":6},{"damage":1,"enemies":"Chosen","floor":20,"turns":6},{"damage":24,"enemies":"Book of Stabbing","floor":23,"turns":7},{"damage":17,"enemies":"Snecko","floor":25,"turns":7},{"damage":12,"enemies":"Snake Plant","floor":28,"turns":5},{"damage":36,"enemies":"Chosen and Byrds","floor":30,"turns":7}],"event_choices":[{"event_name":"Golden Wing","player_choice":"Card Removal","floor":3,"damage_taken":0},{"event_name":"The Cleric","player_choice":"Card Removal","floor":4,"damage_taken":0},{"event_name":"Liars Game","player_choice":"agreed","floor":11,"damage_taken":0},{"event_name":"The Mausoleum","player_choice":"Yes","floor":19,"damage_taken":0},{"event_name":"Vampires","player_choice":"Ignored","floor":21,"damage_taken":0},{"event_name":"Transmorgrifier","player_choice":"Transform","floor":22,"damage_taken":0},{"event_name":"Cursed Tome","player_choice":"Obtained Book","floor":29,"damage_taken":0}],"boss_relics":[{"not_picked":["Astrolabe","Snecko Eye"],"picked":"The Specimen"}],"potions_floor_spawned":[2,5,10,13,14,18,25],"seed_played":"-6058003171177033707","killed_by":"Chosen and Byrds","ascension_level":0,"is_trial":false}