{"path_per_floor":["M","?","M","$","M","E","R","M","T","M","E","?","R","?","R","B",null,"M","M","$","M","?","E","R","M","T","$"],"character_chosen":"IRONCLAD","items_purchased":["Iron Wave","Vajra","Mind Blast","Flex"],"gold_per_floor":[113,113,127,103,121,153,153,166,166,183,212,212,212,275,275,372,372,388,401,26,36,36,66,66,82,82,82],"floor_reached":28,"campfire_rested":2,"playtime":3126,"current_hp_per_floor":[80,80,80,80,80,61,61,67,81,74,64,64,64,33,61,27,94,82,82,82,53,37,11,39,28,28,28],"items_purged":["Defend_R"],"gold":82,"score":248,"play_id":"909034a3-bac7-4232-81c4-a1b8a54f6401","is_prod":false,"is_daily":false,"is_ascension_mode":false,"campfire_upgraded":2,"path_taken":["M","?","M","$","M","E","R","M","T","M","E","?","R","?","R","BOSS","M","M","$","M","?","E","R","M","T","$","M"],"build_version":"2018-02-15-PROD1","purchased_purges":2,"victory":false,"master_deck":["Strike_R","Strike_R","Strike_R","Strike_R","Strike_R","Defend_R","Defend_R","Defend_R","Iron Wave+1","Anger+1","Shrug It Off","Iron Wave+1","Shrug It Off","Warcry","Flex","Rampage","Berserk","Bludgeon","Iron Wave","Warcry","Mind Blast","Flex","Metallicize","Pommel Strike+1"],"max_hp_per_floor":[80,80,80,80,80,80,80,80,94,94,94,94,94,94,94,94,94,94,94,94,94,94,94,94,94,94,94],"relics":["Burning Blood","Anchor","Mango","Orichalcum","Kunai","Mark of Pain","Vajra","Nilry\u0027s Codex","Blood Vial","Ginger"],"card_choices":[{"not_picked":["True Grit","Clash"],"picked":"Iron Wave"},{"not_picked":["Warcry","Clash"],"picked":"Anger"},{"not_picked":["Clash","Corruption"],"picked":"Shrug It Off"},{"not_picked":["Headbutt","Combust"],"picked":"Shrug It Off"},{"not_picked":["Body Slam","Heavy Blade"],"picked":"Warcry"},{"not_picked":["True Grit","Dropkick"],"picked":"Flex"},{"not_picked":["Cleave","Hemokinesis"],"picked":"Rampage"},{"not_picked":["Armaments","Body Slam"],"picked":"Berserk"},{"not_picked":["Dark Embrace","Reaper"],"picked":"Bludgeon"},{"not_picked":["Body Slam","Warcry"],"picked":"Iron Wave"},{"not_picked":["Heavy Blade","Body Slam"],"picked":"Warcry"},{"not_picked":["Burning Pact","Clothesline"],"picked":"Metallicize"},{"not_picked":["Heavy Blade","True Grit"],"picked":"Pommel Strike"}],"player_experience":43534,"potions_floor_usage":[11,11,16],"damage_taken":[{"damage":6,"enemies":"Jaw Worm","floor":1,"turns":4},{"damage":5,"enemies":"Cultist","floor":3,"turns":4},{"damage":0,"enemies":"Small Slimes","floor":5,"turns":4},{"damage":25,"enemies":"3 Sentries","floor":6,"turns":11},{"damage":0,"enemies":"Blue Slaver","floor":8,"turns":4},{"damage":13,"enemies":"2 Fungi Beasts","floor":10,"turns":4},{"damage":16,"enemies":"Gremlin Nob","floor":11,"turns":5},{"damage":37,"enemies":"Gremlin Nob","floor":14,"turns":5},{"damage":40,"enemies":"The Guardian","floor":16,"turns":14},{"damage":18,"enemies":"Spheric Guardian","floor":18,"turns":5},{"damage":6,"enemies":"Shell Parasite","floor":19,"turns":6},{"damage":35,"enemies":"Chosen and Byrds","floor":21,"turns":9},{"damage":32,"enemies":"Slavers","floor":23,"turns":8},{"damage":19,"enemies":"Snecko","floor":25,"turns":7},{"damage":32,"enemies":"Centurion and Healer","floor":28,"turns":4}],"event_choices":[{"event_name":"Bonfire Elementals","player_choice":"BASIC","floor":2,"damage_taken":0},{"event_name":"Living Wall","player_choice":"Grow","floor":12,"damage_taken":0},{"event_name":"Dead Adventurer","player_choice":"Searched \u00271\u0027 times","floor":14,"damage_taken":0},{"event_name":"Cursed Tome","player_choice":"Obtained Book","floor":22,"damage_taken":0}],"boss_relics":[{"not_picked":["Ectoplasm","Runic Pyramid"],"picked":"Mark of Pain"}],"potions_floor_spawned":[5,8,10,11,14,21,23],"seed_played":"-6801591805521652034","killed_by":"Centurion and Healer","ascension_level":0,"is_trial":false}