{"gold_per_floor":[116,130,130,143,157,157,232,262,286,316,316,330,343,355,355,454,454,465,465,475,487,487,487,502,502,502,515,515,544,544,544,544,544],"floor_reached":33,"playtime":2042,"items_purged":[],"score":427,"play_id":"841cd697-bd5b-49e3-862e-7401477c2aec","local_time":"20190125195808","is_ascension_mode":true,"campfire_choices":[{"data":"Armaments","floor":6.0,"key":"SMITH"},{"data":"Demon Form","floor":11.0,"key":"SMITH"},{"data":"Shockwave","floor":15.0,"key":"SMITH"},{"data":"Rage","floor":23.0,"key":"SMITH"},{"data":"True Grit","floor":25.0,"key":"SMITH"},{"data":"Offering","floor":28.0,"key":"SMITH"},{"floor":30.0,"key":"REST"},{"data":"Seeing Red","floor":32.0,"key":"SMITH"}],"neow_cost":"NONE","seed_source_timestamp":34734797452542,"circlet_count":0,"master_deck":["Defend_R","Defend_R","Defend_R","Defend_R","Bash","Rage+1","Ghostly Armor","Armaments+1","Demon Form+1","Whirlwind","Inflame","Shockwave+1","Twin Strike","Clash","Feed","True Grit+1","Offering+1","Ghostly Armor+1","Seeing Red+1","Double Tap","Whirlwind"],"special_seed":0,"relics":["Burning Blood","FaceOfCleric","Blood Vial","Juzu Bracelet","Omamori","Empty Cage","WarpedTongs","Mango","Frozen Egg 2"],"potions_floor_usage":[],"damage_taken":[{"damage":0.0,"enemies":"Cultist","floor":1.0,"turns":3.0},{"damage":2.0,"enemies":"Small Slimes","floor":2.0,"turns":4.0},{"damage":1.0,"enemies":"2 Louse","floor":4.0,"turns":4.0},{"damage":7.0,"enemies":"2 Fungi Beasts","floor":5.0,"turns":4.0},{"damage":37.0,"enemies":"Gremlin Nob","floor":8.0,"turns":5.0},{"damage":4.0,"enemies":"Lagavulin","floor":10.0,"turns":7.0},{"damage":5.0,"enemies":"Exordium Thugs","floor":12.0,"turns":6.0},{"damage":11.0,"enemies":"Looter","floor":13.0,"turns":3.0},{"damage":10.0,"enemies":"Exordium Wildlife","floor":14.0,"turns":4.0},{"damage":32.0,"enemies":"Hexaghost","floor":16.0,"turns":7.0},{"damage":31.0,"enemies":"2 Thieves","floor":18.0,"turns":5.0},{"damage":24.0,"enemies":"Colosseum Slavers","floor":19.0,"turns":4.0},{"damage":25.0,"enemies":"Chosen","floor":20.0,"turns":6.0},{"damage":24.0,"enemies":"Centurion and Healer","floor":21.0,"turns":6.0},{"damage":9.0,"enemies":"3 Cultists","floor":24.0,"turns":7.0},{"damage":37.0,"enemies":"Snecko","floor":27.0,"turns":6.0},{"damage":15.0,"enemies":"Slavers","floor":29.0,"turns":6.0},{"damage":83,"enemies":"Automaton","floor":33,"turns":6}],"seed_played":"-169430906806191533","potions_obtained":[{"floor":2.0,"key":"SteroidPotion"},{"floor":4.0,"key":"SteroidPotion"},{"floor":8.0,"key":"BloodPotion"},{"floor":21.0,"key":"EssenceOfSteel"},{"floor":24.0,"key":"SpeedPotion"},{"floor":29.0,"key":"SpeedPotion"}],"is_trial":false,"path_per_floor":["M","M","?","M","M","R","?","E","T","E","R","M","M","M","M","R","B",null,"M","?","M","M","?","R","M","R","T","M","R","E","R","?","R","B"],"character_chosen":"IRONCLAD","items_purchased":[],"campfire_rested":1,"item_purchase_floors":[],"current_hp_per_floor":[78,80,80,81,81,81,70,40,40,45,45,49,47,46,46,23,72,53,41,29,17,17,17,20,20,34,18,18,16,54,54,54,0],"gold":544,"neow_bonus":"TRANSFORM_CARD","is_prod":false,"is_daily":false,"chose_seed":false,"campfire_upgraded":7,"win_rate":0,"timestamp":1548442688,"path_taken":["M","M","?","?","M","R","?","E","T","E","R","M","M","M","R","BOSS","M","?","M","M","?","R","M","R","T","M","R","E","R","?","R","BOSS"],"build_version":"2018-12-20","purchased_purges":0,"victory":false,"max_hp_per_floor":[80,80,80,81,82,82,82,83,83,84,84,85,86,87,87,88,88,92,96,101,105,105,105,109,109,123,124,124,129,129,129,129,129],"card_choices":[{"not_picked":["Anger","Sentinel"],"picked":"Ghostly Armor","floor":1.0},{"not_picked":["Sword Boomerang","Clothesline"],"picked":"Armaments","floor":2.0},{"not_picked":["Shockwave","Disarm"],"picked":"Demon Form","floor":4.0},{"not_picked":["Headbutt","Reckless Charge"],"picked":"Whirlwind","floor":5.0},{"not_picked":["Intimidate","Immolate"],"picked":"Inflame","floor":8.0},{"not_picked":["Rampage","Bludgeon"],"picked":"Shockwave","floor":10.0},{"not_picked":["True Grit","Uppercut"],"picked":"Twin Strike","floor":12.0},{"not_picked":["Twin Strike","Flex"],"picked":"Clash","floor":13.0},{"not_picked":["Twin Strike","Iron Wave","Flex"],"picked":"SKIP","floor":14.0},{"not_picked":["Berserk","Brutality"],"picked":"Feed","floor":16.0},{"not_picked":["Infernal Blade","Perfected Strike","Second Wind"],"picked":"SKIP","floor":18.0},{"not_picked":["Armaments+1","Anger+1"],"picked":"True Grit","floor":20.0},{"not_picked":["Clothesline+1","Rage"],"picked":"Offering","floor":21.0},{"not_picked":["Havoc","Sword Boomerang","Evolve"],"picked":"SKIP","floor":24.0},{"not_picked":["Metallicize+1","Clash"],"picked":"Ghostly Armor+1","floor":27.0},{"not_picked":["Berserk","Bloodletting"],"picked":"Seeing Red","floor":29.0}],"player_experience":157136,"relics_obtained":[{"floor":8.0,"key":"Blood Vial"},{"floor":9.0,"key":"Juzu Bracelet"},{"floor":10.0,"key":"Omamori"},{"floor":26.0,"key":"Mango"},{"floor":29.0,"key":"Frozen Egg 2"}],"event_choices":[{"damage_healed":0.0,"max_hp_gain":0.0,"max_hp_loss":0.0,"gold_gain":0.0,"event_name":"FaceTrader","player_choice":"Trade","floor":3.0,"gold_loss":0.0,"damage_taken":0.0,"relics_obtained":["FaceOfCleric"]},{"damage_healed":0.0,"max_hp_gain":0.0,"max_hp_loss":0.0,"gold_gain":75.0,"event_name":"World of Goop","player_choice":"Gather Gold","floor":7.0,"gold_loss":0.0,"damage_taken":11.0},{"damage_healed":0.0,"max_hp_gain":0.0,"max_hp_loss":0.0,"gold_gain":0.0,"event_name":"Colosseum","player_choice":"Fight","floor":19.0,"gold_loss":0.0,"damage_taken":0.0},{"damage_healed":0.0,"max_hp_gain":0.0,"max_hp_loss":0.0,"gold_gain":0.0,"event_name":"Colosseum","player_choice":"Fled From Nobs","floor":19.0,"gold_loss":0.0,"damage_taken":0.0},{"damage_healed":0.0,"max_hp_gain":0.0,"max_hp_loss":0.0,"gold_gain":0.0,"event_name":"Accursed Blacksmith","player_choice":"Rummage","floor":22.0,"gold_loss":0.0,"damage_taken":0.0,"relics_obtained":["WarpedTongs"],"cards_obtained":["Pain"]},{"damage_healed":0.0,"max_hp_gain":0.0,"max_hp_loss":0.0,"gold_gain":0.0,"cards_transformed":["Strike_R","Strike_R"],"event_name":"Drug Dealer","player_choice":"Became Test Subject","floor":31.0,"gold_loss":0.0,"damage_taken":0.0,"cards_obtained":["Double Tap","Whirlwind"]}],"is_beta":false,"boss_relics":[{"not_picked":["Calling Bell","Lizard Tail"],"picked":"Empty Cage"}],"items_purged_floors":[],"is_endless":false,"potions_floor_spawned":[2,4,8,21,24,29],"killed_by":"Automaton","ascension_level":7}