{"gold_per_floor":[118,42,117,67,67,67,82,82,155,166,193,208,228,260,260,360,360,375,75,93,93,93,93,121,121,174,188,214,232,249,275,275,375,375,393,293,31,31,44,71,89,124,124,154,154,173,198,223,235,247],"floor_reached":51,"playtime":4264,"items_purged":["Strike_B","Parasite","Strike_B"],"score":1346,"play_id":"54e08ad1-80cf-438e-a07c-417ad31e4897","local_time":"20180913141503","is_ascension_mode":true,"campfire_choices":[{"data":"Zap","floor":6.0,"key":"SMITH"},{"data":"Dualcast","floor":8.0,"key":"SMITH"},{"data":"Defragment","floor":15.0,"key":"SMITH"},{"data":"Multi-Cast","floor":23.0,"key":"SMITH"},{"data":"Static Discharge","floor":25.0,"key":"SMITH"},{"floor":32.0,"key":"REST"},{"floor":45,"key":"REST"},{"floor":49,"key":"REST"}],"neow_cost":"TEN_PERCENT_HP_LOSS","seed_source_timestamp":1356094293699,"circlet_count":0,"master_deck":["Strike_B","Defend_B","Defend_B","Defend_B","Zap+1","Dualcast+1","AscendersBane","Redo","Defragment+1","Cold Snap","Ball Lightning","Compile Driver","Defragment","Leap","Multi-Cast+1","BootSequence","Static Discharge+1","Conserve Battery","Defragment+1","Defragment","Glacier+1","Loop","Creative AI","Defragment+1","Storm","Finesse","Glacier","Parasite","Core Surge","Defragment","Tempest","Tempest"],"special_seed":0,"relics":["FrozenCore","Thread and Needle","Ice Cream","Sundial","PreservedInsect","Blue Candle","Cursed Key","Oddly Smooth Stone","Kunai","DataDisk","Ornamental Fan","Bag of Marbles","Regal Pillow","Potion Belt","Letter Opener","Bottled Tornado","MawBank"],"potions_floor_usage":[42,50,50,50],"damage_taken":[{"damage":0.0,"enemies":"Jaw Worm","floor":1.0,"turns":4.0},{"damage":0.0,"enemies":"2 Louse","floor":7.0,"turns":2.0},{"damage":0.0,"enemies":"Cultist","floor":10.0,"turns":3.0},{"damage":3.0,"enemies":"Gremlin Nob","floor":11.0,"turns":4.0},{"damage":0.0,"enemies":"Looter","floor":12.0,"turns":3.0},{"damage":6.0,"enemies":"Gremlin Gang","floor":13.0,"turns":3.0},{"damage":11.0,"enemies":"Lagavulin","floor":14.0,"turns":3.0},{"damage":4.0,"enemies":"The Guardian","floor":16.0,"turns":8.0},{"damage":20.0,"enemies":"2 Thieves","floor":18.0,"turns":4.0},{"damage":0.0,"enemies":"3 Byrds","floor":20.0,"turns":4.0},{"damage":2.0,"enemies":"Book of Stabbing","floor":24.0,"turns":4.0},{"damage":1.0,"enemies":"Snecko","floor":27.0,"turns":3.0},{"damage":25.0,"enemies":"Slavers","floor":28.0,"turns":5.0},{"damage":4.0,"enemies":"Snake Plant","floor":29.0,"turns":5.0},{"damage":1.0,"enemies":"Sentry and Sphere","floor":30.0,"turns":6.0},{"damage":1.0,"enemies":"Gremlin Leader","floor":31.0,"turns":7.0},{"damage":37.0,"enemies":"Collector","floor":33.0,"turns":10.0},{"damage":1.0,"enemies":"Orb Walker","floor":35.0,"turns":5.0},{"damage":0.0,"enemies":"3 Shapes","floor":39.0,"turns":4.0},{"damage":19.0,"enemies":"2 Orb Walkers","floor":40.0,"turns":4.0},{"damage":0,"enemies":"Transient","floor":41,"turns":5},{"damage":5,"enemies":"Nemesis","floor":42,"turns":5},{"damage":14,"enemies":"2 Orb Walkers","floor":44,"turns":5},{"damage":10,"enemies":"Sphere and 2 Shapes","floor":46,"turns":4},{"damage":6,"enemies":"Nemesis","floor":47,"turns":5},{"damage":0,"enemies":"4 Shapes","floor":48,"turns":5},{"damage":34,"enemies":"Donu and Deca","floor":50,"turns":8}],"seed_played":"-5274841602475633879","potions_obtained":[{"floor":1.0,"key":"AttackPotion"},{"floor":10.0,"key":"Block Potion"},{"floor":13.0,"key":"Regen Potion"},{"floor":14.0,"key":"SteroidPotion"},{"floor":16.0,"key":"SpeedPotion"},{"floor":27.0,"key":"Regen Potion"},{"floor":28.0,"key":"SmokeBomb"},{"floor":30.0,"key":"Block Potion"},{"floor":31.0,"key":"Ancient Potion"},{"floor":35.0,"key":"Strength Potion"},{"floor":41,"key":"Regen Potion"},{"floor":42,"key":"SmokeBomb"},{"floor":46,"key":"Block Potion"},{"floor":47,"key":"Ancient Potion"}],"is_trial":false,"path_per_floor":["M","$","?","?","T","R","M","R","T","M","E","M","M","E","R","B",null,"M","$","M","?","?","R","E","R","T","M","E","M","M","E","R","B",null,"M","$","$","?","M","E","M","E","T","E","R","M","E","M","R","B"],"character_chosen":"DEFECT","items_purchased":["Defragment","Static Discharge","Oddly Smooth Stone","Storm","Finesse"],"campfire_rested":3,"item_purchase_floors":[2,19,19,37,37],"current_hp_per_floor":[68,68,57,57,57,57,57,57,57,57,54,54,48,37,37,48,63,43,43,43,43,43,43,41,41,41,40,29,25,24,23,43,6,53,52,52,52,52,52,33,33,40,40,26,60,50,44,44,65,31],"gold":259,"neow_bonus":"ONE_RARE_RELIC","is_prod":false,"is_daily":false,"chose_seed":false,"campfire_upgraded":5,"win_rate":0,"timestamp":1536866103,"path_taken":["M","$","?","?","?","R","M","R","T","M","E","M","M","E","R","BOSS","M","$","M","?","?","R","E","R","T","?","E","M","M","E","R","BOSS","M","?","$","?","M","E","M","E","T","E","R","M","E","M","R","BOSS"],"build_version":"2018-09-06","purchased_purges":3,"victory":true,"max_hp_per_floor":[68,68,68,68,68,68,68,68,68,68,68,68,68,68,68,68,68,68,68,68,68,68,68,68,68,68,68,68,68,68,68,68,68,68,68,65,65,65,65,65,65,65,65,65,65,65,65,65,65,65],"card_choices":[{"not_picked":["Blizzard","Streamline"],"picked":"Redo","floor":1.0},{"not_picked":["Hello World","Stack"],"picked":"Cold Snap","floor":7.0},{"not_picked":["Blizzard","Cold Snap"],"picked":"Ball Lightning","floor":10.0},{"not_picked":["Loop","Turbo"],"picked":"Compile Driver","floor":11.0},{"not_picked":["Doom and Gloom","Hologram"],"picked":"Defragment","floor":12.0},{"not_picked":["Coolheaded","Beam Cell","Self Repair"],"picked":"SKIP","floor":13.0},{"not_picked":["Turbo","Reboot"],"picked":"Leap","floor":14.0},{"not_picked":["All For One","Rainbow"],"picked":"Multi-Cast","floor":16.0},{"not_picked":["Blizzard+1","Sunder"],"picked":"BootSequence","floor":18.0},{"not_picked":["Darkness","Chaos"],"picked":"Conserve Battery","floor":20.0},{"not_picked":["Auto Shields","Chaos"],"picked":"Defragment","floor":24.0},{"not_picked":["Barrage","Compile Driver"],"picked":"Glacier+1","floor":27.0},{"not_picked":["Barrage","FTL","Beam Cell+1"],"picked":"SKIP","floor":28.0},{"not_picked":["Barrage","FTL","Beam Cell+1"],"picked":"SKIP","floor":28.0},{"not_picked":["Turbo","Undo"],"picked":"Loop","floor":29.0},{"not_picked":["Cold Snap","Hello World","Coolheaded"],"picked":"SKIP","floor":30.0},{"not_picked":["Coolheaded","Gash"],"picked":"Creative AI","floor":31.0},{"not_picked":["Cold Snap+1","Beam Cell"],"picked":"Defragment+1","floor":35.0},{"not_picked":["Sunder","Coolheaded","BootSequence"],"picked":"SKIP","floor":39.0},{"not_picked":["Go for the Eyes","Rip and Tear","Defragment"],"picked":"SKIP","floor":40.0},{"not_picked":["Redo","Skim"],"picked":"Glacier","floor":41},{"not_picked":["Go for the Eyes+1","Melter","Redo"],"picked":"SKIP","floor":42},{"not_picked":["Turbo","Melter+1"],"picked":"Core Surge","floor":44},{"not_picked":["Hello World","Barrage"],"picked":"Defragment","floor":46},{"not_picked":["Gash","Turbo+1"],"picked":"Tempest","floor":47},{"not_picked":["Sunder","Steam"],"picked":"Tempest","floor":48}],"player_experience":409379,"relics_obtained":[{"floor":5.0,"key":"Ice Cream"},{"floor":9.0,"key":"Sundial"},{"floor":11.0,"key":"PreservedInsect"},{"floor":14.0,"key":"Blue Candle"},{"floor":24.0,"key":"Kunai"},{"floor":26.0,"key":"DataDisk"},{"floor":28.0,"key":"Ornamental Fan"},{"floor":31.0,"key":"Bag of Marbles"},{"floor":40.0,"key":"Regal Pillow"},{"floor":42,"key":"Potion Belt"},{"floor":43,"key":"Letter Opener"},{"floor":44,"key":"Bottled Tornado"},{"floor":47,"key":"MawBank"}],"event_choices":[{"event_name":"World of Goop","player_choice":"Gather Gold","floor":3.0,"damage_taken":0.0},{"event_name":"The Cleric","player_choice":"Card Removal","floor":4.0,"damage_taken":0.0},{"event_name":"Back to Basics","player_choice":"Elegance","floor":21.0,"damage_taken":0.0},{"event_name":"Duplicator","player_choice":"One dupe","floor":22.0,"damage_taken":0.0},{"event_name":"Mysterious Sphere","player_choice":"Ignore","floor":38.0,"damage_taken":0.0}],"is_beta":false,"boss_relics":[{"not_picked":["Snecko Eye","White Beast Statue"],"picked":"Cursed Key"},{"not_picked":["Coffee Dripper","Runic Pyramid"],"picked":"FrozenCore"}],"items_purged_floors":[19,36,37],"is_endless":false,"potions_floor_spawned":[1,10,13,14,16,27,28,30,31,35,41,42,46,47],"ascension_level":12}