{"gold_per_floor":[117,136,311,35,49,49,3,3,3,23,48,48,66,79,79,203,203,228,27,27,27],"floor_reached":21,"playtime":7121,"items_purged":["Doubt","Strike_R"],"score":257,"play_id":"82892632-7987-4b63-b4b2-4f3af2834a72","local_time":"20190130221657","is_ascension_mode":true,"campfire_choices":[{"data":"Seeing Red","floor":6.0,"key":"SMITH"},{"data":"Disarm","floor":15.0,"key":"SMITH"}],"neow_cost":"PERCENT_DAMAGE","seed_source_timestamp":470966555863287,"circlet_count":0,"master_deck":["AscendersBane","Strike_R","Strike_R","Strike_R","Strike_R","Defend_R","Defend_R","Defend_R","Defend_R","Bash","Impervious","Disarm+1","Seeing Red+1","Ghostly Armor","Panacea","Clash","Clothesline","Body Slam","Whirlwind","Bloodletting","Rampage","Shrug It Off","Double Tap","Flex+1","Shrug It Off"],"special_seed":0,"relics":["Burning Blood","Bloody Idol","Bag of Marbles","Lizard Tail"],"potions_floor_usage":[16,16,16,18,21],"damage_taken":[{"damage":3.0,"enemies":"2 Louse","floor":1.0,"turns":5.0},{"damage":0.0,"enemies":"Small Slimes","floor":2.0,"turns":5.0},{"damage":2.0,"enemies":"Cultist","floor":5.0,"turns":5.0},{"damage":7.0,"enemies":"Large Slime","floor":10.0,"turns":6.0},{"damage":0.0,"enemies":"2 Fungi Beasts","floor":11.0,"turns":2.0},{"damage":7.0,"enemies":"Exordium Thugs","floor":13.0,"turns":4.0},{"damage":3.0,"enemies":"Blue Slaver","floor":14.0,"turns":1.0},{"damage":32,"enemies":"Hexaghost","floor":16,"turns":16},{"damage":55,"enemies":"Spheric Guardian","floor":18,"turns":8},{"damage":13,"enemies":"3 Byrds","floor":21,"turns":4}],"seed_played":"8563015725163343985","potions_obtained":[{"floor":1.0,"key":"SpeedPotion"},{"floor":2.0,"key":"Fire Potion"},{"floor":5.0,"key":"Poison Potion"},{"floor":11.0,"key":"Block Potion"},{"floor":16,"key":"SkillPotion"},{"floor":18,"key":"PowerPotion"}],"is_trial":false,"path_per_floor":["M","M","?","$","M","R","$","?","T","M","M","?","M","M","R","B",null,"M","$","?","M"],"character_chosen":"IRONCLAD","items_purchased":["Ghostly Armor","Panacea","Clash","Body Slam","Shrug It Off","Fire Potion"],"campfire_rested":0,"item_purchase_floors":[4,4,4,7,19,19],"current_hp_per_floor":[54,60,60,60,64,64,64,64,64,63,69,69,68,71,71,45,67,18,18,18,5],"gold":27,"neow_bonus":"THREE_RARE_CARDS","is_prod":false,"is_daily":false,"chose_seed":false,"campfire_upgraded":2,"win_rate":0,"timestamp":1548883017,"path_taken":["M","M","?","$","M","R","$","?","T","M","M","?","?","M","R","BOSS","M","$","?","M"],"build_version":"2019-01-23","purchased_purges":2,"victory":false,"max_hp_per_floor":[80,80,80,80,80,80,80,74,74,74,74,74,74,74,74,74,74,74,74,74,74],"card_choices":[{"not_picked":["Berserk","Barricade"],"picked":"Impervious","floor":0.0},{"not_picked":["Flex","Armaments"],"picked":"Disarm","floor":1.0},{"not_picked":["Armaments","Uppercut"],"picked":"Seeing Red","floor":2.0},{"not_picked":["Armaments","Carnage"],"picked":"Clothesline","floor":5.0},{"not_picked":["Infernal Blade","Wild Strike"],"picked":"Whirlwind","floor":10.0},{"not_picked":["True Grit","Headbutt"],"picked":"Bloodletting","floor":11.0},{"not_picked":["Sword Boomerang","Rage","Bludgeon"],"picked":"SKIP","floor":13.0},{"not_picked":["Sword Boomerang","Second Wind"],"picked":"Shrug It Off","floor":14.0},{"not_picked":["Feed","Juggernaut"],"picked":"Double Tap","floor":16},{"not_picked":["Wild Strike","Shrug It Off"],"picked":"Flex+1","floor":18}],"player_experience":196014,"relics_obtained":[{"floor":9.0,"key":"Bag of Marbles"}],"event_choices":[{"damage_healed":0.0,"max_hp_gain":0.0,"max_hp_loss":0.0,"gold_gain":175.0,"event_name":"Liars Game","player_choice":"AGREE","floor":3.0,"gold_loss":0.0,"damage_taken":0.0,"cards_obtained":["Doubt"]},{"damage_healed":0.0,"max_hp_gain":0.0,"max_hp_loss":6.0,"gold_gain":0.0,"event_name":"Golden Idol","player_choice":"Lose Max HP","floor":8.0,"gold_loss":0.0,"damage_taken":0.0,"relics_obtained":["Golden Idol"]},{"damage_healed":0.0,"max_hp_gain":0.0,"max_hp_loss":0.0,"gold_gain":0.0,"event_name":"Match and Keep!","player_choice":"1 cards matched","floor":12.0,"gold_loss":0.0,"damage_taken":0.0,"cards_obtained":["Rampage"]},{"damage_healed":0,"gold_gain":0,"player_choice":"Gave Idol","damage_taken":0,"relics_obtained":["Bloody Idol"],"max_hp_gain":0,"max_hp_loss":0,"event_name":"Forgotten Altar","floor":20,"relics_lost":["Golden Idol"],"gold_loss":0}],"is_beta":false,"boss_relics":[{"not_picked":["Sozu","Fusion Hammer"],"picked":"Lizard Tail"}],"items_purged_floors":[4,19],"is_endless":false,"potions_floor_spawned":[1,2,5,11,16,18],"killed_by":"3 Byrds","ascension_level":10}