{"gold_per_floor":[111,111,111,5,18,18,56,81,130,169,169,169,169,193,193,282,282,305,326,13,37,55,55,55,96,121,162,162,195,236,259,259,358,358,381,396,396,417,438,438,479,32,32,76,76,89,89,107,107,107],"floor_reached":51,"playtime":4420,"items_purged":["Strike_G"],"score":1388,"play_id":"05ced43d-e058-43c1-a9e5-671e1a2da56a","local_time":"20190228103342","is_ascension_mode":true,"campfire_choices":[{"data":"Neutralize","floor":6.0,"key":"SMITH"},{"floor":11.0,"key":"REST"},{"data":"Sucker Punch","floor":13.0,"key":"SMITH"},{"data":"Deadly Poison","floor":15.0,"key":"SMITH"},{"data":"Burst","floor":23.0,"key":"SMITH"},{"floor":32.0,"key":"REST"},{"data":"Wraith Form v2","floor":40.0,"key":"SMITH"},{"data":"Cloak And Dagger","floor":45,"key":"SMITH"},{"data":"Deadly Poison","floor":47,"key":"SMITH"},{"floor":49,"key":"REST"}],"neow_cost":"","seed_source_timestamp":0,"circlet_count":0,"master_deck":["AscendersBane","Defend_G","Defend_G","Defend_G+1","Defend_G","Defend_G","Strike_G","Strike_G+1","Survivor","Neutralize+1","Deadly Poison+1","Cloak And Dagger+1","Dagger Throw","Sucker Punch+1","Poisoned Stab+1","Burst+1","Deadly Poison+1","PiercingWail","Well Laid Plans","Backflip","Predator+1","Doppelganger+1","Malaise+1","Wraith Form v2+1","Well Laid Plans","Die Die Die+1","Escape Plan+1","PiercingWail+1","Dodge and Roll+1","Trip+1","Leg Sweep+1","Parasite"],"special_seed":0,"relics":["Ring of the Serpent","Golden Idol","Snake Skull","Pen Nib","Vajra","Molten Egg 2","Philosopher\u0027s Stone","Meat on the Bone","Bag of Marbles","Orichalcum","Toxic Egg 2","Red Mask","Mummified Hand","MawBank","Kunai","Shuriken","Ornamental Fan"],"potions_floor_usage":[44,50],"damage_taken":[{"damage":0.0,"enemies":"2 Louse","floor":1.0,"turns":5.0},{"damage":0.0,"enemies":"Jaw Worm","floor":5.0,"turns":4.0},{"damage":20.0,"enemies":"Gremlin Nob","floor":7.0,"turns":5.0},{"damage":0.0,"enemies":"Cultist","floor":8.0,"turns":4.0},{"damage":13.0,"enemies":"3 Sentries","floor":10.0,"turns":10.0},{"damage":0.0,"enemies":"3 Louse","floor":14.0,"turns":3.0},{"damage":6.0,"enemies":"The Guardian","floor":16.0,"turns":11.0},{"damage":8.0,"enemies":"Chosen","floor":18.0,"turns":5.0},{"damage":19.0,"enemies":"Shell Parasite","floor":19.0,"turns":4.0},{"damage":4.0,"enemies":"Snecko","floor":21.0,"turns":4.0},{"damage":9.0,"enemies":"Snake Plant","floor":22.0,"turns":4.0},{"damage":21.0,"enemies":"Book of Stabbing","floor":25.0,"turns":5.0},{"damage":2.0,"enemies":"Gremlin Leader","floor":27.0,"turns":5.0},{"damage":2.0,"enemies":"Masked Bandits","floor":29.0,"turns":4.0},{"damage":12.0,"enemies":"Slavers","floor":30.0,"turns":5.0},{"damage":10.0,"enemies":"Cultist and Chosen","floor":31.0,"turns":7.0},{"damage":35.0,"enemies":"Automaton","floor":33.0,"turns":13.0},{"damage":5.0,"enemies":"Orb Walker","floor":35.0,"turns":4.0},{"damage":0.0,"enemies":"3 Shapes","floor":36.0,"turns":3.0},{"damage":0.0,"enemies":"Maw","floor":38.0,"turns":7.0},{"damage":16.0,"enemies":"3 Darklings","floor":39.0,"turns":5.0},{"damage":6.0,"enemies":"Giant Head","floor":41.0,"turns":8.0},{"damage":0,"enemies":"Reptomancer","floor":44,"turns":5},{"damage":5,"enemies":"Writhing Mass","floor":46,"turns":6},{"damage":0,"enemies":"Transient","floor":48,"turns":6},{"damage":41,"enemies":"Time Eater","floor":50,"turns":14}],"seed_played":"5741958674060965854","potions_obtained":[{"floor":7.0,"key":"SpeedPotion"},{"floor":14.0,"key":"PowerPotion"},{"floor":19.0,"key":"Explosive Potion"},{"floor":25.0,"key":"AttackPotion"},{"floor":27.0,"key":"PowerPotion"},{"floor":33.0,"key":"PowerPotion"},{"floor":36.0,"key":"Dexterity Potion"},{"floor":44,"key":"Fruit Juice"}],"is_trial":true,"path_per_floor":["M","?","?","$","M","R","E","M","T","E","R","T","R","M","R","B",null,"M","M","$","M","M","R","?","E","T","E","?","?","E","M","R","B",null,"M","M","?","M","M","R","E","$","T","E","R","M","R","M","R","B",null],"character_chosen":"THE_SILENT","items_purchased":["Cloak And Dagger","Block Potion","Well Laid Plans","Meat on the Bone","Kunai","Trip+1"],"campfire_rested":3,"item_purchase_floors":[4,4,20,20,42,42],"current_hp_per_floor":[59,39,39,39,39,39,19,19,19,6,24,24,24,24,24,18,50,42,23,23,31,34,34,34,25,25,35,35,33,33,35,53,30,53,48,48,48,48,32,32,38,38,38,43,43,38,38,38,56,27],"gold":107,"neow_bonus":"","is_prod":false,"is_daily":false,"chose_seed":false,"campfire_upgraded":7,"win_rate":0,"timestamp":1551346422,"path_taken":["M","?","?","$","M","R","E","M","T","E","R","?","R","M","R","BOSS","M","M","$","M","M","R","?","E","T","E","?","?","E","M","R","BOSS","M","M","?","M","M","R","E","$","T","E","R","M","R","M","R","BOSS"],"build_version":"2019-01-23","purchased_purges":1,"victory":true,"max_hp_per_floor":[66,66,60,60,60,60,60,60,60,60,60,60,60,60,60,60,60,60,60,60,60,60,60,60,60,60,60,60,60,60,60,60,60,60,60,60,57,57,57,57,57,57,57,62,62,62,62,62,62,62],"card_choices":[{"not_picked":["Underhanded Strike","Deflect"],"picked":"Deadly Poison","floor":1.0},{"not_picked":["Poisoned Stab","Dagger Throw","Infinite Blades"],"picked":"SKIP","floor":5.0},{"not_picked":["Poisoned Stab","Infinite Blades"],"picked":"Dagger Throw","floor":5.0},{"not_picked":["Prepared","Reflex"],"picked":"Sucker Punch","floor":7.0},{"not_picked":["Outmaneuver","Poisoned Stab","Deflect"],"picked":"SKIP","floor":8.0},{"not_picked":["Venomology","Underhanded Strike","Masterful Stab"],"picked":"SKIP","floor":10.0},{"not_picked":["Flechettes+1","Choke+1"],"picked":"Poisoned Stab+1","floor":14.0},{"not_picked":["Venomology","Die Die Die+1"],"picked":"Burst","floor":16.0},{"not_picked":["Cloak And Dagger","Slice+1"],"picked":"Deadly Poison","floor":18.0},{"not_picked":["Poisoned Stab+1","Cloak And Dagger"],"picked":"PiercingWail","floor":19.0},{"not_picked":["Expertise","Deadly Poison"],"picked":"Backflip","floor":21.0},{"not_picked":["Flying Knee+1","Flechettes+1","Acrobatics"],"picked":"SKIP","floor":22.0},{"not_picked":["Dagger Spray+1","Bouncing Flask"],"picked":"Predator+1","floor":25.0},{"not_picked":["Skewer+1","Terror","Reflex"],"picked":"SKIP","floor":27.0},{"not_picked":["Caltrops+1","Poisoned Stab+1"],"picked":"Wraith Form v2","floor":29.0},{"not_picked":["Poisoned Stab+1","Flying Knee+1","Prepared+1"],"picked":"SKIP","floor":30.0},{"not_picked":["Skewer+1","Prepared+1"],"picked":"Well Laid Plans","floor":31.0},{"not_picked":["Storm of Steel+1","Tools of the Trade"],"picked":"Die Die Die+1","floor":33.0},{"not_picked":["Skewer+1","Outmaneuver+1"],"picked":"Escape Plan+1","floor":35.0},{"not_picked":["Flying Knee+1","Setup+1","Escape Plan+1"],"picked":"SKIP","floor":36.0},{"not_picked":["Masterful Stab+1","Expertise+1"],"picked":"PiercingWail+1","floor":38.0},{"not_picked":["Tools of the Trade","Bouncing Flask+1"],"picked":"Dodge and Roll+1","floor":39.0},{"not_picked":["Dodge and Roll+1","Bane+1","Tools of the Trade"],"picked":"SKIP","floor":41.0},{"not_picked":["Skewer+1","Dagger Throw+1"],"picked":"Leg Sweep+1","floor":44},{"not_picked":["Acrobatics+1","PiercingWail+1","Bane+1"],"picked":"SKIP","floor":46},{"not_picked":["Deadly Poison+1","Night Terror+1","Prepared+1"],"picked":"SKIP","floor":48}],"player_experience":415009,"relics_obtained":[{"floor":7.0,"key":"Snake Skull"},{"floor":9.0,"key":"Pen Nib"},{"floor":10.0,"key":"Vajra"},{"floor":12.0,"key":"Molten Egg 2"},{"floor":25.0,"key":"Bag of Marbles"},{"floor":26.0,"key":"Orichalcum"},{"floor":27.0,"key":"Toxic Egg 2"},{"floor":29.0,"key":"Red Mask"},{"floor":30.0,"key":"Mummified Hand"},{"floor":41.0,"key":"MawBank"},{"floor":43,"key":"Shuriken"},{"floor":44,"key":"Ornamental Fan"}],"event_choices":[{"damage_healed":0.0,"max_hp_gain":0.0,"max_hp_loss":0.0,"gold_gain":0.0,"event_name":"Shining Light","player_choice":"Entered Light","floor":2.0,"gold_loss":0.0,"damage_taken":20.0,"cards_upgraded":["Strike_G","Defend_G"]},{"damage_healed":0.0,"max_hp_gain":0.0,"max_hp_loss":6.0,"gold_gain":0.0,"event_name":"Golden Idol","player_choice":"Lose Max HP","floor":3.0,"gold_loss":0.0,"damage_taken":0.0,"relics_obtained":["Golden Idol"]},{"damage_healed":0.0,"max_hp_gain":0.0,"max_hp_loss":0.0,"gold_gain":0.0,"event_name":"Beggar","player_choice":"Ignored","floor":24.0,"gold_loss":0.0,"damage_taken":0.0},{"damage_healed":0.0,"max_hp_gain":0.0,"max_hp_loss":0.0,"gold_gain":0.0,"cards_transformed":["Strike_G","Strike_G"],"event_name":"Drug Dealer","player_choice":"Became Test Subject","floor":28.0,"gold_loss":0.0,"damage_taken":0.0,"cards_obtained":["Doppelganger","Malaise"]},{"damage_healed":0.0,"max_hp_gain":0.0,"max_hp_loss":0.0,"gold_gain":0.0,"event_name":"Masked Bandits","player_choice":"Fought Bandits","floor":29.0,"gold_loss":0.0,"damage_taken":0.0},{"damage_healed":0.0,"max_hp_gain":0.0,"max_hp_loss":3.0,"gold_gain":0.0,"event_name":"Winding Halls","player_choice":"Max HP","floor":37.0,"gold_loss":0.0,"damage_taken":0.0}],"is_beta":false,"boss_relics":[{"not_picked":["Sozu","Astrolabe"],"picked":"Philosopher\u0027s Stone"},{"not_picked":["Cursed Key","Calling Bell"],"picked":"Ring of the Serpent"}],"items_purged_floors":[42],"is_endless":false,"potions_floor_spawned":[7,14,16,19,21,22,25,27,33,36,41,44],"ascension_level":17}