{"gold_per_floor":[116,131,147,158,158,192,192,207,207,218,236,247,247,265,265,340,340,350,350,100,20,35,70,88,88,88,88,88,88,88,122,122,122],"floor_reached":33,"playtime":1846,"items_purged":[],"score":535,"play_id":"803173bf-2e80-44f3-abbb-327786a7c758","local_time":"20190111212144","is_ascension_mode":true,"campfire_choices":[{"data":"Dualcast","floor":7,"key":"SMITH"},{"data":"Defragment","floor":13,"key":"SMITH"},{"floor":15,"key":"REST"},{"floor":27,"key":"REST"},{"data":"Go for the Eyes","floor":29,"key":"SMITH"},{"floor":32,"key":"REST"}],"neow_cost":"NONE","seed_source_timestamp":44403613138549,"circlet_count":0,"master_deck":["AscendersBane","Strike_B","Strike_B","Strike_B","Strike_B","Defend_B","Defend_B+1","Zap+1","Dualcast+1","Glacier","Defragment+1","Seek","Conserve Battery","Coolheaded+1","Conserve Battery","Creative AI","Cold Snap","Writhe","Chill","Loop","All For One","Conserve Battery+1","Decay","Decay","Cold Snap","Lockon","Go for the Eyes+1","Glacier","Barrage"],"relics":["Cracked Core","Art of War","Ornamental Fan","Cursed Key","Dream Catcher","War Paint","Emotion Chip","Frozen Egg 2","Bag of Marbles"],"potions_floor_usage":[6,16,16,23],"damage_taken":[{"damage":1,"enemies":"Cultist","floor":1,"turns":3},{"damage":1,"enemies":"Jaw Worm","floor":2,"turns":7},{"damage":0,"enemies":"Small Slimes","floor":3,"turns":4},{"damage":10,"enemies":"Exordium Wildlife","floor":4,"turns":5},{"damage":16,"enemies":"3 Sentries","floor":6,"turns":11},{"damage":0,"enemies":"Large Slime","floor":8,"turns":8},{"damage":0,"enemies":"2 Fungi Beasts","floor":10,"turns":3},{"damage":1,"enemies":"Looter","floor":11,"turns":4},{"damage":16,"enemies":"Exordium Wildlife","floor":12,"turns":6},{"damage":9,"enemies":"3 Louse","floor":14,"turns":4},{"damage":20,"enemies":"The Guardian","floor":16,"turns":18},{"damage":12,"enemies":"Chosen","floor":18,"turns":6},{"damage":8,"enemies":"2 Thieves","floor":21,"turns":4},{"damage":2,"enemies":"Snecko","floor":22,"turns":11},{"damage":22,"enemies":"Slavers","floor":23,"turns":5},{"damage":6,"enemies":"3 Cultists","floor":24,"turns":3},{"damage":25,"enemies":"Gremlin Leader","floor":31,"turns":9},{"damage":26,"enemies":"Champ","floor":33,"turns":6}],"seed_played":"-2431776836759450781","potions_obtained":[{"floor":3,"key":"SkillPotion"},{"floor":4,"key":"PowerPotion"},{"floor":6,"key":"FocusPotion"},{"floor":18,"key":"SkillPotion"},{"floor":22,"key":"SteroidPotion"},{"floor":31,"key":"SteroidPotion"}],"is_trial":false,"path_per_floor":["M","M","M","M","?","E","R","M","T","M","M","M","R","M","R","B",null,"M","?","$","M","M","E","M","?","T","R","?","R","?","E","R","B"],"character_chosen":"DEFECT","items_purchased":["Chill","War Paint"],"campfire_rested":3,"item_purchase_floors":[20,20],"current_hp_per_floor":[63,62,62,52,52,36,36,36,36,36,35,19,19,10,31,11,56,44,44,44,36,34,12,6,6,6,27,27,27,27,2,23,0],"gold":122,"neow_bonus":"UPGRADE_CARD","is_prod":false,"is_daily":false,"chose_seed":false,"campfire_upgraded":3,"win_rate":0,"timestamp":1547270504,"path_taken":["M","M","M","?","?","E","R","M","T","M","M","M","R","M","R","BOSS","M","?","$","M","M","E","M","?","T","R","?","R","?","E","R","BOSS"],"build_version":"2019-01-10","purchased_purges":0,"victory":false,"max_hp_per_floor":[71,71,71,71,71,71,71,71,71,71,71,71,71,71,71,71,71,71,71,71,71,71,71,71,71,71,71,71,71,71,71,71,71],"card_choices":[{"not_picked":["Stack","Consume"],"picked":"Glacier","floor":1},{"not_picked":["Rebound","Streamline","Gash"],"picked":"SKIP","floor":2},{"not_picked":["Fusion","Hologram"],"picked":"Defragment","floor":3},{"not_picked":["Double Energy","Steam Power","Doom and Gloom"],"picked":"SKIP","floor":4},{"not_picked":["Creative AI","Cold Snap"],"picked":"Seek","floor":6},{"not_picked":["Redo","Beam Cell"],"picked":"Conserve Battery","floor":8},{"not_picked":["Redo","Leap"],"picked":"Coolheaded","floor":10},{"not_picked":["Stack","Compile Driver","Steam"],"picked":"SKIP","floor":11},{"not_picked":["Sweeping Beam","Thunder Strike","Heatsinks"],"picked":"SKIP","floor":12},{"not_picked":["Darkness","Heatsinks"],"picked":"Conserve Battery","floor":14},{"not_picked":["Multi-Cast","Buffer"],"picked":"Creative AI","floor":16},{"not_picked":["Redo","Steam"],"picked":"Cold Snap","floor":18},{"not_picked":["Doom and Gloom+1","Coolheaded"],"picked":"Loop","floor":21},{"not_picked":["Gash","Steam","Beam Cell"],"picked":"SKIP","floor":22},{"not_picked":["Consume","Recycle+1"],"picked":"All For One","floor":23},{"not_picked":["Defragment","Hologram"],"picked":"Conserve Battery+1","floor":24},{"not_picked":["Rebound","Leap"],"picked":"Cold Snap","floor":27},{"not_picked":["Hello World+1","Streamline"],"picked":"Glacier","floor":31},{"not_picked":["Reinforced Body","Rebound"],"picked":"Barrage","floor":32}],"player_experience":1110940,"relics_obtained":[{"floor":6,"key":"Art of War"},{"floor":9,"key":"Ornamental Fan"},{"floor":23,"key":"Emotion Chip"},{"floor":26,"key":"Frozen Egg 2"},{"floor":31,"key":"Bag of Marbles"}],"event_choices":[{"damage_healed":0,"gold_gain":0,"player_choice":"Ignored","damage_taken":0,"max_hp_gain":0,"max_hp_loss":0,"event_name":"Liars Game","floor":5,"gold_loss":0},{"damage_healed":0,"gold_gain":0,"player_choice":"Opened","damage_taken":0,"relics_obtained":["Dream Catcher"],"max_hp_gain":0,"max_hp_loss":0,"event_name":"The Mausoleum","floor":19,"gold_loss":0,"cards_obtained":["Writhe"]},{"damage_healed":0,"gold_gain":0,"player_choice":"Smashed Altar","damage_taken":0,"max_hp_gain":0,"max_hp_loss":0,"event_name":"Forgotten Altar","floor":25,"gold_loss":0,"cards_obtained":["Decay"]},{"damage_healed":0,"gold_gain":0,"cards_transformed":["Defend_B","Defend_B"],"player_choice":"Became Test Subject","damage_taken":0,"max_hp_gain":0,"max_hp_loss":0,"event_name":"Drug Dealer","floor":28,"gold_loss":0,"cards_obtained":["Lockon","Go for the Eyes"]},{"damage_healed":0,"gold_gain":0,"player_choice":"Ignored","damage_taken":0,"max_hp_gain":0,"max_hp_loss":0,"event_name":"Vampires","floor":30,"gold_loss":0}],"is_beta":false,"boss_relics":[{"not_picked":["Runic Pyramid","Ectoplasm"],"picked":"Cursed Key"}],"items_purged_floors":[],"is_endless":false,"potions_floor_spawned":[3,4,6,8,14,18,22,31],"killed_by":"Champ","ascension_level":17}