{"gold_per_floor":[119,194,6,6,20,46,64,96,96,426,426,436,436,446,446,525,525,544,558,29,47,64,64,64],"floor_reached":24,"playtime":1776,"items_purged":["Strike_B","Strike_B"],"score":425,"play_id":"7725315b-c3cd-4c34-b942-786f389f834a","local_time":"20190126132935","is_ascension_mode":true,"campfire_choices":[{"data":"Zap","floor":13,"key":"SMITH"},{"data":"Dualcast","floor":15,"key":"SMITH"},{"floor":23,"key":"REST"}],"neow_cost":"NONE","seed_source_timestamp":7223074205701,"circlet_count":0,"master_deck":["AscendersBane","Strike_B","Strike_B","Defend_B","Defend_B+1","Defend_B","Defend_B+1","Zap+1","Dualcast+1","Reinforced Body","Darkness+1","Sunder","Sweeping Beam","Defragment","Cold Snap","Compile Driver","Cold Snap","Leap","Echo Form","Static Discharge+1","Multi-Cast","Loop"],"relics":["Cracked Core","NeowsBlessing","Sundial","Dodecahedron","Pear","Old Coin","Inserter","War Paint"],"potions_floor_usage":[8,10,16,19,22,22],"damage_taken":[{"damage":0,"enemies":"Jaw Worm","floor":1,"turns":1},{"damage":0,"enemies":"Small Slimes","floor":5,"turns":1},{"damage":0,"enemies":"Lagavulin","floor":6,"turns":1},{"damage":5,"enemies":"2 Louse","floor":7,"turns":2},{"damage":12,"enemies":"3 Sentries","floor":8,"turns":8},{"damage":15,"enemies":"Lagavulin","floor":10,"turns":5},{"damage":0,"enemies":"2 Fungi Beasts","floor":12,"turns":2},{"damage":0,"enemies":"Large Slime","floor":14,"turns":4},{"damage":1,"enemies":"The Guardian","floor":16,"turns":10},{"damage":18,"enemies":"Shell Parasite","floor":18,"turns":7},{"damage":23,"enemies":"2 Thieves","floor":19,"turns":4},{"damage":12,"enemies":"Snecko","floor":21,"turns":5},{"damage":21,"enemies":"Shelled Parasite and Fungi","floor":22,"turns":8},{"damage":43,"enemies":"Book of Stabbing","floor":24,"turns":3}],"seed_played":"3323123780583877281","potions_obtained":[{"floor":1,"key":"Weak Potion"},{"floor":6,"key":"Dexterity Potion"},{"floor":12,"key":"SkillPotion"},{"floor":16,"key":"Swift Potion"},{"floor":19,"key":"Explosive Potion"}],"is_trial":false,"path_per_floor":["M","?","$","?","M","E","M","E","T","E","?","M","R","M","R","B",null,"M","M","$","M","M","R","E"],"character_chosen":"DEFECT","items_purchased":["Darkness","Sunder","War Paint","Multi-Cast","Dexterity Potion","Loop"],"campfire_rested":1,"item_purchase_floors":[3,3,20,20,20,20],"current_hp_per_floor":[64,53,53,53,53,53,48,36,46,31,58,58,58,58,58,57,75,57,34,34,22,1,25,0],"gold":64,"neow_bonus":"THREE_ENEMY_KILL","is_prod":false,"is_daily":false,"chose_seed":false,"campfire_upgraded":2,"win_rate":0,"timestamp":1548530975,"path_taken":["M","?","$","?","M","E","M","E","T","E","?","M","R","M","R","BOSS","M","M","$","M","M","R","E"],"build_version":"2019-01-23","purchased_purges":2,"victory":false,"max_hp_per_floor":[71,71,71,71,71,71,71,71,81,81,81,81,81,81,81,81,81,81,81,81,81,81,81,81],"card_choices":[{"not_picked":["Loop","Chaos"],"picked":"Reinforced Body","floor":1},{"not_picked":["Blizzard","Redo"],"picked":"Sweeping Beam","floor":5},{"not_picked":["Rebound","Force Field"],"picked":"Defragment","floor":6},{"not_picked":["Sweeping Beam","Streamline"],"picked":"Cold Snap","floor":7},{"not_picked":["Consume","Stack","Barrage"],"picked":"SKIP","floor":8},{"not_picked":["Beam Cell","Reinforced Body"],"picked":"Compile Driver","floor":10},{"not_picked":["Amplify","Go for the Eyes"],"picked":"Cold Snap","floor":12},{"not_picked":["Gash","Redo"],"picked":"Leap","floor":14},{"not_picked":["Seek","Meteor Strike"],"picked":"Echo Form","floor":16},{"not_picked":["Stack","Streamline","Rebound"],"picked":"SKIP","floor":18},{"not_picked":["Cold Snap","Barrage"],"picked":"Static Discharge+1","floor":19},{"not_picked":["Double Energy","Hello World","Tempest"],"picked":"SKIP","floor":21},{"not_picked":["Reinforced Body","Gash","Barrage"],"picked":"SKIP","floor":22}],"player_experience":498766,"relics_obtained":[{"floor":6,"key":"Sundial"},{"floor":8,"key":"Dodecahedron"},{"floor":9,"key":"Pear"},{"floor":10,"key":"Old Coin"}],"event_choices":[{"damage_healed":0,"gold_gain":75,"player_choice":"Gather Gold","damage_taken":11,"max_hp_gain":0,"max_hp_loss":0,"event_name":"World of Goop","floor":2,"gold_loss":0},{"damage_healed":0,"gold_gain":0,"player_choice":"Grow","damage_taken":0,"max_hp_gain":0,"max_hp_loss":0,"event_name":"Living Wall","floor":4,"gold_loss":0,"cards_upgraded":["Darkness"]},{"damage_healed":27,"gold_gain":0,"player_choice":"Banana","damage_taken":0,"max_hp_gain":0,"max_hp_loss":0,"event_name":"Big Fish","floor":11,"gold_loss":0}],"is_beta":false,"boss_relics":[{"not_picked":["Runic Dome","FrozenCore"],"picked":"Inserter"}],"items_purged_floors":[3,20],"is_endless":false,"potions_floor_spawned":[1,6,7,12,16,19],"killed_by":"Book of Stabbing","ascension_level":15}