{"path_per_floor":["M","M","$","?","?","E","R","M","T","R","E","?","?","$","R","B",null,"M","$","M","?","M","E","?","?","T","R","T","R","M","E","R","B",null,"M","?","?","?","?"],"character_chosen":"THE_SILENT","items_purchased":["Bane","Oddly Smooth Stone","Deadly Poison"],"gold_per_floor":[112,130,55,55,55,98,98,123,123,123,163,238,238,91,91,211,211,230,30,46,46,61,94,9,9,9,9,88,88,107,141,141,266,266,281,281,281,614,660],"floor_reached":40,"campfire_rested":3,"playtime":9720,"current_hp_per_floor":[70,70,70,53,53,43,43,43,43,64,64,53,46,46,67,56,70,70,70,61,45,45,43,43,66,66,66,66,66,58,39,60,27,70,52,43,43,43,43],"items_purged":["Strike_G","Strike_G"],"gold":660,"score":502,"play_id":"c4215d9d-a088-42d9-9c71-285b0a9a2412","local_time":"20180312220006","is_prod":false,"is_daily":false,"is_ascension_mode":false,"campfire_upgraded":3,"timestamp":1520917206,"path_taken":["M","M","$","?","?","E","R","M","T","R","E","?","?","$","R","BOSS","M","$","M","?","M","E","?","?","T","R","?","R","M","E","R","BOSS","M","?","?","?","?","E"],"build_version":"2018-03-09","purchased_purges":2,"victory":false,"master_deck":["Defend_G","Defend_G","Defend_G","Defend_G","Defend_G","Strike_G","Survivor","Neutralize+1","Bane","Bouncing Flask+1","Noxious Fumes+1","Bane","Venomology","Bane","Deadly Poison","Bouncing Flask+1","Catalyst+1","Bane","Bane+1","Deflect+1","Madness","Madness","Noxious Fumes"],"max_hp_per_floor":[70,70,70,70,70,70,70,70,70,70,70,70,70,70,70,70,70,70,70,70,70,70,70,70,70,70,70,70,70,70,70,70,70,70,70,70,70,70,84],"relics":["Ring of the Snake","Snake Skull","Anchor","Juzu Bracelet","Runic Pyramid","Oddly Smooth Stone","Nilry\u0027s Codex","Prayer Wheel","Blood Vial","Torii","Matryoshka","Centennial Puzzle","White Beast Statue","Ancient Tea Set","Mango"],"card_choices":[{"not_picked":["Deadly Poison","Underhanded Strike"],"picked":"Bane"},{"not_picked":["Backstab","Acrobatics"],"picked":"Bouncing Flask"},{"not_picked":["Poisoned Stab","Sucker Punch"],"picked":"Noxious Fumes"},{"not_picked":["Night Terror","A Thousand Cuts"],"picked":"Venomology"},{"not_picked":["Flying Knee","Skewer"],"picked":"Bane"},{"not_picked":["Underhanded Strike","Eviscerate"],"picked":"Bouncing Flask"},{"not_picked":["Outmaneuver","Backflip"],"picked":"Catalyst"},{"not_picked":["Poisoned Stab","Well Laid Plans"],"picked":"Bane"},{"not_picked":["Eviscerate","Dodge and Roll"],"picked":"Bane"},{"not_picked":["Prepared","Riddle With Holes"],"picked":"Deflect"},{"not_picked":["Poisoned Stab","Quick Slash"],"picked":"Noxious Fumes"}],"player_experience":82868,"potions_floor_usage":[6,20,20,23,23,23,30,31,31,31,33,35,39,39,40,40],"damage_taken":[{"damage":0,"enemies":"2 Louse","floor":1,"turns":3},{"damage":0,"enemies":"Small Slimes","floor":2,"turns":7},{"damage":10,"enemies":"3 Sentries","floor":6,"turns":10},{"damage":0,"enemies":"Jaw Worm","floor":8,"turns":3},{"damage":0,"enemies":"Lagavulin","floor":11,"turns":4},{"damage":11,"enemies":"Slime Boss","floor":16,"turns":8},{"damage":0,"enemies":"Chosen","floor":18,"turns":4},{"damage":9,"enemies":"3 Byrds","floor":20,"turns":4},{"damage":0,"enemies":"Centurion and Healer","floor":22,"turns":6},{"damage":2,"enemies":"Book of Stabbing","floor":23,"turns":6},{"damage":10,"enemies":"Snecko","floor":30,"turns":7},{"damage":21,"enemies":"Slavers","floor":31,"turns":4},{"damage":35,"enemies":"Collector","floor":33,"turns":5},{"damage":18,"enemies":"Orb Walker","floor":35,"turns":4},{"damage":19,"enemies":"Mysterious Sphere","floor":39,"turns":5},{"damage":77,"enemies":"2 Orb Walkers","floor":40,"turns":5}],"event_choices":[{"event_name":"Golden Idol","player_choice":"Take Damage","floor":4,"damage_taken":0},{"event_name":"Living Wall","player_choice":"Grow","floor":5,"damage_taken":0},{"event_name":"World of Goop","player_choice":"Gather Gold","floor":12,"damage_taken":0},{"event_name":"Golden Wing","player_choice":"Card Removal","floor":13,"damage_taken":0},{"event_name":"Cursed Tome","player_choice":"Obtained Book","floor":21,"damage_taken":0},{"event_name":"Addict","player_choice":"Obtained Relic","floor":24,"damage_taken":0},{"event_name":"The Library","player_choice":"Heal","floor":25,"damage_taken":0},{"event_name":"Winding Halls","player_choice":"Embrace Madness","floor":36,"damage_taken":0},{"event_name":"Wheel of Change","player_choice":"Relic","floor":37,"damage_taken":0},{"event_name":"The Moai Head","player_choice":"Gave Idol","floor":38,"damage_taken":0},{"event_name":"Mysterious Sphere","player_choice":"Fight","floor":39,"damage_taken":0}],"boss_relics":[{"not_picked":["Orrery","Eternal Feather"],"picked":"Runic Pyramid"},{"not_picked":["Calling Bell","Astrolabe"],"picked":"White Beast Statue"}],"potions_floor_spawned":[1,6,18,30,35,39],"seed_played":"3516583487894985335","killed_by":"2 Orb Walkers","ascension_level":0,"is_trial":false}