{"gold_per_floor":[131,161,184,207,238,250,277,315,327,366,17,17,51,16,16,116,116,131,112,122,135,150,150,167,167,167,186,285,285,285],"floor_reached":30,"playtime":1843,"items_purged":["Strike_R"],"score":269,"play_id":"b4894fa2-cf56-4635-a216-cc82bbddcd55","local_time":"20181006203945","is_ascension_mode":true,"campfire_choices":[{"data":"Armaments","floor":6,"key":"SMITH"},{"floor":12,"key":"REST"},{"data":"Spot Weakness","floor":15,"key":"SMITH"},{"floor":23,"key":"REST"},{"data":"Armaments","floor":25,"key":"SMITH"},{"data":"Barricade","floor":29,"key":"SMITH"}],"neow_cost":"NONE","seed_source_timestamp":1992332465025230,"circlet_count":0,"master_deck":["Strike_R","Strike_R","Strike_R","Strike_R","Defend_R","Defend_R","Defend_R+1","Defend_R+1","Bash","Thunderclap","Fire Breathing","Armaments+1","Cleave","Whirlwind","Ghostly Armor","Body Slam","Spot Weakness+1","Barricade+1","Pommel Strike","Flame Barrier+1","Metallicize+1","Anger","Armaments+1","Feel No Pain"],"relics":["Burning Blood","MawBank","Peace Pipe","Blue Candle","War Paint","Pantograph","Orichalcum","Sozu","Sundial"],"potions_floor_usage":[7,8,10,10],"damage_taken":[{"damage":2,"enemies":"Small Slimes","floor":1,"turns":3},{"damage":0,"enemies":"2 Louse","floor":2,"turns":3},{"damage":1,"enemies":"Cultist","floor":3,"turns":3},{"damage":16,"enemies":"Lots of Slimes","floor":4,"turns":3},{"damage":6,"enemies":"Blue Slaver","floor":5,"turns":4},{"damage":5,"enemies":"Looter","floor":7,"turns":3},{"damage":18,"enemies":"Gremlin Nob","floor":8,"turns":5},{"damage":29,"enemies":"Lagavulin","floor":10,"turns":7},{"damage":25,"enemies":"Gremlin Nob","floor":13,"turns":5},{"damage":58,"enemies":"Slime Boss","floor":16,"turns":11},{"damage":7,"enemies":"Spheric Guardian","floor":18,"turns":4},{"damage":14,"enemies":"2 Thieves","floor":19,"turns":4},{"damage":23,"enemies":"Snecko","floor":20,"turns":5},{"damage":27,"enemies":"Centurion and Healer","floor":21,"turns":12},{"damage":0,"enemies":"Chosen and Byrds","floor":22,"turns":8},{"damage":7,"enemies":"Snake Plant","floor":24,"turns":4},{"damage":11,"enemies":"Centurion and Healer","floor":27,"turns":9},{"damage":66,"enemies":"Slavers","floor":30,"turns":4}],"seed_played":"8398987756954499401","potions_obtained":[{"floor":1,"key":"Poison Potion"},{"floor":2,"key":"SkillPotion"},{"floor":4,"key":"Fire Potion"},{"floor":7,"key":"Weak Potion"}],"is_trial":false,"path_per_floor":["M","M","M","M","M","R","M","E","T","E","$","R","E","?","R","B",null,"M","M","M","M","M","R","M","R","T","M","?","R"],"character_chosen":"IRONCLAD","items_purchased":["Body Slam","Pantograph"],"campfire_rested":2,"item_purchase_floors":[11,11],"current_hp_per_floor":[80,80,80,70,70,70,71,59,59,36,36,60,41,61,61,28,80,79,71,54,33,39,63,62,62,62,57,57,57,0],"gold":285,"neow_bonus":"RANDOM_COMMON_RELIC","is_prod":false,"is_daily":false,"chose_seed":false,"campfire_upgraded":4,"win_rate":0,"timestamp":1538851185,"path_taken":["M","M","M","M","M","R","M","E","T","E","$","R","E","?","R","BOSS","M","M","M","M","M","R","?","R","T","M","?","R","E"],"build_version":"2018-10-04v2","purchased_purges":1,"victory":false,"max_hp_per_floor":[80,80,80,80,80,80,80,80,80,80,80,80,80,80,80,80,80,80,80,80,80,80,80,80,80,80,80,80,80,80],"card_choices":[{"not_picked":["Hemokinesis","Bloodletting"],"picked":"Thunderclap","floor":1},{"not_picked":["Warcry","Dual Wield","Rage"],"picked":"SKIP","floor":2},{"not_picked":["Clash","Headbutt"],"picked":"Fire Breathing","floor":3},{"not_picked":["Feel No Pain","Thunderclap"],"picked":"Armaments","floor":4},{"not_picked":["Sword Boomerang","Headbutt"],"picked":"Cleave","floor":5},{"not_picked":["Searing Blow","Flex"],"picked":"Whirlwind","floor":7},{"not_picked":["Pummel","Thunderclap"],"picked":"Ghostly Armor","floor":8},{"not_picked":["Pummel","Seeing Red","Perfected Strike"],"picked":"SKIP","floor":10},{"not_picked":["Perfected Strike","Shrug It Off"],"picked":"Spot Weakness","floor":13},{"not_picked":["Impervious","Reaper"],"picked":"Barricade","floor":16},{"not_picked":["Intimidate","Perfected Strike+1"],"picked":"Pommel Strike","floor":18},{"not_picked":["Carnage","Sword Boomerang","Thunderclap+1"],"picked":"SKIP","floor":19},{"not_picked":["Flex","True Grit"],"picked":"Flame Barrier+1","floor":20},{"not_picked":["Clothesline","Flex+1"],"picked":"Metallicize+1","floor":21},{"not_picked":["Rupture","Heavy Blade+1"],"picked":"Anger","floor":22},{"not_picked":["Perfected Strike","Flex"],"picked":"Armaments","floor":24},{"not_picked":["Wild Strike","Barricade"],"picked":"Feel No Pain","floor":27}],"player_experience":115983,"relics_obtained":[{"floor":8,"key":"Peace Pipe"},{"floor":9,"key":"Blue Candle"},{"floor":10,"key":"War Paint"},{"floor":13,"key":"Orichalcum"},{"floor":26,"key":"Sundial"}],"event_choices":[{"event_name":"The Cleric","player_choice":"Healed","floor":14,"damage_taken":0},{"event_name":"Nest","player_choice":"Stole From Cult","floor":28,"damage_taken":0}],"is_beta":false,"boss_relics":[{"not_picked":["Orrery","Philosopher\u0027s Stone"],"picked":"Sozu"}],"items_purged_floors":[11],"is_endless":false,"potions_floor_spawned":[1,2,4,7,21],"killed_by":"Slavers","ascension_level":1}