{"gold_per_floor":[110,123,137,151,170,170,180,180,180,215,230,230,5,5,5,105,105,122,132,32,32,32,32,62,78,101,101,132,146,146,166,166,267,267,279,297,297,297,17,17,35,35,35,54,35,35,12,24,24,24],"floor_reached":51,"playtime":4433,"items_purged":["Strike_B","Strike_B","Writhe"],"score":783,"play_id":"78eba615-7c51-4b71-82dd-de027fa0da3e","local_time":"20190121100321","is_ascension_mode":true,"campfire_choices":[{"data":"Dualcast","floor":6.0,"key":"SMITH"},{"data":"Streamline","floor":8.0,"key":"SMITH"},{"data":"Buffer","floor":12.0,"key":"SMITH"},{"data":"Consume","floor":15.0,"key":"SMITH"},{"data":"Zap","floor":23.0,"key":"SMITH"},{"data":"Loop","floor":27.0,"key":"SMITH"},{"data":"Capacitor","floor":30.0,"key":"SMITH"},{"floor":32.0,"key":"REST"},{"data":"Fission","floor":40.0,"key":"SMITH"},{"data":"Madness","floor":42.0,"key":"SMITH"},{"floor":49,"key":"REST"}],"neow_cost":"NONE","seed_source_timestamp":36409033048919,"circlet_count":0,"master_deck":["Strike_B","Defend_B","Defend_B","Defend_B","Defend_B","Zap+1","Dualcast+1","Blind","Coolheaded","Genetic Algorithm","Streamline+1","Hologram","Consume+1","Buffer+1","Glacier","Conserve Battery","Auto Shields","Doom and Gloom","Electrodynamics","Loop+1","Redo+1","Auto Shields","Go for the Eyes","Ball Lightning+1","Capacitor+1","Stack","Fission+1","Capacitor+1","Defragment+1","Madness","Madness+1","Hologram","Beam Cell+1","Leap+1","Defragment","Lockon","Conserve Battery","Tempest"],"special_seed":0,"relics":["Cracked Core","Pen Nib","Shovel","Lizard Tail","Centennial Puzzle","Mercury Hourglass","Pear","Regal Pillow","Bag of Marbles","Sozu","Membership Card","Whetstone"],"potions_floor_usage":[50,50],"damage_taken":[{"damage":2.0,"enemies":"Cultist","floor":1.0,"turns":4.0},{"damage":2.0,"enemies":"Jaw Worm","floor":2.0,"turns":3.0},{"damage":7.0,"enemies":"Small Slimes","floor":3.0,"turns":4.0},{"damage":5.0,"enemies":"Blue Slaver","floor":4.0,"turns":3.0},{"damage":0.0,"enemies":"Large Slime","floor":5.0,"turns":5.0},{"damage":0.0,"enemies":"Red Slaver","floor":7.0,"turns":5.0},{"damage":11.0,"enemies":"Gremlin Nob","floor":10.0,"turns":4.0},{"damage":9.0,"enemies":"Lots of Slimes","floor":11.0,"turns":5.0},{"damage":0.0,"enemies":"Slime Boss","floor":16.0,"turns":9.0},{"damage":4.0,"enemies":"3 Byrds","floor":18.0,"turns":5.0},{"damage":0.0,"enemies":"Spheric Guardian","floor":19.0,"turns":3.0},{"damage":26.0,"enemies":"Gremlin Leader","floor":24.0,"turns":6.0},{"damage":0.0,"enemies":"3 Cultists","floor":25.0,"turns":4.0},{"damage":7.0,"enemies":"Book of Stabbing","floor":28.0,"turns":5.0},{"damage":13.0,"enemies":"Snecko","floor":29.0,"turns":4.0},{"damage":15.0,"enemies":"Snake Plant","floor":31.0,"turns":4.0},{"damage":33.0,"enemies":"Collector","floor":33.0,"turns":9.0},{"damage":0.0,"enemies":"Orb Walker","floor":35.0,"turns":5.0},{"damage":4.0,"enemies":"3 Shapes","floor":36.0,"turns":4.0},{"damage":18.0,"enemies":"Transient","floor":41.0,"turns":5.0},{"damage":0,"enemies":"4 Shapes","floor":44,"turns":3},{"damage":27,"enemies":"Jaw Worm Horde","floor":48,"turns":5},{"damage":18,"enemies":"Donu and Deca","floor":50,"turns":10}],"seed_played":"4329971886899468747","potions_obtained":[{"floor":2.0,"key":"SkillPotion"},{"floor":5.0,"key":"Poison Potion"},{"floor":7.0,"key":"AttackPotion"},{"floor":10.0,"key":"Dexterity Potion"},{"floor":16.0,"key":"Block Potion"},{"floor":24.0,"key":"Regen Potion"},{"floor":28.0,"key":"FairyPotion"},{"floor":29.0,"key":"FearPotion"},{"floor":33.0,"key":"FearPotion"}],"is_trial":false,"path_per_floor":["M","M","M","M","M","R","M","R","T","E","M","R","$","?","R","B",null,"M","M","$","?","?","R","E","M","T","R","E","M","R","M","R","B",null,"M","M","?","?","$","R","M","R","T","M","$","?","$","M","R","B",null],"character_chosen":"DEFECT","items_purchased":["Auto Shields","Doom and Gloom","Membership Card","Hologram","Defragment","Conserve Battery"],"campfire_rested":2,"item_purchase_floors":[13,13,39,39,45,47],"current_hp_per_floor":[73,71,64,59,59,59,59,59,59,48,39,39,39,32,32,32,75,71,71,71,71,71,71,55,55,55,55,48,35,35,20,60,27,85,85,81,70,70,70,70,52,52,52,52,52,52,52,25,65,62],"gold":24,"neow_bonus":"RANDOM_COLORLESS","is_prod":false,"is_daily":false,"chose_seed":false,"campfire_upgraded":9,"win_rate":0,"timestamp":1548061401,"path_taken":["M","M","?","M","M","R","M","R","T","E","M","R","$","?","R","BOSS","M","M","$","?","?","R","E","M","T","R","E","M","R","?","R","BOSS","M","M","?","?","$","R","?","R","T","M","?","?","$","M","R","BOSS"],"build_version":"2018-12-20","purchased_purges":3,"victory":true,"max_hp_per_floor":[75,75,75,75,75,75,75,75,75,75,75,75,75,75,75,75,75,75,75,75,75,75,75,85,85,85,85,85,85,85,85,85,85,85,85,85,85,85,85,85,85,85,85,85,85,85,85,85,85,85],"card_choices":[{"not_picked":["Heatsinks","Gash"],"picked":"Coolheaded","floor":1.0},{"not_picked":["Streamline","Static Discharge"],"picked":"Genetic Algorithm","floor":2.0},{"not_picked":["Cold Snap","Compile Driver"],"picked":"Streamline","floor":3.0},{"not_picked":["Steam","Static Discharge"],"picked":"Hologram","floor":4.0},{"not_picked":["Reinforced Body","Scrape"],"picked":"Consume","floor":5.0},{"not_picked":["Redo","Sweeping Beam"],"picked":"Buffer","floor":7.0},{"not_picked":["Gash","Blizzard"],"picked":"Glacier","floor":10.0},{"not_picked":["Capacitor","Reinforced Body"],"picked":"Conserve Battery","floor":11.0},{"not_picked":["Biased Cognition","Seek"],"picked":"Electrodynamics","floor":16.0},{"not_picked":["Genetic Algorithm","Hologram"],"picked":"Loop","floor":18.0},{"not_picked":["Compile Driver","Barrage+1"],"picked":"Redo+1","floor":19.0},{"not_picked":["Compile Driver+1","Ball Lightning"],"picked":"Auto Shields","floor":24.0},{"not_picked":["Biased Cognition","Aggregate"],"picked":"Go for the Eyes","floor":25.0},{"not_picked":["Aggregate","Sunder"],"picked":"Ball Lightning","floor":28.0},{"not_picked":["Reprogram","Go for the Eyes"],"picked":"Capacitor","floor":29.0},{"not_picked":["Beam Cell","Skim"],"picked":"Stack","floor":31.0},{"not_picked":["Reboot","All For One"],"picked":"Fission","floor":33.0},{"not_picked":["Sweeping Beam+1","Go for the Eyes"],"picked":"Capacitor+1","floor":35.0},{"not_picked":["Glacier+1","Go for the Eyes+1"],"picked":"Defragment+1","floor":36.0},{"not_picked":["Compile Driver","Heatsinks"],"picked":"Beam Cell","floor":41.0},{"not_picked":["Reinforced Body","Compile Driver+1"],"picked":"Leap+1","floor":44},{"not_picked":["Lockon+1","Storm"],"picked":"Tempest","floor":48}],"player_experience":68673,"relics_obtained":[{"floor":9.0,"key":"Pen Nib"},{"floor":10.0,"key":"Shovel"},{"floor":24.0,"key":"Pear"},{"floor":26.0,"key":"Regal Pillow"},{"floor":28.0,"key":"Bag of Marbles"},{"floor":43.0,"key":"Whetstone"}],"event_choices":[{"cards_removed":["Strike_B"],"damage_healed":0.0,"max_hp_gain":0.0,"max_hp_loss":0.0,"gold_gain":0.0,"event_name":"Golden Wing","player_choice":"Card Removal","floor":14.0,"gold_loss":0.0,"damage_taken":7.0},{"damage_healed":0.0,"max_hp_gain":0.0,"max_hp_loss":0.0,"gold_gain":0.0,"event_name":"The Mausoleum","player_choice":"Opened","floor":21.0,"gold_loss":0.0,"damage_taken":0.0,"relics_obtained":["Centennial Puzzle"],"cards_obtained":["Writhe"]},{"damage_healed":0.0,"max_hp_gain":0.0,"max_hp_loss":0.0,"gold_gain":0.0,"event_name":"WeMeetAgain","player_choice":"Gave Potion","floor":22.0,"gold_loss":0.0,"damage_taken":0.0,"relics_obtained":["Mercury Hourglass"]},{"damage_healed":0.0,"max_hp_gain":0.0,"max_hp_loss":0.0,"gold_gain":0.0,"event_name":"Winding Halls","player_choice":"Embrace Madness","floor":37.0,"gold_loss":0.0,"damage_taken":11.0,"cards_obtained":["Madness","Madness"]},{"damage_healed":0.0,"max_hp_gain":0.0,"max_hp_loss":0.0,"gold_gain":0.0,"event_name":"Lab","player_choice":"Got Potions","floor":38.0,"gold_loss":0.0,"damage_taken":0.0},{"damage_healed":0,"gold_gain":0,"player_choice":"1 cards matched","damage_taken":0,"max_hp_gain":0,"max_hp_loss":0,"event_name":"Match and Keep!","floor":46,"gold_loss":0,"cards_obtained":["Lockon"]}],"is_beta":false,"boss_relics":[{"not_picked":["Ectoplasm","Astrolabe"],"picked":"Lizard Tail"},{"not_picked":["Cursed Key","Runic Pyramid"],"picked":"Sozu"}],"items_purged_floors":[13,20,39],"is_endless":false,"potions_floor_spawned":[2,5,7,10,11,16,24,28,29,33,35,41,44],"ascension_level":2}