{"gold_per_floor":[110,110,130,54,229,259,278,296,296,325,325,345,365,64,64,163,163,181,199,9,9,9,34,51,51,77,104,114,133,148,47,47,144,144,155,0,0,15,31,43,43,43,43,56,71,81,96,96,96,96],"floor_reached":50,"playtime":1813,"items_purged":["Strike_R","Doubt","Defend_R","Strike_R+1"],"score":550,"play_id":"325ef91e-c9ac-4447-9d6b-8f7631ca2e05","local_time":"20180807195634","is_ascension_mode":false,"campfire_choices":[{"data":"Flex","floor":11,"key":"SMITH"},{"floor":15,"key":"REST"},{"floor":25,"key":"REST"},{"floor":32,"key":"REST"},{"floor":42,"key":"REST"},{"floor":49,"key":"REST"}],"neow_cost":"NONE","seed_source_timestamp":13108102493966,"circlet_count":0,"master_deck":["Strike_R+1","Strike_R+1","Strike_R+1","Defend_R+1","Defend_R+1","Defend_R+1","Bash+1","Sword Boomerang+1","Cleave+1","Thunderclap+1","Shockwave+1","Shrug It Off+1","Impervious+1","Flex+1","Whirlwind+1","Offering+1","Dramatic Entrance+1","Fiend Fire+1","Shrug It Off+1","Pommel Strike+1","Inflame+1","Heavy Blade+1","Double Tap+1","Offering+1","Clash+1"],"relics":["Burning Blood","Smiling Mask","Bottled Flame","Pantograph","Dodecahedron","Fusion Hammer","Gambling Chip","Anchor","Bag of Marbles","White Beast Statue","Red Mask","Meat on the Bone","Mark of the Bloom"],"potions_floor_usage":[10,13,23,24,27,33,33,40,40,44,46,50,50,50],"damage_taken":[{"damage":3,"enemies":"Small Slimes","floor":1,"turns":3},{"damage":11,"enemies":"Jaw Worm","floor":3,"turns":3},{"damage":34,"enemies":"Gremlin Nob","floor":6,"turns":5},{"damage":6,"enemies":"2 Louse","floor":7,"turns":2},{"damage":6,"enemies":"2 Fungi Beasts","floor":8,"turns":3},{"damage":14,"enemies":"3 Sentries","floor":10,"turns":9},{"damage":5,"enemies":"Blue Slaver","floor":12,"turns":5},{"damage":12,"enemies":"Exordium Thugs","floor":13,"turns":5},{"damage":63,"enemies":"The Guardian","floor":16,"turns":13},{"damage":5,"enemies":"3 Byrds","floor":18,"turns":3},{"damage":5,"enemies":"2 Thieves","floor":19,"turns":2},{"damage":36,"enemies":"Book of Stabbing","floor":23,"turns":4},{"damage":8,"enemies":"Snake Plant","floor":24,"turns":3},{"damage":5,"enemies":"Gremlin Leader","floor":27,"turns":5},{"damage":5,"enemies":"Cultist and Chosen","floor":28,"turns":4},{"damage":5,"enemies":"Chosen and Byrds","floor":29,"turns":3},{"damage":11,"enemies":"Snecko","floor":30,"turns":3},{"damage":61,"enemies":"Champ","floor":33,"turns":7},{"damage":5,"enemies":"3 Shapes","floor":35,"turns":2},{"damage":10,"enemies":"3 Darklings","floor":38,"turns":2},{"damage":13,"enemies":"4 Shapes","floor":39,"turns":2},{"damage":21,"enemies":"Maw","floor":40,"turns":7},{"damage":10,"enemies":"3 Darklings","floor":44,"turns":3},{"damage":10,"enemies":"Transient","floor":45,"turns":5},{"damage":38,"enemies":"Maw","floor":46,"turns":7},{"damage":5,"enemies":"3 Darklings","floor":47,"turns":2},{"damage":56,"enemies":"Time Eater","floor":50,"turns":8}],"seed_played":"-7523550639524900116","potions_obtained":[{"floor":3,"key":"Energy Potion"},{"floor":10,"key":"Ancient Potion"},{"floor":12,"key":"BloodPotion"},{"floor":23,"key":"SkillPotion"},{"floor":24,"key":"SteroidPotion"},{"floor":29,"key":"Poison Potion"},{"floor":33,"key":"Ancient Potion"},{"floor":35,"key":"Block Potion"},{"floor":40,"key":"Energy Potion"},{"floor":44,"key":"Energy Potion"},{"floor":45,"key":"Regen Potion"},{"floor":46,"key":"FearPotion"}],"is_trial":false,"path_per_floor":["M","?","M","$","?","E","M","M","T","E","R","M","M","$","R","B",null,"M","M","$","?","?","E","M","R","T","E","M","M","M","$","R","B",null,"M","?","$","M","M","M","?","R","T","M","M","M","M","?","R"],"character_chosen":"IRONCLAD","items_purchased":["Thunderclap","Offering","Dramatic Entrance","Inflame","Fire Potion","Block Potion","Weak Potion"],"campfire_rested":5,"item_purchase_floors":[4,14,14,20,20,20,31],"current_hp_per_floor":[80,55,50,50,50,22,22,22,22,14,14,15,17,17,41,9,80,80,80,80,80,80,50,48,72,72,73,74,75,70,70,80,25,80,80,80,80,76,69,54,54,78,78,74,70,50,51,51,51,0],"gold":96,"neow_bonus":"UPGRADE_CARD","is_prod":false,"is_daily":false,"chose_seed":false,"campfire_upgraded":1,"win_rate":0,"timestamp":1533689794,"path_taken":["M","?","M","$","?","E","M","?","T","E","R","M","M","$","R","BOSS","M","M","$","?","?","E","M","R","T","E","M","M","?","$","R","BOSS","M","?","$","M","?","M","?","R","T","M","M","?","M","?","R","BOSS"],"build_version":"2018-08-02","purchased_purges":4,"victory":false,"max_hp_per_floor":[80,80,80,80,80,80,80,80,80,80,80,80,80,80,80,80,80,80,80,80,80,80,80,80,80,80,80,80,80,80,80,80,80,80,80,80,80,80,80,80,80,80,80,80,80,80,80,80,80,80],"card_choices":[{"not_picked":["Headbutt","Reckless Charge"],"picked":"Sword Boomerang","floor":1},{"not_picked":["Inflame","True Grit"],"picked":"Cleave","floor":3},{"not_picked":["Twin Strike","Heavy Blade"],"picked":"Shockwave","floor":6},{"not_picked":["Thunderclap","Combust"],"picked":"Shrug It Off","floor":7},{"not_picked":["Cleave","Headbutt"],"picked":"Impervious","floor":8},{"not_picked":["Uppercut","Iron Wave"],"picked":"Flex","floor":10},{"not_picked":["Havoc","Dual Wield","Burning Pact"],"picked":"SKIP","floor":12},{"not_picked":["Perfected Strike","Armaments"],"picked":"Whirlwind","floor":13},{"not_picked":["Berserk","Brutality"],"picked":"Fiend Fire","floor":16},{"not_picked":["Armaments","Havoc+1"],"picked":"Shrug It Off","floor":18},{"not_picked":["Whirlwind","Wild Strike"],"picked":"Pommel Strike","floor":19},{"not_picked":["Rampage","Anger","Impervious"],"picked":"SKIP","floor":23},{"not_picked":["Uppercut+1","Combust"],"picked":"Heavy Blade+1","floor":24},{"not_picked":["Iron Wave","Body Slam","Armaments"],"picked":"SKIP","floor":27},{"not_picked":["Heavy Blade","Inflame+1"],"picked":"Double Tap","floor":28},{"not_picked":["Warcry+1","Entrench","Body Slam"],"picked":"SKIP","floor":29},{"not_picked":["Spot Weakness","Sword Boomerang","Twin Strike"],"picked":"SKIP","floor":30},{"not_picked":["Double Tap","Immolate"],"picked":"Offering","floor":33},{"not_picked":["Armaments","Clothesline+1","Burning Pact"],"picked":"SKIP","floor":35},{"not_picked":["Infernal Blade","Heavy Blade","Headbutt"],"picked":"SKIP","floor":38},{"not_picked":["Heavy Blade","Twin Strike+1","Flame Barrier"],"picked":"SKIP","floor":39},{"not_picked":["Sword Boomerang","Body Slam","Dual Wield"],"picked":"SKIP","floor":40},{"not_picked":["Heavy Blade+1","Warcry+1"],"picked":"Clash+1","floor":44},{"not_picked":["Impervious","Second Wind+1","Warcry+1"],"picked":"SKIP","floor":45},{"not_picked":["Heavy Blade","Body Slam","Shrug It Off+1"],"picked":"SKIP","floor":46},{"not_picked":["Combust","Second Wind+1","Spot Weakness"],"picked":"SKIP","floor":47}],"player_experience":333271,"relics_obtained":[{"floor":6,"key":"Bottled Flame"},{"floor":9,"key":"Pantograph"},{"floor":10,"key":"Dodecahedron"},{"floor":23,"key":"Gambling Chip"},{"floor":26,"key":"Anchor"},{"floor":27,"key":"Bag of Marbles"},{"floor":43,"key":"Meat on the Bone"}],"event_choices":[{"event_name":"Scrap Ooze","player_choice":"success","floor":2,"damage_taken":25},{"event_name":"Liars Game","player_choice":"agreed","floor":5,"damage_taken":0},{"event_name":"Addict","player_choice":"Ignored","floor":21,"damage_taken":0},{"event_name":"Back to Basics","player_choice":"Simplicity","floor":22,"damage_taken":0},{"event_name":"Tomb of Lord Red Mask","player_choice":"Paid","floor":36,"damage_taken":0},{"event_name":"Mysterious Sphere","player_choice":"Ignore","floor":41,"damage_taken":0},{"event_name":"MindBloom","player_choice":"Upgrade","floor":48,"damage_taken":0}],"is_beta":false,"boss_relics":[{"not_picked":["Velvet Choker","Astrolabe"],"picked":"Fusion Hammer"},{"not_picked":["Philosopher\u0027s Stone","Black Star"],"picked":"White Beast Statue"}],"items_purged_floors":[4,14,20,31],"is_endless":false,"potions_floor_spawned":[3,10,12,23,24,29,33,35,38,39,40,44,45,46,47],"killed_by":"Time Eater","ascension_level":0}