{"path_per_floor":["M","M","?","?","$","R","E","M","T","?","R","M","R","M","R","B",null,"M","M","$","M","$","R","E","M","T","M","R","E","M","E","R","B",null,"M","?","?","$","?","E","?","?","T","M","M","R","M","$","R","B"],"character_chosen":"THE_SILENT","items_purchased":["Poisoned Stab","Catalyst","Footwork","Slice","Catalyst","Regen Potion","Explosive Potion","Oddly Smooth Stone","Strength Potion"],"gold_per_floor":[110,124,299,299,101,101,127,147,147,204,204,214,214,225,225,328,328,339,350,250,269,269,269,296,310,334,344,344,370,381,410,410,510,510,523,523,573,371,371,406,406,406,406,416,428,428,447,55,55,55],"floor_reached":51,"campfire_rested":7,"playtime":4225,"current_hp_per_floor":[35,34,34,34,34,55,38,38,38,30,30,22,43,43,43,27,59,46,46,46,44,44,65,39,39,39,34,55,47,16,16,37,35,61,59,59,40,40,58,38,38,38,38,19,15,36,36,36,57,21],"items_purged":["Strike_G","Doubt","Concentrate"],"gold":55,"score":944,"play_id":"842636a2-cd05-4455-8a87-f298bf32583c","local_time":"20180418235353","is_prod":false,"is_daily":false,"chose_seed":false,"is_ascension_mode":true,"campfire_upgraded":2,"timestamp":1524120833,"path_taken":["M","M","?","?","$","R","E","M","T","?","R","M","R","M","R","BOSS","M","M","$","M","$","R","E","?","T","M","R","E","M","E","R","BOSS","M","?","?","$","?","E","?","?","T","M","M","R","M","$","R","BOSS"],"build_version":"2018-04-12","seed_source_timestamp":609789810995025,"purchased_purges":6,"victory":true,"master_deck":["Survivor","Neutralize+1","Deadly Poison","Poisoned Stab","Catalyst+1","Deflect","Deadly Poison","Bane","Deadly Poison","After Image","Dodge and Roll+1","Bouncing Flask","Bane","Backflip","Caltrops","Dagger Spray","Bouncing Flask","Malaise+1","Leg Sweep+1","Backflip+1","Poisoned Stab+1","Deadly Poison","Burst","Flash of Steel+1","Noxious Fumes","Footwork","Writhe","Backflip+1","Slice+1","Catalyst"],"max_hp_per_floor":[70,70,70,70,70,70,70,70,70,70,70,70,70,70,70,70,70,70,70,70,70,70,70,70,70,70,70,70,70,70,70,70,70,70,70,70,70,70,70,70,70,70,70,70,70,70,70,70,70,70],"relics":["Ring of the Snake","Torii","Paper Crane","Gremlin Horn","Art of War","Pandora\u0027s Box","War Paint","Bronze Scales","Ancient Tea Set","Molten Egg 2","Velvet Choker","Du-Vu Doll","Orichalcum","Meat on the Bone","Oddly Smooth Stone"],"card_choices":[{"not_picked":["Outmaneuver","Riddle With Holes"],"picked":"Deadly Poison","floor":1},{"not_picked":["Malaise","Flying Knee"],"picked":"Deflect","floor":8},{"not_picked":["Eviscerate","Slice"],"picked":"Deadly Poison","floor":10},{"not_picked":["Reflex","Eviscerate"],"picked":"Bane","floor":12},{"not_picked":["Bane","Dash"],"picked":"Deadly Poison","floor":14},{"not_picked":["Storm of Steel","Unload"],"picked":"After Image","floor":16},{"not_picked":["Cloak And Dagger","Poisoned Stab"],"picked":"Malaise","floor":18},{"not_picked":["Sucker Punch","All Out Attack"],"picked":"Leg Sweep","floor":21},{"not_picked":["Caltrops","Masterful Stab"],"picked":"Backflip","floor":24},{"not_picked":["Outmaneuver","Expertise"],"picked":"Poisoned Stab","floor":25},{"not_picked":["Prepared","Dodge and Roll"],"picked":"Deadly Poison","floor":27},{"not_picked":["Unload","Bullet Time"],"picked":"Burst","floor":33},{"not_picked":["Deep Breath","Trip"],"picked":"Flash of Steel","floor":36},{"not_picked":["Acrobatics","Cloak And Dagger"],"picked":"Noxious Fumes","floor":37},{"not_picked":["Dodge and Roll","Underhanded Strike"],"picked":"Backflip","floor":47}],"player_experience":304499,"potions_floor_usage":[7,10,14,24,24,31,31,33,40,50,50,50],"damage_taken":[{"damage":0,"enemies":"2 Louse","floor":1,"turns":4},{"damage":1,"enemies":"Jaw Worm","floor":2,"turns":4},{"damage":17,"enemies":"Lagavulin","floor":7,"turns":6},{"damage":0,"enemies":"Cultist","floor":8,"turns":4},{"damage":8,"enemies":"Lagavulin Event","floor":10,"turns":5},{"damage":8,"enemies":"Blue Slaver","floor":12,"turns":3},{"damage":0,"enemies":"3 Louse","floor":14,"turns":2},{"damage":16,"enemies":"The Guardian","floor":16,"turns":9},{"damage":13,"enemies":"3 Byrds","floor":18,"turns":3},{"damage":0,"enemies":"Spheric Guardian","floor":19,"turns":3},{"damage":2,"enemies":"Centurion and Healer","floor":21,"turns":6},{"damage":26,"enemies":"Slavers","floor":24,"turns":7},{"damage":0,"enemies":"Snake Plant","floor":25,"turns":3},{"damage":5,"enemies":"Chosen and Byrds","floor":27,"turns":6},{"damage":8,"enemies":"Gremlin Leader","floor":29,"turns":5},{"damage":31,"enemies":"3 Cultists","floor":30,"turns":6},{"damage":0,"enemies":"Book of Stabbing","floor":31,"turns":5},{"damage":2,"enemies":"Champ","floor":33,"turns":11},{"damage":2,"enemies":"3 Shapes","floor":35,"turns":5},{"damage":19,"enemies":"Mysterious Sphere","floor":37,"turns":8},{"damage":20,"enemies":"2 Orb Walkers","floor":40,"turns":6},{"damage":31,"enemies":"3 Darklings","floor":44,"turns":4},{"damage":16,"enemies":"Sphere and 2 Shapes","floor":45,"turns":6},{"damage":0,"enemies":"Maw","floor":47,"turns":6},{"damage":63,"enemies":"Awakened One","floor":50,"turns":14}],"event_choices":[{"event_name":"Liars Game","player_choice":"agreed","floor":3,"damage_taken":0},{"event_name":"The Lab","player_choice":"Got Potions","floor":4,"damage_taken":0},{"event_name":"Dead Adventurer","player_choice":"Searched \u00271\u0027 times","floor":10,"damage_taken":0},{"event_name":"SensoryStone","player_choice":"Memory 1","floor":36,"damage_taken":0},{"event_name":"Mysterious Sphere","player_choice":"Fight","floor":37,"damage_taken":0},{"event_name":"Winding Halls","player_choice":"Writhe","floor":39,"damage_taken":0},{"event_name":"Tomb of Lord Red Mask","player_choice":"Ignored","floor":42,"damage_taken":0}],"boss_relics":[{"not_picked":["Snecko Eye","Philosopher\u0027s Stone"],"picked":"Pandora\u0027s Box"},{"not_picked":["White Beast Statue","Tiny House"],"picked":"Velvet Choker"}],"potions_floor_spawned":[7,8,10,12,14,19,24,29,30,33,40,44],"seed_played":"5840282491117325168","ascension_level":5,"is_trial":false}