{"path_per_floor":["M","?","M","M","M","R","M","R","T","M","M","R","T","?","R","B",null,"M","?","?","?","M"],"character_chosen":"IRONCLAD","items_purchased":[],"gold_per_floor":[111,111,126,141,157,157,174,174,174,191,209,209,209,384,384,481,481,494,494,494,523,542,542],"floor_reached":23,"campfire_rested":0,"playtime":1074,"item_purchase_floors":[],"current_hp_per_floor":[75,72,70,72,69,69,63,63,63,67,70,70,70,70,70,31,71,65,65,65,32,18,0],"items_purged":[],"gold":542,"score":293,"play_id":"5ea343e1-2f62-41a8-8686-aac6cea96bb3","local_time":"20180525205928","is_prod":false,"is_daily":false,"chose_seed":false,"is_ascension_mode":true,"campfire_upgraded":4,"win_rate":0,"timestamp":1527307168,"campfire_choices":[{"data":"Intimidate","floor":6,"key":"SMITH"},{"data":"True Grit","floor":8,"key":"SMITH"},{"data":"Blood for Blood","floor":12,"key":"SMITH"},{"data":"Bash","floor":15,"key":"SMITH"}],"path_taken":["M","?","M","M","M","R","M","R","T","M","?","R","?","?","R","BOSS","M","?","?","?","M","E"],"build_version":"2018-05-24","seed_source_timestamp":679338739239343,"purchased_purges":0,"victory":false,"master_deck":["Strike_R","Strike_R","Strike_R","Strike_R","Defend_R","Defend_R","Defend_R","Defend_R","Bash+1","AscendersBane","Pommel Strike","Intimidate+1","Iron Wave","Pommel Strike","True Grit+1","Blood for Blood+1","Doubt","Immolate","Disarm","Decay","Bludgeon"],"max_hp_per_floor":[80,80,80,80,80,80,80,80,80,80,80,80,80,80,80,84,84,84,84,84,84,84,84],"relics":["Burning Blood","Oddly Smooth Stone","Orichalcum","Dodecahedron","Sozu","Letter Opener","Red Mask"],"card_choices":[{"not_picked":["Headbutt","Dual Wield"],"picked":"Pommel Strike","floor":1},{"not_picked":["Rupture","Bloodletting"],"picked":"Intimidate","floor":3},{"not_picked":["Heavy Blade","Pummel"],"picked":"Iron Wave","floor":4},{"not_picked":["Anger","Body Slam"],"picked":"Pommel Strike","floor":5},{"not_picked":["Perfected Strike","Sword Boomerang"],"picked":"True Grit","floor":7},{"not_picked":["Inflame","True Grit"],"picked":"Blood for Blood","floor":10},{"not_picked":["Pummel","Anger","Sword Boomerang"],"picked":"SKIP","floor":11},{"not_picked":["Fiend Fire","Reaper"],"picked":"Immolate","floor":16},{"not_picked":["Warcry","Anger"],"picked":"Disarm","floor":18},{"not_picked":["Heavy Blade+1","True Grit"],"picked":"Bludgeon","floor":22}],"player_experience":505600,"potions_floor_usage":[16,16,21],"damage_taken":[{"damage":3,"enemies":"2 Louse","floor":1,"turns":4},{"damage":8,"enemies":"Small Slimes","floor":3,"turns":5},{"damage":4,"enemies":"Cultist","floor":4,"turns":3},{"damage":9,"enemies":"Red Slaver","floor":5,"turns":4},{"damage":12,"enemies":"Exordium Thugs","floor":7,"turns":5},{"damage":2,"enemies":"2 Fungi Beasts","floor":10,"turns":3},{"damage":3,"enemies":"Blue Slaver","floor":11,"turns":2},{"damage":49,"enemies":"The Guardian","floor":16,"turns":12},{"damage":12,"enemies":"2 Thieves","floor":18,"turns":3},{"damage":39,"enemies":"Masked Bandits","floor":21,"turns":6},{"damage":20,"enemies":"Spheric Guardian","floor":22,"turns":4},{"damage":21,"enemies":"Book of Stabbing","floor":23,"turns":3}],"relics_obtained":[{"floor":9,"key":"Orichalcum"},{"floor":13,"key":"Dodecahedron"},{"floor":21,"key":"Red Mask"}],"event_choices":[{"event_name":"Scrap Ooze","player_choice":"success","floor":2,"damage_taken":3},{"event_name":"Liars Game","player_choice":"agreed","floor":14,"damage_taken":0},{"event_name":"Wheel of Change","player_choice":"Curse","floor":19,"damage_taken":0},{"event_name":"The Mausoleum","player_choice":"Yes","floor":20,"damage_taken":0},{"event_name":"Masked Bandits","player_choice":"Fought over 494 gold","floor":21,"damage_taken":0}],"boss_relics":[{"not_picked":["Orrery","Eternal Feather"],"picked":"Sozu"}],"items_purged_floors":[],"potions_floor_spawned":[3,4,7,11,21],"seed_played":"7912465238165017085","killed_by":"Book of Stabbing","ascension_level":12,"potions_obtained":[{"floor":3,"key":"LiquidBronze"},{"floor":4,"key":"Poison Potion"},{"floor":7,"key":"Fruit Juice"},{"floor":11,"key":"Ancient Potion"}],"is_trial":false}