{"gold_per_floor":[114,129,144,159,174,204,14,14,14,29,44,59,59,59,59,159,159,174,189,204,204,219,249,22,22,97,197,119,149,149,164,164,294,294,309,36,51,51,0,30,45,45,95,110,140,155,170,185,185,185],"floor_reached":51,"playtime":3495,"items_purged":["Survivor"],"score":855,"play_id":"96a6c654-c172-4def-99d1-306134ad827b","local_time":"20180811164827","daily_mods":["Heirloom","Terminal","Vintage"],"is_ascension_mode":false,"campfire_choices":[{"floor":8,"key":"REST"},{"data":"Corpse Explosion","floor":15,"key":"SMITH"},{"data":"1","floor":25,"key":"LIFT"},{"data":"2","floor":30,"key":"LIFT"},{"data":"3","floor":32,"key":"LIFT"},{"data":"Dagger Spray","floor":49,"key":"SMITH"}],"neow_cost":"","seed_source_timestamp":0,"circlet_count":0,"master_deck":["Defend_G+1","Defend_G+1","Defend_G+1","Defend_G+1","Strike_G+1","Strike_G+1","Strike_G+1","Neutralize+1","Corpse Explosion+1","Magnetism+1","Envenom+1","Crippling Poison+1","Blade Dance+1","Heel Hook+1","Footwork+1","Footwork+1","Footwork+1","Doppelganger+1","Corpse Explosion+1","Bouncing Flask+1","Catalyst+1","Dagger Spray+1","Calculated Gamble+1","PiercingWail+1","Deadly Poison+1","Footwork+1"],"special_seed":17754,"relics":["Ring of the Snake","Girya","Boot","Frozen Egg 2","Paper Crane","Meat on the Bone","Ornamental Fan","Oddly Smooth Stone","Juzu Bracelet","Anchor","Pen Nib","Pantograph","Torii","Astrolabe","Toxic Egg 2","Omamori","Vajra","Blood Vial","Whetstone","Mummified Hand","Bag of Preparation","Pear","Tiny Chest","Orrery","Blue Candle","Darkstone Periapt","Centennial Puzzle","Potion Belt","Strawberry","Snake Skull","Bronze Scales","Gremlin Horn","Gambling Chip","The Courier","Orichalcum","Prayer Wheel"],"potions_floor_usage":[6,16,16,23,31,50,50,50],"damage_taken":[{"damage":0,"enemies":"Small Slimes","floor":1,"turns":3},{"damage":0,"enemies":"2 Louse","floor":2,"turns":4},{"damage":7,"enemies":"Cultist","floor":3,"turns":5},{"damage":0,"enemies":"2 Fungi Beasts","floor":4,"turns":4},{"damage":0,"enemies":"Red Slaver","floor":5,"turns":6},{"damage":13,"enemies":"Lagavulin","floor":6,"turns":8},{"damage":0,"enemies":"Blue Slaver","floor":10,"turns":5},{"damage":0,"enemies":"Gremlin Gang","floor":11,"turns":2},{"damage":0,"enemies":"Looter","floor":12,"turns":4},{"damage":5,"enemies":"Slime Boss","floor":16,"turns":10},{"damage":0,"enemies":"Shell Parasite","floor":18,"turns":5},{"damage":0,"enemies":"3 Byrds","floor":19,"turns":2},{"damage":0,"enemies":"Centurion and Healer","floor":20,"turns":4},{"damage":0,"enemies":"Chosen and Byrds","floor":22,"turns":4},{"damage":2,"enemies":"Gremlin Leader","floor":23,"turns":4},{"damage":1,"enemies":"Book of Stabbing","floor":29,"turns":5},{"damage":1,"enemies":"Sentry and Sphere","floor":31,"turns":6},{"damage":7,"enemies":"Champ","floor":33,"turns":7},{"damage":0,"enemies":"Flame Bruiser 1 Orb","floor":35,"turns":3},{"damage":1,"enemies":"3 Darklings","floor":37,"turns":2},{"damage":0,"enemies":"2 Orb Walkers","floor":40,"turns":3},{"damage":5,"enemies":"Spire Growth","floor":41,"turns":4},{"damage":1,"enemies":"Sphere and 2 Shapes","floor":44,"turns":3},{"damage":6,"enemies":"Nemesis","floor":45,"turns":5},{"damage":0,"enemies":"Flame Bruiser 2 Orb","floor":46,"turns":4},{"damage":0,"enemies":"Transient","floor":47,"turns":5},{"damage":0,"enemies":"Maw","floor":48,"turns":4},{"damage":11,"enemies":"Awakened One","floor":50,"turns":10}],"seed_played":"7174262716422048038","potions_obtained":[{"floor":1,"key":"Fire Potion"},{"floor":2,"key":"PowerPotion"},{"floor":10,"key":"GhostInAJar"},{"floor":11,"key":"SteroidPotion"},{"floor":18,"key":"Weak Potion"},{"floor":19,"key":"FearPotion"},{"floor":23,"key":"Fire Potion"},{"floor":37,"key":"PowerPotion"},{"floor":41,"key":"Weak Potion"},{"floor":44,"key":"Ancient Potion"},{"floor":48,"key":"PowerPotion"}],"is_trial":false,"path_per_floor":["M","M","M","M","M","E","$","R","T","M","M","M","?","$","R","B",null,"M","M","M","?","M","E","$","R","T","?","$","E","R","M","R","B",null,"M","$","M","$","?","E","M","?","T","M","E","M","M","M","R","B"],"character_chosen":"THE_SILENT","items_purchased":["Magnetism+1","GhostInAJar","Footwork+1","Footwork+1","Darkstone Periapt","PiercingWail+1"],"campfire_rested":1,"item_purchase_floors":[7,24,24,28,36,36],"current_hp_per_floor":[68,67,60,60,60,47,47,61,60,59,58,57,61,60,59,54,57,56,55,54,53,52,50,50,49,48,47,46,45,44,53,52,45,50,49,48,47,46,45,51,46,49,48,47,41,43,44,43,42,31],"gold":185,"neow_bonus":"","is_prod":false,"is_daily":true,"chose_seed":false,"campfire_upgraded":2,"win_rate":0.0,"timestamp":1533998907,"path_taken":["M","M","M","M","M","E","$","R","T","M","M","M","?","$","R","BOSS","M","M","M","?","M","E","$","R","T","?","$","E","R","M","R","BOSS","M","$","M","$","?","E","M","?","T","M","E","M","M","M","R","BOSS"],"build_version":"2018-08-09","purchased_purges":1,"victory":true,"max_hp_per_floor":[68,67,66,65,64,63,62,61,60,59,58,57,61,60,59,58,57,56,55,54,53,52,51,50,49,48,47,46,45,44,53,52,51,50,49,48,47,46,45,51,50,49,48,47,46,45,44,43,42,41],"card_choices":[{"not_picked":["Prepared","Acrobatics"],"picked":"Corpse Explosion","floor":6},{"not_picked":["Corpse Explosion","Storm of Steel"],"picked":"Envenom+1","floor":16},{"not_picked":["Slice","Underhanded Strike"],"picked":"Footwork+1","floor":23},{"not_picked":["Flechettes+1","Outmaneuver+1"],"picked":"Doppelganger+1","floor":29},{"not_picked":["Glass Knife","Phantasmal Killer+1"],"picked":"Corpse Explosion+1","floor":33},{"not_picked":["Predator","Dagger Throw"],"picked":"Bouncing Flask+1","floor":34},{"not_picked":["Outmaneuver+1","Backflip+1"],"picked":"Catalyst+1","floor":34},{"not_picked":["Dodge and Roll+1","Terror+1"],"picked":"Dagger Spray","floor":34},{"not_picked":["Dagger Spray","Finisher+1"],"picked":"Calculated Gamble+1","floor":34},{"not_picked":["Acrobatics+1","Infinite Blades+1"],"picked":"Deadly Poison+1","floor":40},{"not_picked":["Bane+1","Heel Hook"],"picked":"Footwork+1","floor":45}],"player_experience":104594,"relics_obtained":[{"floor":1,"key":"Boot"},{"floor":2,"key":"Frozen Egg 2"},{"floor":3,"key":"Paper Crane"},{"floor":4,"key":"Meat on the Bone"},{"floor":5,"key":"Ornamental Fan"},{"floor":6,"key":"Oddly Smooth Stone"},{"floor":9,"key":"Juzu Bracelet"},{"floor":10,"key":"Anchor"},{"floor":11,"key":"Pen Nib"},{"floor":12,"key":"Pantograph"},{"floor":16,"key":"Torii"},{"floor":18,"key":"Toxic Egg 2"},{"floor":19,"key":"Omamori"},{"floor":20,"key":"Vajra"},{"floor":22,"key":"Blood Vial"},{"floor":23,"key":"Whetstone"},{"floor":26,"key":"Mummified Hand"},{"floor":29,"key":"Bag of Preparation"},{"floor":31,"key":"Pear"},{"floor":33,"key":"Tiny Chest"},{"floor":35,"key":"Blue Candle"},{"floor":37,"key":"Centennial Puzzle"},{"floor":40,"key":"Strawberry"},{"floor":41,"key":"Snake Skull"},{"floor":43,"key":"Bronze Scales"},{"floor":44,"key":"Gremlin Horn"},{"floor":45,"key":"Gambling Chip"},{"floor":46,"key":"The Courier"},{"floor":47,"key":"Orichalcum"},{"floor":48,"key":"Prayer Wheel"}],"event_choices":[{"event_name":"Big Fish","player_choice":"Donut","floor":13,"damage_taken":0},{"event_name":"Back to Basics","player_choice":"Simplicity","floor":21,"damage_taken":0},{"event_name":"Golden Shrine","player_choice":"Pray","floor":27,"damage_taken":0},{"event_name":"WeMeetAgain","player_choice":"Gold","floor":39,"damage_taken":0},{"event_name":"Winding Halls","player_choice":"Writhe","floor":42,"damage_taken":0}],"is_beta":false,"boss_relics":[{"not_picked":["Empty Cage","HoveringKite"],"picked":"Astrolabe"},{"not_picked":["Eternal Feather","Pandora\u0027s Box"],"picked":"Orrery"}],"items_purged_floors":[24],"is_endless":false,"potions_floor_spawned":[1,2,10,11,18,19,23,37,41,44,48],"ascension_level":0}