{"gold_per_floor":[115,133,133,11,23,23,41,41,68,107,107,8,21,46,46,167,167,190,64,97,116,116,116,151,66,66,66,66,101,101,125,125,125],"floor_reached":33,"playtime":2517,"items_purged":["Strike_R","Strike_R"],"score":410,"play_id":"bebae006-81b0-4775-9b18-e71e8641bdda","local_time":"20190114174728","is_ascension_mode":true,"campfire_choices":[{"data":"True Grit","floor":8,"key":"SMITH"},{"data":"Clothesline","floor":11,"key":"SMITH"},{"data":"True Grit","floor":15,"key":"SMITH"},{"data":"Havoc","floor":23,"key":"SMITH"},{"floor":27,"key":"REST"},{"floor":32,"key":"REST"}],"neow_cost":"NONE","seed_source_timestamp":25079135373636,"circlet_count":0,"master_deck":["Strike_R","Strike_R","Strike_R","Defend_R","Defend_R","Defend_R","Defend_R","Bash","Thunderclap","True Grit+1","Ghostly Armor","Wild Strike","Clothesline+1","True Grit+1","Offering","Feel No Pain","Exhume","Headbutt","Havoc+1","Shrug It Off","Shrug It Off","Pommel Strike","Feel No Pain","Double Tap+1","Battle Trance+1"],"relics":["Burning Blood","Bronze Scales","Golden Idol","Red Skull","Singing Bowl","Sozu","Red Mask","Bag of Marbles","Art of War","Paper Frog","Toxic Egg 2","MutagenicStrength"],"potions_floor_usage":[10,16,16,20],"damage_taken":[{"damage":0,"enemies":"Small Slimes","floor":1,"turns":3},{"damage":1,"enemies":"Cultist","floor":2,"turns":4},{"damage":4,"enemies":"2 Louse","floor":5,"turns":3},{"damage":3,"enemies":"Exordium Wildlife","floor":7,"turns":4},{"damage":15,"enemies":"3 Sentries","floor":10,"turns":5},{"damage":1,"enemies":"Exordium Thugs","floor":13,"turns":4},{"damage":6,"enemies":"2 Fungi Beasts","floor":14,"turns":3},{"damage":36,"enemies":"Hexaghost","floor":16,"turns":11},{"damage":20,"enemies":"Chosen","floor":18,"turns":6},{"damage":16,"enemies":"Masked Bandits","floor":20,"turns":4},{"damage":12,"enemies":"Shell Parasite","floor":21,"turns":4},{"damage":18,"enemies":"Slavers","floor":24,"turns":5},{"damage":6,"enemies":"Colosseum Slavers","floor":28,"turns":5},{"damage":16,"enemies":"Book of Stabbing","floor":29,"turns":5},{"damage":6,"enemies":"Snake Plant","floor":31,"turns":2},{"damage":64,"enemies":"Champ","floor":33,"turns":8}],"seed_played":"-9084594927316111172","potions_obtained":[{"floor":5,"key":"EssenceOfSteel"},{"floor":7,"key":"PowerPotion"},{"floor":10,"key":"AttackPotion"}],"is_trial":false,"path_per_floor":["M","M","?","$","M","?","M","R","T","E","R","$","M","M","R","B",null,"M","$","?","M","?","R","E","?","T","R","?","E","?","M","R","B"],"character_chosen":"IRONCLAD","items_purchased":["True Grit","True Grit","PowerPotion","Havoc"],"campfire_rested":2,"item_purchase_floors":[4,12,12,19],"current_hp_per_floor":[78,80,80,80,80,74,74,74,74,65,65,65,70,70,70,40,66,52,52,42,36,36,36,24,24,24,46,46,36,36,36,58,0],"gold":125,"neow_bonus":"THREE_CARDS","is_prod":false,"is_daily":false,"chose_seed":false,"campfire_upgraded":4,"win_rate":0,"timestamp":1547509648,"path_taken":["M","M","?","?","M","?","M","R","T","E","R","$","?","M","R","BOSS","M","$","?","M","?","R","E","?","T","R","?","E","?","M","R","BOSS"],"build_version":"2019-01-10","purchased_purges":2,"victory":false,"max_hp_per_floor":[80,80,80,80,80,74,74,74,74,74,74,74,74,74,74,74,74,74,74,74,74,74,74,74,74,74,74,74,74,74,74,74,74],"card_choices":[{"not_picked":["Clash","Warcry"],"picked":"Thunderclap","floor":0},{"not_picked":["Havoc","Feel No Pain","Clash"],"picked":"SKIP","floor":1},{"not_picked":["Warcry","Twin Strike"],"picked":"Power Through","floor":2},{"not_picked":["Pummel","True Grit"],"picked":"Ghostly Armor","floor":5},{"not_picked":["Anger","Clothesline"],"picked":"Wild Strike","floor":7},{"not_picked":["Dual Wield","Thunderclap"],"picked":"Clothesline","floor":10},{"not_picked":["Shrug It Off","Carnage"],"picked":"Offering","floor":13},{"not_picked":["Havoc","Metallicize"],"picked":"Feel No Pain","floor":14},{"not_picked":["Juggernaut","Bludgeon"],"picked":"Exhume","floor":16},{"not_picked":["Thunderclap","Heavy Blade"],"picked":"Headbutt","floor":18},{"not_picked":["Shockwave+1","Wild Strike"],"picked":"Shrug It Off","floor":20},{"not_picked":["Intimidate","Flex"],"picked":"Shrug It Off","floor":21},{"not_picked":["Flex","Pummel"],"picked":"Feel No Pain","floor":24},{"not_picked":["Dual Wield","Headbutt"],"picked":"Double Tap","floor":29},{"not_picked":["Cleave","Headbutt"],"picked":"Battle Trance+1","floor":31}],"player_experience":466654,"relics_obtained":[{"floor":9,"key":"Red Skull"},{"floor":10,"key":"Singing Bowl"},{"floor":20,"key":"Red Mask"},{"floor":24,"key":"Bag of Marbles"},{"floor":26,"key":"Paper Frog"},{"floor":29,"key":"Toxic Egg 2"}],"event_choices":[{"cards_removed":["Power Through"],"damage_healed":0,"gold_gain":0,"player_choice":"Gave Card","damage_taken":0,"relics_obtained":["Bronze Scales"],"max_hp_gain":0,"max_hp_loss":0,"event_name":"WeMeetAgain","floor":3,"gold_loss":0},{"damage_healed":0,"gold_gain":0,"player_choice":"Lose Max HP","damage_taken":0,"relics_obtained":["Golden Idol"],"max_hp_gain":0,"max_hp_loss":6,"event_name":"Golden Idol","floor":6,"gold_loss":0},{"damage_healed":0,"gold_gain":0,"player_choice":"Fought Bandits","damage_taken":0,"max_hp_gain":0,"max_hp_loss":0,"event_name":"Masked Bandits","floor":20,"gold_loss":0},{"damage_healed":0,"gold_gain":0,"player_choice":"Read","damage_taken":0,"max_hp_gain":0,"max_hp_loss":0,"event_name":"The Library","floor":22,"gold_loss":0,"cards_obtained":["Pommel Strike"]},{"damage_healed":0,"gold_gain":0,"player_choice":"Obtained Relic","damage_taken":0,"relics_obtained":["Art of War"],"max_hp_gain":0,"max_hp_loss":0,"event_name":"Addict","floor":25,"gold_loss":85},{"damage_healed":0,"gold_gain":0,"player_choice":"Fight","damage_taken":0,"max_hp_gain":0,"max_hp_loss":0,"event_name":"Colosseum","floor":28,"gold_loss":0},{"damage_healed":0,"gold_gain":0,"player_choice":"Fled From Nobs","damage_taken":0,"max_hp_gain":0,"max_hp_loss":0,"event_name":"Colosseum","floor":28,"gold_loss":0},{"damage_healed":0,"gold_gain":0,"player_choice":"Inject Mutagens","damage_taken":0,"relics_obtained":["MutagenicStrength"],"max_hp_gain":0,"max_hp_loss":0,"event_name":"Drug Dealer","floor":30,"gold_loss":0}],"is_beta":false,"boss_relics":[{"not_picked":["Runic Pyramid","Lizard Tail"],"picked":"Sozu"}],"items_purged_floors":[4,19],"is_endless":false,"potions_floor_spawned":[5,7,10,18,29,31],"killed_by":"Champ","ascension_level":9}