{"path_per_floor":["M","?","M","M","M","R","E","R","T","M","?","?","M","M","R","B",null,"M","$"],"character_chosen":"THE_SILENT","items_purchased":["Poisoned Stab"],"gold_per_floor":[209,209,229,239,259,259,285,285,311,327,327,292,308,319,319,421,421,421,322,322],"floor_reached":20,"campfire_rested":2,"playtime":1701,"current_hp_per_floor":[69,62,59,59,57,57,9,30,30,19,19,36,31,13,49,34,61,30,30,0],"items_purged":["Regret"],"gold":322,"score":220,"play_id":"34e1969d-9dc2-4216-90ef-78a16da0e798","local_time":"20180413184327","is_prod":false,"is_daily":false,"chose_seed":false,"is_ascension_mode":true,"campfire_upgraded":1,"timestamp":1523670207,"path_taken":["M","?","M","M","M","R","E","R","T","M","?","?","?","M","R","BOSS","M","$","M"],"build_version":"2018-04-12","seed_source_timestamp":161708891669129,"purchased_purges":1,"victory":false,"master_deck":["Defend_G","Defend_G","Defend_G","Defend_G","Defend_G","Strike_G","Strike_G","Strike_G","Strike_G","Survivor","Neutralize+1","Deflect","Deflect","Poisoned Stab","Prepared","Bane","Catalyst","Poisoned Stab","Prepared+1","Poisoned Stab"],"max_hp_per_floor":[70,70,70,70,70,70,70,70,70,70,70,70,70,70,70,70,70,70,70,70],"relics":["Ring of the Snake","Question Card","Regal Pillow","Calipers","Ectoplasm"],"card_choices":[{"not_picked":["Slice","Backflip"],"picked":"Deflect","floor":1},{"not_picked":["Skewer","Outmaneuver"],"picked":"Deflect","floor":3},{"not_picked":["Cloak And Dagger","Well Laid Plans"],"picked":"Poisoned Stab","floor":4},{"not_picked":["Terror","Slice"],"picked":"Prepared","floor":5},{"not_picked":["Dagger Spray","Poisoned Stab"],"picked":"Bane","floor":7},{"not_picked":["Flying Knee","Burst","Heel Hook"],"picked":"Catalyst","floor":10},{"not_picked":["Underhanded Strike","Cloak And Dagger","Dagger Spray"],"picked":"Poisoned Stab","floor":13},{"not_picked":["Reflex","Leg Sweep","Quick Slash"],"picked":"Prepared","floor":18}],"player_experience":281686,"potions_floor_usage":[16,16],"damage_taken":[{"damage":1,"enemies":"Small Slimes","floor":1,"turns":4},{"damage":3,"enemies":"Jaw Worm","floor":3,"turns":7},{"damage":0,"enemies":"2 Louse","floor":4,"turns":4},{"damage":2,"enemies":"Exordium Wildlife","floor":5,"turns":7},{"damage":48,"enemies":"3 Sentries","floor":7,"turns":15},{"damage":11,"enemies":"3 Louse","floor":10,"turns":6},{"damage":5,"enemies":"2 Fungi Beasts","floor":13,"turns":5},{"damage":18,"enemies":"Gremlin Gang","floor":14,"turns":8},{"damage":15,"enemies":"The Guardian","floor":16,"turns":7},{"damage":31,"enemies":"Chosen","floor":18,"turns":6},{"damage":31,"enemies":"Spheric Guardian","floor":20,"turns":5}],"event_choices":[{"event_name":"Golden Wing","player_choice":"Card Removal","floor":2,"damage_taken":0},{"event_name":"Big Fish","player_choice":"Box","floor":11,"damage_taken":0},{"event_name":"The Cleric","player_choice":"Healed","floor":12,"damage_taken":0}],"boss_relics":[{"not_picked":["Runic Pyramid","Black Star"],"picked":"Ectoplasm"}],"potions_floor_spawned":[3,5,14,16],"seed_played":"833672093192065415","killed_by":"Spheric Guardian","ascension_level":5,"is_trial":false}