{"gold_per_floor":[118,19,19,19,37,76,97,141,223,223,258,274,292,310,310,401,401,384,408,429,448,35,35],"floor_reached":23,"playtime":873,"items_purged":["Strike_R","Strike_R"],"score":508,"play_id":"0012b731-526e-4790-96eb-00d195ae3eb6","local_time":"20181020163446","is_ascension_mode":true,"campfire_choices":[{"data":"Whirlwind","floor":10.0,"key":"SMITH"},{"data":"Armaments","floor":15,"key":"SMITH"}],"neow_cost":"NONE","seed_source_timestamp":0,"circlet_count":0,"master_deck":["Strike_R","Strike_R","Strike_R","Defend_R","Defend_R","Defend_R","Defend_R","Bash","AscendersBane","Whirlwind+1","Shrug It Off","Shockwave","Clothesline","Power Through","Warcry","Spot Weakness","Armaments+1","Limit Break","Shrug It Off"],"special_seed":0,"relics":["Burning Blood","NeowsBlessing","Golden Idol","Unceasing Top","Blood Vial","Ornamental Fan","Red Skull","Cursed Key","FossilizedHelix"],"potions_floor_usage":[16,16,23,23],"damage_taken":[{"damage":0.0,"enemies":"Small Slimes","floor":1.0,"turns":1.0},{"damage":0.0,"enemies":"Jaw Worm","floor":5.0,"turns":1.0},{"damage":0.0,"enemies":"3 Sentries","floor":6.0,"turns":2.0},{"damage":4.0,"enemies":"Cultist","floor":7.0,"turns":5.0},{"damage":38.0,"enemies":"Gremlin Nob","floor":8.0,"turns":6.0},{"damage":25.0,"enemies":"3 Sentries","floor":11.0,"turns":7.0},{"damage":8.0,"enemies":"Exordium Thugs","floor":12.0,"turns":3.0},{"damage":6.0,"enemies":"2 Fungi Beasts","floor":13.0,"turns":3.0},{"damage":13.0,"enemies":"Red Slaver","floor":14.0,"turns":3.0},{"damage":0,"enemies":"Slime Boss","floor":16,"turns":4},{"damage":34,"enemies":"2 Thieves","floor":18,"turns":4},{"damage":2,"enemies":"Shell Parasite","floor":19,"turns":5},{"damage":17,"enemies":"Snake Plant","floor":20,"turns":4},{"damage":10,"enemies":"Centurion and Healer","floor":21,"turns":4},{"damage":41,"enemies":"Gremlin Leader","floor":23,"turns":7}],"seed_played":"-2366615075695806794","potions_obtained":[{"floor":1.0,"key":"Ancient Potion"},{"floor":7.0,"key":"Regen Potion"},{"floor":12.0,"key":"AttackPotion"},{"floor":13.0,"key":"GamblersBrew"},{"floor":14.0,"key":"AttackPotion"},{"floor":16,"key":"SpeedPotion"},{"floor":18,"key":"FearPotion"},{"floor":20,"key":"EssenceOfSteel"}],"is_trial":false,"path_per_floor":["M","$","?","?","M","E","M","E","T","R","E","M","M","M","R","B",null,"M","M","M","M","$"],"character_chosen":"IRONCLAD","items_purchased":["Shrug It Off","FossilizedHelix"],"campfire_rested":0,"item_purchase_floors":[2,22],"current_hp_per_floor":[74,74,74,48,54,60,62,30,30,30,28,28,30,25,25,33,65,39,45,36,34,34,0],"gold":35,"neow_bonus":"THREE_ENEMY_KILL","is_prod":false,"is_daily":false,"chose_seed":false,"campfire_upgraded":2,"win_rate":0,"timestamp":1540078486,"path_taken":["M","$","?","?","M","E","M","E","T","R","E","M","?","M","R","BOSS","M","M","M","M","$","E"],"build_version":"2018-10-18","purchased_purges":2,"victory":false,"max_hp_per_floor":[75,75,75,75,75,75,75,75,75,75,75,75,75,75,75,75,75,75,75,75,75,75,75],"card_choices":[{"not_picked":["Armaments","Corruption"],"picked":"Whirlwind","floor":1.0},{"not_picked":["Sword Boomerang","Shrug It Off"],"picked":"Shockwave","floor":5.0},{"not_picked":["Searing Blow","Flex"],"picked":"Clothesline","floor":6.0},{"not_picked":["Warcry","Pommel Strike"],"picked":"Power Through","floor":7.0},{"not_picked":["Barricade","Entrench","Rupture"],"picked":"SKIP","floor":8.0},{"not_picked":["Clothesline","Fire Breathing"],"picked":"Warcry","floor":11.0},{"not_picked":["Clothesline","Flex","Perfected Strike"],"picked":"SKIP","floor":12.0},{"not_picked":["Feel No Pain","Sword Boomerang"],"picked":"Spot Weakness","floor":13.0},{"not_picked":["Heavy Blade","Sword Boomerang"],"picked":"Armaments","floor":14.0},{"not_picked":["Feed","Berserk"],"picked":"Limit Break","floor":16},{"not_picked":["Clash","Body Slam+1","Thunderclap"],"picked":"SKIP","floor":18},{"not_picked":["Thunderclap","Reckless Charge","Dual Wield"],"picked":"SKIP","floor":19},{"not_picked":["Anger","Second Wind"],"picked":"Shrug It Off","floor":20},{"not_picked":["Body Slam","Cleave","Combust"],"picked":"SKIP","floor":21}],"player_experience":967194,"relics_obtained":[{"floor":6.0,"key":"Unceasing Top"},{"floor":8.0,"key":"Blood Vial"},{"floor":9.0,"key":"Ornamental Fan"},{"floor":11.0,"key":"Red Skull"}],"event_choices":[{"damage_healed":0.0,"max_hp_gain":0.0,"max_hp_loss":0.0,"gold_gain":0.0,"event_name":"The Cleric","player_choice":"Leave","floor":3.0,"gold_loss":0.0,"damage_taken":0.0},{"damage_healed":0.0,"max_hp_gain":0.0,"max_hp_loss":0.0,"gold_gain":0.0,"event_name":"Golden Idol","player_choice":"Take Damage","floor":4.0,"gold_loss":0.0,"damage_taken":26.0,"relics_obtained":["Golden Idol"]}],"is_beta":false,"boss_relics":[{"not_picked":["Sozu","Black Blood"],"picked":"Cursed Key"}],"items_purged_floors":[2,22],"is_endless":false,"potions_floor_spawned":[1,7,12,13,14,16,18,20],"killed_by":"Gremlin Leader","ascension_level":15}