{"gold_per_floor":[112,126,140,158,172,172,201,201,270,288,301,301,314,331,331,435,435,451,451,451,461,461,461,475,475,475,475,489,489,489],"floor_reached":30,"playtime":1911,"items_purged":[],"score":260,"play_id":"b93ab72c-535d-4a0e-a1a0-36dc12efa141","local_time":"20181208030324","is_ascension_mode":true,"campfire_choices":[{"floor":6.0,"key":"REST"},{"floor":8.0,"key":"REST"},{"floor":12.0,"key":"REST"},{"floor":15.0,"key":"REST"},{"floor":23.0,"key":"REST"},{"floor":27.0,"key":"REST"},{"floor":29.0,"key":"REST"}],"neow_cost":"NONE","seed_source_timestamp":0,"circlet_count":0,"master_deck":["Strike_B+1","Strike_B+1","Strike_B+1","Defend_B+1","Defend_B+1","Defend_B+1","Defend_B+1","Zap","Dualcast","Rainbow","Static Discharge","Glacier","Fusion","Conserve Battery","Coolheaded","Amplify","Cold Snap","Hologram+1","Heatsinks","Conserve Battery","Electrodynamics","Stack","Necronomicurse","Cold Snap","Cold Snap","Beam Cell","Leap"],"special_seed":0,"relics":["Cracked Core","Ancient Tea Set","Shuriken","Sozu","Necronomicon","Pantograph"],"potions_floor_usage":[],"damage_taken":[{"damage":0.0,"enemies":"Cultist","floor":1.0,"turns":3.0},{"damage":0.0,"enemies":"Small Slimes","floor":2.0,"turns":3.0},{"damage":2.0,"enemies":"2 Louse","floor":3.0,"turns":3.0},{"damage":18.0,"enemies":"Large Slime","floor":4.0,"turns":5.0},{"damage":35.0,"enemies":"Gremlin Gang","floor":5.0,"turns":5.0},{"damage":7.0,"enemies":"Lagavulin","floor":7.0,"turns":6.0},{"damage":3.0,"enemies":"2 Fungi Beasts","floor":10.0,"turns":4.0},{"damage":13.0,"enemies":"Lots of Slimes","floor":11.0,"turns":5.0},{"damage":8.0,"enemies":"3 Louse","floor":13.0,"turns":3.0},{"damage":16.0,"enemies":"2 Fungi Beasts","floor":14.0,"turns":2.0},{"damage":39.0,"enemies":"Hexaghost","floor":16.0,"turns":18.0},{"damage":25.0,"enemies":"2 Thieves","floor":18.0,"turns":4.0},{"damage":14.0,"enemies":"Shell Parasite","floor":21.0,"turns":8.0},{"damage":10.0,"enemies":"Snake Plant","floor":24.0,"turns":3.0},{"damage":16.0,"enemies":"Sentry and Sphere","floor":28.0,"turns":10.0},{"damage":0,"enemies":"Snecko","floor":30,"turns":1}],"seed_played":"4866061875693456620","potions_obtained":[{"floor":2.0,"key":"Swift Potion"},{"floor":4.0,"key":"SteroidPotion"},{"floor":7.0,"key":"Dexterity Potion"},{"floor":10.0,"key":"Strength Potion"},{"floor":13.0,"key":"SkillPotion"}],"is_trial":false,"path_per_floor":["M","M","M","M","M","R","E","R","T","M","M","R","M","M","R","B",null,"M","?","?","M","?","R","M","?","T","R","M","R","M"],"character_chosen":"DEFECT","items_purchased":[],"campfire_rested":7,"item_purchase_floors":[],"current_hp_per_floor":[75,75,73,55,20,42,35,57,57,54,41,63,55,39,61,22,75,50,34,34,20,20,42,32,32,32,54,38,60,60],"gold":489,"neow_bonus":"ONE_RANDOM_RARE_CARD","is_prod":false,"is_daily":false,"chose_seed":false,"campfire_upgraded":0,"win_rate":0,"timestamp":1544234604,"path_taken":["M","?","M","M","?","R","E","R","T","M","M","R","M","M","R","BOSS","M","?","?","M","?","R","?","?","T","R","?","R","M"],"build_version":"2018-12-06","purchased_purges":0,"victory":false,"max_hp_per_floor":[75,75,75,75,75,75,75,75,75,75,75,75,75,75,75,75,75,75,75,75,75,75,75,75,75,75,75,75,75,75],"card_choices":[{"not_picked":["Streamline","Ball Lightning"],"picked":"Static Discharge","floor":1.0},{"not_picked":["Rebound","Steam Power"],"picked":"Glacier","floor":2.0},{"not_picked":["Rebound","Beam Cell"],"picked":"Fusion","floor":3.0},{"not_picked":["Doom and Gloom","Force Field"],"picked":"Conserve Battery","floor":4.0},{"not_picked":["Force Field","Aggregate"],"picked":"Coolheaded","floor":5.0},{"not_picked":["Rebound","Leap"],"picked":"Amplify","floor":7.0},{"not_picked":["Hologram","Steam"],"picked":"Cold Snap","floor":10.0},{"not_picked":["Consume","Steam"],"picked":"Hologram","floor":11.0},{"not_picked":["Stack","Steam Power"],"picked":"Heatsinks","floor":13.0},{"not_picked":["Sweeping Beam","Redo"],"picked":"Conserve Battery","floor":14.0},{"not_picked":["Seek","Reboot"],"picked":"Electrodynamics","floor":16.0},{"not_picked":["Streamline","Barrage"],"picked":"Stack","floor":18.0},{"not_picked":["Sweeping Beam","Melter"],"picked":"Cold Snap","floor":21.0},{"not_picked":["Beam Cell","Hologram"],"picked":"Cold Snap","floor":24.0},{"not_picked":["Skim","Steam Power"],"picked":"Leap","floor":28.0}],"player_experience":150774,"relics_obtained":[{"floor":7.0,"key":"Ancient Tea Set"},{"floor":9.0,"key":"Shuriken"},{"floor":19.0,"key":"Necronomicon"},{"floor":26.0,"key":"Pantograph"}],"event_choices":[{"damage_healed":0.0,"max_hp_gain":0.0,"max_hp_loss":0.0,"gold_gain":0.0,"event_name":"Cursed Tome","player_choice":"Obtained Book","floor":19.0,"gold_loss":0.0,"damage_taken":16.0},{"damage_healed":0.0,"max_hp_gain":0.0,"max_hp_loss":0.0,"gold_gain":0.0,"event_name":"Back to Basics","player_choice":"Simplicity","floor":20.0,"gold_loss":0.0,"damage_taken":0.0,"cards_upgraded":["Strike_B","Strike_B","Strike_B","Strike_B","Defend_B","Defend_B","Defend_B","Defend_B"]},{"damage_healed":0.0,"max_hp_gain":0.0,"max_hp_loss":0.0,"gold_gain":0.0,"event_name":"Upgrade Shrine","player_choice":"Upgraded","floor":22.0,"gold_loss":0.0,"damage_taken":0.0,"cards_upgraded":["Hologram"]},{"damage_healed":0.0,"max_hp_gain":0.0,"max_hp_loss":0.0,"gold_gain":0.0,"cards_transformed":["Strike_B"],"event_name":"Transmorgrifier","player_choice":"Transformed","floor":25.0,"gold_loss":0.0,"damage_taken":0.0,"cards_obtained":["Beam Cell"]}],"is_beta":false,"boss_relics":[{"not_picked":["Runic Dome","Inserter"],"picked":"Sozu"}],"items_purged_floors":[],"is_endless":false,"potions_floor_spawned":[2,4,7,10,13,14,21],"killed_by":"Snecko","ascension_level":2}