{"gold_per_floor":[112,131,150,160,10,10,35,55,135,149,149,149,163,185,185,259,259,277,277,288,288,176,176,176,196,196,196,20,51,51,51,51,51],"floor_reached":33,"playtime":2567,"items_purged":["Defend_B+1","Strike_B+1"],"score":470,"play_id":"fb0f355b-03d6-4834-a72e-cbd83a88cddc","local_time":"20190218121457","is_ascension_mode":true,"campfire_choices":[{"data":"Fission","floor":6.0,"key":"SMITH"},{"data":"Go for the Eyes","floor":11.0,"key":"SMITH"},{"data":"Hologram","floor":15.0,"key":"SMITH"},{"data":"Sunder","floor":24.0,"key":"SMITH"},{"data":"Defragment","floor":27.0,"key":"SMITH"},{"data":"Consume","floor":30.0,"key":"SMITH"},{"data":"Zap","floor":32.0,"key":"SMITH"}],"neow_cost":"NONE","seed_source_timestamp":0,"circlet_count":0,"master_deck":["AscendersBane","Defend_B+1","Defend_B+1","Defend_B+1","Zap+1","Dualcast","Fission+1","Conserve Battery","Capacitor","Go for the Eyes+1","Cold Snap","Self Repair","Glacier","Streamline","Hologram+1","Seek","Force Field+1","Hologram+1","Tempest+1","RitualDagger","Sunder+1","Defragment+1","Consume+1"],"special_seed":0,"relics":["Cracked Core","Omamori","Cables","Odd Mushroom","Astrolabe","Centennial Puzzle","PreservedInsect"],"potions_floor_usage":[33],"damage_taken":[{"damage":1.0,"enemies":"Cultist","floor":1.0,"turns":3.0},{"damage":9.0,"enemies":"Jaw Worm","floor":2.0,"turns":4.0},{"damage":0.0,"enemies":"Small Slimes","floor":3.0,"turns":3.0},{"damage":3.0,"enemies":"Looter","floor":4.0,"turns":4.0},{"damage":33.0,"enemies":"Gremlin Nob","floor":7.0,"turns":5.0},{"damage":0.0,"enemies":"3 Louse","floor":8.0,"turns":5.0},{"damage":10.0,"enemies":"Red Slaver","floor":10.0,"turns":4.0},{"damage":17.0,"enemies":"Lots of Slimes","floor":13.0,"turns":6.0},{"damage":4.0,"enemies":"The Mushroom Lair","floor":14.0,"turns":4.0},{"damage":18.0,"enemies":"The Guardian","floor":16.0,"turns":15.0},{"damage":1.0,"enemies":"Shell Parasite","floor":18.0,"turns":9.0},{"damage":10.0,"enemies":"Chosen","floor":20.0,"turns":6.0},{"damage":0.0,"enemies":"Slavers","floor":23.0,"turns":1.0},{"damage":11.0,"enemies":"Snake Plant","floor":25.0,"turns":6.0},{"damage":20.0,"enemies":"Gremlin Leader","floor":29.0,"turns":15.0},{"damage":47,"enemies":"Automaton","floor":33,"turns":22}],"seed_played":"-8069223990985659458","potions_obtained":[{"floor":1.0,"key":"Swift Potion"},{"floor":7.0,"key":"Weak Potion"},{"floor":13.0,"key":"SpeedPotion"},{"floor":18.0,"key":"SmokeBomb"}],"is_trial":false,"path_per_floor":["M","M","M","M","$","R","E","M","T","M","R","?","M","?","R","B",null,"M","?","M","?","$","E","R","M","T","R","$","E","R","$","R","B"],"character_chosen":"DEFECT","items_purchased":["Self Repair","FocusPotion","Defragment","Regen Potion"],"campfire_rested":0,"item_purchase_floors":[5,5,22,28],"current_hp_per_floor":[67,58,58,55,55,55,29,36,36,33,33,58,48,51,51,40,66,72,66,56,56,56,56,56,52,52,52,52,39,39,39,39,0],"gold":51,"neow_bonus":"ONE_RANDOM_RARE_CARD","is_prod":false,"is_daily":false,"chose_seed":false,"campfire_upgraded":7,"win_rate":0,"timestamp":1550488497,"path_taken":["M","M","M","M","$","R","E","M","T","?","R","?","M","?","R","BOSS","BOSS","M","?","M","?","?","E","R","M","T","R","$","E","R","$","R","BOSS"],"build_version":"2019-01-23","purchased_purges":2,"victory":false,"max_hp_per_floor":[75,75,75,75,75,75,75,75,75,75,75,75,75,75,75,75,75,75,75,75,75,75,75,75,75,75,75,75,75,75,75,75,75],"card_choices":[{"not_picked":["Reinforced Body","Leap"],"picked":"Conserve Battery","floor":1.0},{"not_picked":["Stack","Tempest"],"picked":"Capacitor","floor":2.0},{"not_picked":["Undo","Compile Driver"],"picked":"Go for the Eyes","floor":3.0},{"not_picked":["Stack","Reboot"],"picked":"Cold Snap","floor":4.0},{"not_picked":["Leap","Cold Snap"],"picked":"Glacier","floor":7.0},{"not_picked":["Beam Cell","Conserve Battery"],"picked":"Streamline","floor":8.0},{"not_picked":["Storm","Conserve Battery","Go for the Eyes"],"picked":"SKIP","floor":10.0},{"not_picked":["Storm","Leap"],"picked":"Hologram","floor":13.0},{"not_picked":["Echo Form","Reboot"],"picked":"Seek","floor":16.0},{"not_picked":["Gash","Tempest","Hologram"],"picked":"SKIP","floor":18.0},{"not_picked":["Ball Lightning","Static Discharge"],"picked":"Sunder","floor":20.0},{"not_picked":["Gash","FTL"],"picked":"Consume","floor":25.0},{"not_picked":["Barrage","Hologram","Compile Driver"],"picked":"SKIP","floor":29.0}],"player_experience":375513,"relics_obtained":[{"floor":7.0,"key":"Omamori"},{"floor":9.0,"key":"Cables"},{"floor":14.0,"key":"Odd Mushroom"},{"floor":26.0,"key":"Centennial Puzzle"},{"floor":29.0,"key":"PreservedInsect"}],"event_choices":[{"damage_healed":25.0,"max_hp_gain":0.0,"max_hp_loss":0.0,"gold_gain":0.0,"event_name":"Big Fish","player_choice":"Banana","floor":12.0,"gold_loss":0.0,"damage_taken":0.0},{"damage_healed":0.0,"max_hp_gain":0.0,"max_hp_loss":0.0,"gold_gain":0.0,"event_name":"Mushrooms","player_choice":"Fought Mushrooms","floor":14.0,"gold_loss":0.0,"damage_taken":0.0},{"damage_healed":0.0,"max_hp_gain":0.0,"max_hp_loss":0.0,"gold_gain":0.0,"event_name":"Nest","player_choice":"Joined the Cult","floor":19.0,"gold_loss":0.0,"damage_taken":6.0,"cards_obtained":["RitualDagger"]},{"damage_healed":0.0,"max_hp_gain":0.0,"max_hp_loss":0.0,"gold_gain":0.0,"event_name":"Back to Basics","player_choice":"Simplicity","floor":21.0,"gold_loss":0.0,"damage_taken":0.0,"cards_upgraded":["Strike_B","Defend_B","Defend_B","Defend_B","Defend_B"]}],"is_beta":false,"boss_relics":[{"not_picked":["Black Star","White Beast Statue"],"picked":"Astrolabe"}],"items_purged_floors":[22,28],"is_endless":false,"potions_floor_spawned":[1,7,13,14,18,20,29],"killed_by":"Automaton","ascension_level":13}