{"gold_per_floor":[363,381,45,56,56,56,70,83,83,83,83],"floor_reached":11,"playtime":462,"items_purged":[],"score":117,"play_id":"6fdda45c-f011-4635-80a6-b70d0a5f3324","local_time":"20190224120112","is_ascension_mode":true,"campfire_choices":[{"data":"Zap","floor":6.0,"key":"SMITH"}],"neow_cost":"PERCENT_DAMAGE","seed_source_timestamp":6474954354397,"circlet_count":0,"master_deck":["AscendersBane","Strike_B","Strike_B","Strike_B+1","Strike_B","Defend_B","Defend_B","Defend_B","Defend_B","Zap+1","Dualcast","Sunder+1","Ball Lightning","Cold Snap+1","Core Surge+1","Cold Snap+1","Hologram"],"special_seed":0,"relics":["Cracked Core","Molten Egg 2","Darkstone Periapt"],"potions_floor_usage":[],"damage_taken":[{"damage":1.0,"enemies":"Cultist","floor":1.0,"turns":4.0},{"damage":4.0,"enemies":"Jaw Worm","floor":2.0,"turns":3.0},{"damage":1.0,"enemies":"Small Slimes","floor":4.0,"turns":2.0},{"damage":7.0,"enemies":"3 Louse","floor":7.0,"turns":2.0},{"damage":7.0,"enemies":"Exordium Wildlife","floor":8.0,"turns":2.0},{"damage":13,"enemies":"Lagavulin","floor":11,"turns":3}],"seed_played":"486750567026616124","potions_obtained":[{"floor":1.0,"key":"Ancient Potion"}],"is_trial":false,"path_per_floor":["M","M","$","M","?","R","M","M","T","?","E"],"character_chosen":"DEFECT","items_purchased":["Molten Egg 2","Cold Snap+1"],"campfire_rested":0,"item_purchase_floors":[3,3],"current_hp_per_floor":[45,41,41,40,40,40,33,26,26,5,0],"gold":83,"neow_bonus":"TWO_FIFTY_GOLD","is_prod":false,"is_daily":false,"chose_seed":false,"campfire_upgraded":1,"win_rate":0,"timestamp":1551031272,"path_taken":["M","?","$","?","?","R","M","?","T","?","E"],"build_version":"2019-01-23","purchased_purges":0,"victory":false,"max_hp_per_floor":[71,71,71,71,71,71,71,71,71,71,71],"card_choices":[{"not_picked":["Beam Cell","Barrage"],"picked":"Sunder","floor":1.0},{"not_picked":["Steam","Coolheaded"],"picked":"Ball Lightning","floor":2.0},{"not_picked":["Reprogram","Barrage+1"],"picked":"Core Surge+1","floor":4.0},{"not_picked":["Stack","Gash+1"],"picked":"Cold Snap+1","floor":7.0},{"not_picked":["Scrape+1","Recycle"],"picked":"Hologram","floor":8.0}],"player_experience":573041,"relics_obtained":[{"floor":9.0,"key":"Darkstone Periapt"}],"event_choices":[{"damage_healed":0.0,"max_hp_gain":0.0,"max_hp_loss":0.0,"gold_gain":0.0,"event_name":"Match and Keep!","player_choice":"0 cards matched","floor":5.0,"gold_loss":0.0,"damage_taken":0.0,"cards_obtained":[]},{"damage_healed":0.0,"max_hp_gain":0.0,"max_hp_loss":0.0,"gold_gain":0.0,"event_name":"Shining Light","player_choice":"Entered Light","floor":10.0,"gold_loss":0.0,"damage_taken":21.0,"cards_upgraded":["Sunder","Strike_B"]}],"is_beta":false,"boss_relics":[],"items_purged_floors":[],"is_endless":false,"potions_floor_spawned":[1],"killed_by":"Lagavulin","ascension_level":16}