{"path_per_floor":["M","$","?","?","M","E","R","E","T","M","M","$","M","?","R"],"character_chosen":"DEFECT","items_purchased":[],"gold_per_floor":[114,39,39,39,56,82,82,110,110,128,145,45,61,61,61,61],"floor_reached":16,"campfire_rested":0,"playtime":819,"item_purchase_floors":[],"current_hp_per_floor":[69,69,75,75,75,38,38,23,23,23,24,24,17,44,44,0],"items_purged":["Strike_B","Defend_B"],"gold":61,"score":132,"play_id":"3d423a5c-20a7-4520-ab67-2d8202622656","local_time":"20180611222901","is_prod":false,"is_daily":false,"chose_seed":false,"is_ascension_mode":true,"campfire_upgraded":2,"win_rate":0,"timestamp":1528774141,"campfire_choices":[{"data":"Zap","floor":7,"key":"SMITH"},{"data":"Dualcast","floor":15,"key":"SMITH"}],"path_taken":["M","$","?","?","M","E","R","E","T","M","M","$","?","?","R","BOSS"],"build_version":"2018-06-07v3","seed_source_timestamp":0,"purchased_purges":2,"victory":false,"master_deck":["Strike_B","Strike_B","Defend_B","Defend_B","Defend_B","Zap+1","Dualcast+1","Streamline","Redo","Glacier","Conserve Battery","Beam Cell"],"max_hp_per_floor":[75,75,75,75,75,75,75,77,77,79,81,81,81,81,81,81],"relics":["Cracked Core","Boot","Centennial Puzzle","Singing Bowl","Toxic Egg 2"],"card_choices":[{"not_picked":["Hologram","Ball Lightning"],"picked":"Streamline","floor":1},{"not_picked":["Ball Lightning","Darkness"],"picked":"Glacier","floor":5},{"not_picked":["Seek","Hyperbeam"],"picked":"Conserve Battery","floor":6},{"not_picked":["Darkness","Skim","Capacitor"],"picked":"Singing Bowl","floor":8},{"not_picked":["Double Energy+1","Melter","Aggregate+1"],"picked":"Singing Bowl","floor":10},{"not_picked":["Streamline","Cold Snap","Redo+1"],"picked":"Singing Bowl","floor":11},{"not_picked":["Melter","Redo+1"],"picked":"Beam Cell","floor":13}],"player_experience":206489,"potions_floor_usage":[],"damage_taken":[{"damage":6,"enemies":"Small Slimes","floor":1,"turns":4},{"damage":0,"enemies":"Cultist","floor":5,"turns":2},{"damage":37,"enemies":"Gremlin Nob","floor":6,"turns":6},{"damage":17,"enemies":"Lagavulin","floor":8,"turns":6},{"damage":2,"enemies":"2 Louse","floor":10,"turns":2},{"damage":1,"enemies":"Blue Slaver","floor":11,"turns":2},{"damage":7,"enemies":"Red Slaver","floor":13,"turns":2},{"damage":47,"enemies":"Hexaghost","floor":16,"turns":11}],"relics_obtained":[{"floor":6,"key":"Centennial Puzzle"},{"floor":8,"key":"Singing Bowl"},{"floor":9,"key":"Toxic Egg 2"}],"event_choices":[{"event_name":"Wheel of Change","player_choice":"Full Heal","floor":3,"damage_taken":0},{"event_name":"Transmorgrifier","player_choice":"Transform","floor":4,"damage_taken":0},{"event_name":"Big Fish","player_choice":"Banana","floor":14,"damage_taken":0}],"boss_relics":[],"items_purged_floors":[2,12],"potions_floor_spawned":[5,8,13],"seed_played":"2567500205175264825","killed_by":"Hexaghost","ascension_level":4,"potions_obtained":[{"floor":5,"key":"Block Potion"},{"floor":8,"key":"FocusPotion"},{"floor":13,"key":"SkillPotion"}],"is_trial":false}