{"path_per_floor":["M","M","M","$","?","R","M","R","T","?","E","M","$","M","R","B",null,"M","?","$","M","M","R","E","$","T"],"character_chosen":"THE_SILENT","items_purchased":["Matryoshka","Noxious Fumes"],"gold_per_floor":[111,127,147,72,139,139,154,154,222,222,247,265,16,29,29,134,134,134,134,134,74,74,74,74,3,3,3],"floor_reached":27,"campfire_rested":1,"playtime":1763,"current_hp_per_floor":[72,71,68,68,68,68,64,64,64,64,60,59,59,58,58,13,66,50,50,50,30,15,40,3,3,13,0],"items_purged":["Injury"],"gold":3,"score":375,"play_id":"c865470d-ba01-435f-b05d-df7a13cdc458","local_time":"20180517211825","is_prod":false,"is_daily":false,"chose_seed":false,"is_ascension_mode":true,"campfire_upgraded":3,"timestamp":1526617105,"campfire_choices":[{"data":"Neutralize","floor":6,"key":"SMITH"},{"data":"Dagger Spray","floor":8,"key":"SMITH"},{"data":"Sucker Punch","floor":15,"key":"SMITH"},{"floor":23,"key":"REST"}],"path_taken":["M","M","?","$","?","R","M","R","T","?","E","M","$","M","R","BOSS","M","?","$","M","M","R","E","?","T","M"],"build_version":"2018-05-17","seed_source_timestamp":160497902793036,"purchased_purges":1,"victory":false,"master_deck":["Defend_G","Defend_G","Defend_G","Defend_G","Defend_G","Strike_G+1","Strike_G","Strike_G","Strike_G","Strike_G","Survivor+1","Neutralize+1","AscendersBane","Underhanded Strike+1","Dagger Spray+1","Underhanded Strike","Underhanded Strike","Sucker Punch+1","Dagger Throw","Envenom","Leg Sweep+1","Deflect","Noxious Fumes"],"max_hp_per_floor":[84,84,84,84,84,84,84,84,84,84,84,84,84,84,84,84,84,84,84,84,84,84,84,84,84,94,94],"relics":["Ring of the Snake","Shuriken","Boot","Matryoshka","Ectoplasm","Whetstone","Vajra","Pear"],"card_choices":[{"not_picked":["Outmaneuver","All Out Attack"],"picked":"Underhanded Strike","floor":1},{"not_picked":["Poisoned Stab","Bane"],"picked":"Dagger Spray","floor":2},{"not_picked":["Acrobatics","Slice"],"picked":"Underhanded Strike","floor":3},{"not_picked":["PiercingWail","Dagger Spray","Outmaneuver"],"picked":"SKIP","floor":7},{"not_picked":["Terror","Accuracy"],"picked":"Underhanded Strike","floor":11},{"not_picked":["Skewer","Quick Slash"],"picked":"Sucker Punch","floor":12},{"not_picked":["Blade Dance","Acrobatics"],"picked":"Dagger Throw","floor":14},{"not_picked":["Grand Finale","Corpse Explosion"],"picked":"Envenom","floor":16},{"not_picked":["Poisoned Stab","Outmaneuver"],"picked":"Leg Sweep+1","floor":18},{"not_picked":["Prepared","Reflex","Backflip"],"picked":"SKIP","floor":21},{"not_picked":["Distraction","Backflip","Well Laid Plans"],"picked":"SKIP","floor":22},{"not_picked":["Deadly Poison+1","Concentrate"],"picked":"Deflect","floor":24}],"player_experience":444768,"potions_floor_usage":[11,16,16,24,27],"damage_taken":[{"damage":5,"enemies":"Cultist","floor":1,"turns":5},{"damage":1,"enemies":"2 Louse","floor":2,"turns":3},{"damage":3,"enemies":"Jaw Worm","floor":3,"turns":4},{"damage":4,"enemies":"2 Fungi Beasts","floor":7,"turns":3},{"damage":4,"enemies":"3 Sentries","floor":11,"turns":4},{"damage":1,"enemies":"Looter","floor":12,"turns":3},{"damage":1,"enemies":"Blue Slaver","floor":14,"turns":3},{"damage":45,"enemies":"Slime Boss","floor":16,"turns":13},{"damage":16,"enemies":"3 Byrds","floor":18,"turns":4},{"damage":20,"enemies":"2 Thieves","floor":21,"turns":4},{"damage":15,"enemies":"Centurion and Healer","floor":22,"turns":9},{"damage":37,"enemies":"Book of Stabbing","floor":24,"turns":8},{"damage":16,"enemies":"Snecko","floor":27,"turns":5}],"relics_obtained":[{"floor":9,"key":"Shuriken"},{"floor":11,"key":"Boot"},{"floor":24,"key":"Whetstone"},{"floor":26,"key":"Vajra"},{"floor":26,"key":"Pear"}],"event_choices":[{"event_name":"Golden Wing","player_choice":"Gained Gold","floor":5,"damage_taken":0},{"event_name":"Upgrade Shrine","player_choice":"Upgraded","floor":10,"damage_taken":0},{"event_name":"Ghosts","player_choice":"Ignored","floor":19,"damage_taken":0}],"boss_relics":[{"not_picked":["Black Star","Snecko Eye"],"picked":"Ectoplasm"}],"potions_floor_spawned":[1,11,12,18,24],"seed_played":"3817199957855155719","killed_by":"Snecko","ascension_level":10,"potions_obtained":[{"floor":1,"key":"SteroidPotion"},{"floor":11,"key":"Swift Potion"},{"floor":12,"key":"SkillPotion"},{"floor":18,"key":"Dexterity Potion"},{"floor":24,"key":"PowerPotion"}],"is_trial":false}