{"gold_per_floor":[144,189,114,159,204,294,294,294,294,339,384,474,519,244,244,544,544,589,634,634],"floor_reached":20,"playtime":1484,"items_purged":["Strike_B"],"score":263,"play_id":"cdbd81a5-a348-44ee-bb0b-e0c3e6061bd8","local_time":"20180809171637","daily_mods":["Insanity","Midas","Lethality"],"is_ascension_mode":false,"campfire_choices":[{"floor":8,"key":"REST"},{"floor":15,"key":"REST"}],"neow_cost":"","seed_source_timestamp":0,"circlet_count":0,"master_deck":["Compile Driver","White Noise","Dualcast","Recycle","Loop","Cold Snap","Chill","Turbo","Cold Snap","Glacier","Rainbow","Chill","Steam Power+1","Self Repair","Barrage","Static Discharge","Force Field","Consume","Undo","Steam","Redo","Blizzard","Amplify","Sunder","Recycle","Defend_B","Reinforced Body","Fission","Steam","Go for the Eyes","Stack","Skim","Heatsinks","Melter","Hyperbeam","Undo","White Noise","Aggregate","Creative AI","Barrage","Lockon","Doom and Gloom","Turbo","Coolheaded","Leap","Scrape","Ball Lightning","Doom and Gloom","Steam Power","Gash","Hologram+1","Stack","Compile Driver","Compile Driver","Conserve Battery","Glacier","Gash","Capacitor","Creative AI","Creative AI","Self Repair+1","Conserve Battery+1"],"special_seed":17752,"relics":["Cracked Core","Regal Pillow","Pantograph","DataDisk","DollysMirror","Fusion Hammer"],"potions_floor_usage":[5,16,18,18,20],"damage_taken":[{"damage":10,"enemies":"Jaw Worm","floor":1,"turns":2},{"damage":6,"enemies":"Small Slimes","floor":2,"turns":2},{"damage":0,"enemies":"Cultist","floor":4,"turns":3},{"damage":14,"enemies":"Lots of Slimes","floor":5,"turns":2},{"damage":10,"enemies":"Gremlin Nob","floor":6,"turns":3},{"damage":7,"enemies":"2 Fungi Beasts","floor":10,"turns":3},{"damage":0,"enemies":"Exordium Thugs","floor":11,"turns":4},{"damage":0,"enemies":"3 Sentries","floor":12,"turns":4},{"damage":0,"enemies":"Red Slaver","floor":13,"turns":5},{"damage":44,"enemies":"Hexaghost","floor":16,"turns":12},{"damage":36,"enemies":"3 Byrds","floor":18,"turns":5},{"damage":21,"enemies":"2 Thieves","floor":19,"turns":2},{"damage":34,"enemies":"3 Cultists","floor":20,"turns":3}],"seed_played":"-5890948259059833138","potions_obtained":[{"floor":2,"key":"Fire Potion"},{"floor":4,"key":"Block Potion"},{"floor":5,"key":"SteroidPotion"},{"floor":13,"key":"Weak Potion"},{"floor":16,"key":"Explosive Potion"},{"floor":18,"key":"Fire Potion"}],"is_trial":false,"path_per_floor":["M","M","$","M","M","E","?","R","T","M","M","E","M","$","R","B",null,"M","M"],"character_chosen":"DEFECT","items_purchased":["Capacitor","DollysMirror"],"campfire_rested":2,"item_purchase_floors":[14,14],"current_hp_per_floor":[65,59,59,59,45,35,20,57,57,57,57,57,71,71,75,38,75,53,32,0],"gold":634,"neow_bonus":"","is_prod":false,"is_daily":true,"chose_seed":false,"campfire_upgraded":0,"win_rate":0,"timestamp":1533827797,"path_taken":["M","M","$","M","M","E","?","R","T","M","M","E","?","$","R","BOSS","M","M","M"],"build_version":"2018-08-02","purchased_purges":1,"victory":false,"max_hp_per_floor":[75,75,75,75,75,75,75,75,75,75,75,75,75,75,75,75,75,75,75,75],"card_choices":[{"not_picked":["FTL","Hologram"],"picked":"Gash","floor":1},{"not_picked":["Loop","Tempest"],"picked":"Hologram","floor":2},{"not_picked":["Barrage","Steam","Chaos"],"picked":"SKIP","floor":4},{"not_picked":["Lockon","Go for the Eyes"],"picked":"Stack","floor":5},{"not_picked":["Redo","Scrape"],"picked":"Compile Driver","floor":6},{"not_picked":["Ball Lightning","Melter"],"picked":"Compile Driver","floor":10},{"not_picked":["FTL","Ball Lightning"],"picked":"Conserve Battery","floor":11},{"not_picked":["Rebound","Rip and Tear"],"picked":"Glacier","floor":12},{"not_picked":["Coolheaded","Redo"],"picked":"Gash","floor":13},{"not_picked":["Fission","Rainbow"],"picked":"Creative AI","floor":16},{"not_picked":["Stack","FTL"],"picked":"Self Repair+1","floor":18},{"not_picked":["Chill","Consume"],"picked":"Conserve Battery+1","floor":19}],"player_experience":100564,"relics_obtained":[{"floor":6,"key":"Regal Pillow"},{"floor":9,"key":"Pantograph"},{"floor":12,"key":"DataDisk"}],"event_choices":[{"event_name":"Shining Light","player_choice":"Entered Light","floor":7,"damage_taken":0}],"is_beta":false,"boss_relics":[{"not_picked":["Runic Dome","Cursed Key"],"picked":"Fusion Hammer"}],"items_purged_floors":[3],"is_endless":false,"potions_floor_spawned":[2,4,5,13,16,18],"killed_by":"3 Cultists","ascension_level":0}