{"gold_per_floor":[115,115,115,130,4,4,21,21,21,51,51,85,85,105,105,182,182,202,31,42,42,42,42,70,70,117,117,145,60,92,17,17,91,91,111,111,129,19,36,70,70,98,98,115,150,250,250,262,262,262],"floor_reached":51,"playtime":3239,"items_purged":["Defend_R"],"score":1499,"play_id":"7263e0b8-ed1f-476d-b0a3-55bb0a548dea","local_time":"20190210131507","is_ascension_mode":true,"campfire_choices":[{"data":"Rampage","floor":6.0,"key":"SMITH"},{"data":"Bash","floor":8.0,"key":"SMITH"},{"data":"Whirlwind","floor":15.0,"key":"SMITH"},{"data":"J.A.X.","floor":23.0,"key":"SMITH"},{"data":"Limit Break","floor":25.0,"key":"SMITH"},{"data":"Flame Barrier","floor":27.0,"key":"SMITH"},{"data":"Heavy Blade","floor":32.0,"key":"SMITH"},{"data":"Double Tap","floor":41.0,"key":"SMITH"},{"data":"Battle Trance","floor":49.0,"key":"SMITH"}],"neow_cost":"NONE","seed_source_timestamp":307938537192982,"circlet_count":0,"master_deck":["AscendersBane","Strike_R+1","Defend_R+1","Defend_R","Defend_R","Bash+1","Blind+1","Shrug It Off","Rampage+1","Shrug It Off","Battle Trance+1","Whirlwind+1","Heavy Blade+1","Limit Break+1","Flex+1","J.A.X.+1","Flame Barrier+1","Headbutt+1","Double Tap+1","Pommel Strike+1","Battle Trance","Impervious+1"],"special_seed":0,"relics":["Burning Blood","Centennial Puzzle","War Paint","Strawberry","Philosopher\u0027s Stone","Anchor","Bag of Marbles","PreservedInsect","Art of War","Meat on the Bone","Molten Egg 2","Velvet Choker","Frozen Egg 2","Dream Catcher","Whetstone","Calipers","Ginger"],"potions_floor_usage":[50],"damage_taken":[{"damage":7.0,"enemies":"Jaw Worm","floor":1.0,"turns":5.0},{"damage":2.0,"enemies":"Small Slimes","floor":4.0,"turns":5.0},{"damage":0.0,"enemies":"Cultist","floor":7.0,"turns":4.0},{"damage":23.0,"enemies":"Gremlin Nob","floor":10.0,"turns":4.0},{"damage":12.0,"enemies":"3 Sentries","floor":12.0,"turns":7.0},{"damage":4.0,"enemies":"3 Louse","floor":14.0,"turns":2.0},{"damage":4.0,"enemies":"The Guardian","floor":16.0,"turns":9.0},{"damage":19.0,"enemies":"Spheric Guardian","floor":18.0,"turns":5.0},{"damage":3.0,"enemies":"Shell Parasite","floor":20.0,"turns":5.0},{"damage":6.0,"enemies":"Gremlin Leader","floor":24.0,"turns":3.0},{"damage":14.0,"enemies":"Slavers","floor":28.0,"turns":4.0},{"damage":6.0,"enemies":"Book of Stabbing","floor":30.0,"turns":3.0},{"damage":49.0,"enemies":"Collector","floor":33.0,"turns":7.0},{"damage":2.0,"enemies":"Orb Walker","floor":35.0,"turns":2.0},{"damage":31.0,"enemies":"3 Darklings","floor":37.0,"turns":3.0},{"damage":15.0,"enemies":"Sphere and 2 Shapes","floor":39.0,"turns":6.0},{"damage":11.0,"enemies":"Nemesis","floor":40.0,"turns":3.0},{"damage":5.0,"enemies":"Giant Head","floor":42.0,"turns":5.0},{"damage":25.0,"enemies":"Spire Growth","floor":44.0,"turns":3.0},{"damage":25.0,"enemies":"Reptomancer","floor":45.0,"turns":4.0},{"damage":0.0,"enemies":"Mind Bloom Boss Battle","floor":46.0,"turns":4.0},{"damage":3.0,"enemies":"Jaw Worm Horde","floor":48.0,"turns":1.0},{"damage":38,"enemies":"Donu and Deca","floor":50,"turns":5}],"seed_played":"8029662060805881808","potions_obtained":[{"floor":7.0,"key":"Ancient Potion"},{"floor":12.0,"key":"FearPotion"},{"floor":18.0,"key":"Energy Potion"},{"floor":20.0,"key":"Strength Potion"},{"floor":28.0,"key":"AttackPotion"},{"floor":40.0,"key":"Poison Potion"},{"floor":44.0,"key":"FearPotion"},{"floor":48.0,"key":"Energy Potion"}],"is_trial":false,"path_per_floor":["M","?","?","M","$","R","M","R","T","E","?","E","$","M","R","B",null,"M","$","M","$","?","R","E","R","T","R","E","?","E","?","R","B",null,"M","?","M","?","M","E","R","E","T","M","E","?","?","M","R","B",null],"character_chosen":"IRONCLAD","items_purchased":["Shrug It Off","Anchor"],"campfire_rested":0,"item_purchase_floors":[5,19],"current_hp_per_floor":[67,60,60,64,64,64,70,70,70,53,53,54,54,56,56,58,76,63,63,66,66,66,66,66,66,66,66,58,58,58,58,58,27,68,72,72,59,59,50,57,57,58,58,51,44,50,50,53,53,33],"gold":262,"neow_bonus":"RANDOM_COLORLESS","is_prod":false,"is_daily":false,"chose_seed":false,"campfire_upgraded":9,"win_rate":0,"timestamp":1549800907,"path_taken":["M","?","?","M","$","R","?","R","T","E","?","E","?","M","R","BOSS","M","$","M","$","?","R","E","R","T","R","E","?","E","?","R","BOSS","M","?","M","?","?","E","R","E","T","M","E","?","?","M","R","BOSS"],"build_version":"2019-01-23","purchased_purges":1,"victory":true,"max_hp_per_floor":[75,75,75,75,75,75,75,75,75,75,75,82,82,82,82,82,82,82,82,82,82,82,82,82,82,82,82,82,82,82,82,82,82,82,82,82,82,82,82,82,82,82,82,82,82,82,82,82,82,82],"card_choices":[{"not_picked":["Rupture","Hemokinesis"],"picked":"Shrug It Off","floor":1.0},{"not_picked":["Armaments","Searing Blow"],"picked":"Rampage","floor":4.0},{"not_picked":["Iron Wave","Thunderclap","Rupture"],"picked":"SKIP","floor":7.0},{"not_picked":["True Grit","Pummel"],"picked":"Battle Trance","floor":10.0},{"not_picked":["Juggernaut","Twin Strike"],"picked":"Whirlwind","floor":12.0},{"not_picked":["Whirlwind","Rampage"],"picked":"Heavy Blade","floor":14.0},{"not_picked":["Impervious","Juggernaut"],"picked":"Limit Break","floor":16.0},{"not_picked":["Cleave","Perfected Strike"],"picked":"Flex","floor":18.0},{"not_picked":["Anger","Body Slam","Evolve"],"picked":"SKIP","floor":20.0},{"not_picked":["Twin Strike","Pummel"],"picked":"Flame Barrier","floor":24.0},{"not_picked":["Pummel","Flame Barrier"],"picked":"Headbutt","floor":28.0},{"not_picked":["Iron Wave","Inflame","Rage"],"picked":"SKIP","floor":30.0},{"not_picked":["Iron Wave","Inflame","Rage"],"picked":"SKIP","floor":30.0},{"not_picked":["Dark Embrace","Immolate+1"],"picked":"Double Tap","floor":33.0},{"not_picked":["Iron Wave+1","Wild Strike+1","Anger+1"],"picked":"SKIP","floor":35.0},{"not_picked":["Sword Boomerang+1","Armaments"],"picked":"Pommel Strike+1","floor":37.0},{"not_picked":["Twin Strike+1","Second Wind","Thunderclap+1"],"picked":"SKIP","floor":39.0},{"not_picked":["Dual Wield","Perfected Strike+1"],"picked":"Battle Trance","floor":40.0},{"not_picked":["Battle Trance","Twin Strike+1"],"picked":"Impervious","floor":42.0},{"not_picked":["Havoc+1","Intimidate","True Grit"],"picked":"SKIP","floor":44.0},{"not_picked":["Havoc+1","Intimidate","True Grit"],"picked":"SKIP","floor":44.0},{"not_picked":["Clash+1","True Grit","Flex"],"picked":"SKIP","floor":45.0},{"not_picked":["Heavy Blade+1","Headbutt+1","Dropkick+1"],"picked":"SKIP","floor":48.0}],"player_experience":351948,"relics_obtained":[{"floor":9.0,"key":"Centennial Puzzle"},{"floor":10.0,"key":"War Paint"},{"floor":12.0,"key":"Strawberry"},{"floor":24.0,"key":"Bag of Marbles"},{"floor":26.0,"key":"PreservedInsect"},{"floor":28.0,"key":"Art of War"},{"floor":30.0,"key":"Molten Egg 2"},{"floor":40.0,"key":"Frozen Egg 2"},{"floor":42.0,"key":"Dream Catcher"},{"floor":43.0,"key":"Whetstone"},{"floor":45.0,"key":"Calipers"},{"floor":46.0,"key":"Ginger"}],"event_choices":[{"cards_removed":["Strike_R"],"damage_healed":0.0,"max_hp_gain":0.0,"max_hp_loss":0.0,"gold_gain":0.0,"event_name":"Golden Wing","player_choice":"Card Removal","floor":2.0,"gold_loss":0.0,"damage_taken":7.0},{"cards_removed":["Strike_R"],"damage_healed":0.0,"max_hp_gain":0.0,"max_hp_loss":0.0,"gold_gain":0.0,"event_name":"Purifier","player_choice":"Purged","floor":3.0,"gold_loss":0.0,"damage_taken":0.0},{"damage_healed":0.0,"max_hp_gain":0.0,"max_hp_loss":0.0,"gold_gain":0.0,"event_name":"Scrap Ooze","player_choice":"Fled","floor":11.0,"gold_loss":0.0,"damage_taken":0.0},{"damage_healed":0.0,"max_hp_gain":0.0,"max_hp_loss":0.0,"gold_gain":0.0,"event_name":"Drug Dealer","player_choice":"Obtain J.A.X.","floor":22.0,"gold_loss":0.0,"damage_taken":0.0,"cards_obtained":["J.A.X."]},{"damage_healed":0.0,"max_hp_gain":0.0,"max_hp_loss":0.0,"gold_gain":0.0,"event_name":"Addict","player_choice":"Obtained Relic","floor":29.0,"gold_loss":85.0,"damage_taken":0.0,"relics_obtained":["Meat on the Bone"]},{"cards_removed":["Strike_R"],"damage_healed":0.0,"max_hp_gain":0.0,"max_hp_loss":0.0,"gold_gain":0.0,"event_name":"Beggar","player_choice":"Gave Gold","floor":31.0,"gold_loss":75.0,"damage_taken":0.0},{"damage_healed":0.0,"max_hp_gain":0.0,"max_hp_loss":0.0,"gold_gain":0.0,"event_name":"SensoryStone","player_choice":"Memory 1","floor":36.0,"gold_loss":0.0,"damage_taken":0.0},{"cards_removed":["Strike_R"],"damage_healed":0.0,"max_hp_gain":0.0,"max_hp_loss":0.0,"gold_gain":0.0,"event_name":"Designer","player_choice":"Upgrade and Remove","floor":38.0,"gold_loss":110.0,"damage_taken":0.0,"cards_upgraded":["Flex"]},{"damage_healed":0.0,"max_hp_gain":0.0,"max_hp_loss":0.0,"gold_gain":0.0,"event_name":"MindBloom","player_choice":"Fight","floor":46.0,"gold_loss":0.0,"damage_taken":0.0},{"damage_healed":0.0,"max_hp_gain":0.0,"max_hp_loss":0.0,"gold_gain":0.0,"event_name":"Accursed Blacksmith","player_choice":"Forge","floor":47.0,"gold_loss":0.0,"damage_taken":0.0,"cards_upgraded":["Impervious"]}],"is_beta":false,"boss_relics":[{"not_picked":["Ectoplasm","Black Blood"],"picked":"Philosopher\u0027s Stone"},{"not_picked":["Runic Dome","Tiny House"],"picked":"Velvet Choker"}],"items_purged_floors":[5],"is_endless":false,"potions_floor_spawned":[7,12,14,18,20,28,40,44,48],"ascension_level":17}