{"gold_per_floor":[111,130,130,150,4,4,4,33,33,44,74,74,3,17,17,120,120,133,146,146,158,173,173,273,299,381,381,396,396,396],"floor_reached":30,"playtime":4511,"items_purged":["Strike_G"],"score":416,"play_id":"d60b2918-3164-4079-b857-af9dab073b55","local_time":"20190208144100","is_ascension_mode":true,"campfire_choices":[{"data":"Predator","floor":6.0,"key":"SMITH"},{"data":"Bouncing Flask","floor":12.0,"key":"SMITH"},{"floor":15.0,"key":"REST"},{"floor":23.0,"key":"REST"},{"floor":27.0,"key":"REST"},{"data":"Glass Knife","floor":29.0,"key":"SMITH"}],"neow_cost":"NONE","seed_source_timestamp":0,"circlet_count":0,"master_deck":["AscendersBane","Defend_G","Defend_G","Defend_G","Defend_G","Defend_G","Strike_G","Strike_G","Strike_G","Strike_G","Survivor","Neutralize+1","Backstab","Deadly Poison","Dagger Throw","Predator+1","Bouncing Flask+1","Poisoned Stab","Footwork","Noxious Fumes","Dodge and Roll","Glass Knife+1","Cloak And Dagger","Bane+1","Dash"],"special_seed":0,"relics":["Ring of the Snake","Blue Candle","Question Card","Bottled Lightning","WristBlade","MutagenicStrength","Bird Faced Urn","Mummified Hand"],"potions_floor_usage":[],"damage_taken":[{"damage":0.0,"enemies":"Cultist","floor":1.0,"turns":4.0},{"damage":0.0,"enemies":"Jaw Worm","floor":2.0,"turns":4.0},{"damage":1.0,"enemies":"Small Slimes","floor":4.0,"turns":3.0},{"damage":17.0,"enemies":"Lagavulin","floor":8.0,"turns":6.0},{"damage":2.0,"enemies":"Gremlin Gang","floor":10.0,"turns":6.0},{"damage":24.0,"enemies":"3 Sentries","floor":11.0,"turns":8.0},{"damage":5.0,"enemies":"Red Slaver","floor":14.0,"turns":3.0},{"damage":8.0,"enemies":"Slime Boss","floor":16.0,"turns":9.0},{"damage":8.0,"enemies":"3 Byrds","floor":18.0,"turns":5.0},{"damage":6.0,"enemies":"Shell Parasite","floor":19.0,"turns":7.0},{"damage":17.0,"enemies":"Snake Plant","floor":21.0,"turns":5.0},{"damage":21.0,"enemies":"Shelled Parasite and Fungi","floor":22.0,"turns":7.0},{"damage":26.0,"enemies":"Slavers","floor":25.0,"turns":7.0},{"damage":14.0,"enemies":"Centurion and Healer","floor":28.0,"turns":5.0},{"damage":16,"enemies":"Book of Stabbing","floor":30,"turns":2}],"seed_played":"-5902846775649686580","potions_obtained":[{"floor":2.0,"key":"Strength Potion"},{"floor":14.0,"key":"GhostInAJar"},{"floor":16.0,"key":"Poison Potion"},{"floor":19.0,"key":"Weak Potion"},{"floor":21.0,"key":"AttackPotion"},{"floor":25.0,"key":"Weak Potion"}],"is_trial":false,"path_per_floor":["M","M","?","M","$","R","$","E","T","M","E","R","$","M","R","B",null,"M","M","?","M","M","R","?","E","T","R","M","R","E"],"character_chosen":"THE_SILENT","items_purchased":["Predator","Noxious Fumes"],"campfire_rested":3,"item_purchase_floors":[5,13],"current_hp_per_floor":[63,63,63,62,62,62,62,45,45,43,19,19,19,14,35,27,59,51,45,45,28,7,28,28,2,2,23,13,13,0],"gold":396,"neow_bonus":"THREE_CARDS","is_prod":false,"is_daily":false,"chose_seed":false,"campfire_upgraded":3,"win_rate":0,"timestamp":1549633260,"path_taken":["M","M","?","M","?","R","$","E","T","M","E","R","$","?","R","BOSS","M","M","?","M","M","R","?","E","T","R","M","R","E"],"build_version":"2019-01-23","purchased_purges":1,"victory":false,"max_hp_per_floor":[70,70,70,70,70,70,70,70,70,70,70,70,70,70,70,70,70,70,70,70,70,70,70,70,70,70,70,70,70,70],"card_choices":[{"not_picked":["Flying Knee","Underhanded Strike"],"picked":"Backstab","floor":0.0},{"not_picked":["Dodge and Roll","Bane"],"picked":"Deadly Poison","floor":1.0},{"not_picked":["Concentrate","Deadly Poison"],"picked":"Dagger Throw","floor":2.0},{"not_picked":["Dodge and Roll","Quick Slash","Blade Dance"],"picked":"SKIP","floor":4.0},{"not_picked":["Dagger Spray","Quick Slash"],"picked":"Bouncing Flask","floor":8.0},{"not_picked":["Deflect","Tactician","Dagger Throw"],"picked":"Poisoned Stab","floor":10.0},{"not_picked":["Doppelganger","Blade Dance","Flying Knee"],"picked":"Footwork","floor":11.0},{"not_picked":["Slice","Bouncing Flask","Calculated Gamble"],"picked":"Dodge and Roll","floor":14.0},{"not_picked":["Phantasmal Killer","Adrenaline","Tools of the Trade"],"picked":"Glass Knife","floor":16.0},{"not_picked":["Dagger Throw","Outmaneuver","Deadly Poison","Concentrate"],"picked":"SKIP","floor":18.0},{"not_picked":["Bouncing Flask","Acrobatics","Backflip"],"picked":"Cloak And Dagger","floor":19.0},{"not_picked":["Setup","Masterful Stab","Tactician","Riddle With Holes"],"picked":"SKIP","floor":21.0},{"not_picked":["Reflex","Predator","Dagger Throw","Masterful Stab"],"picked":"SKIP","floor":22.0},{"not_picked":["Dodge and Roll","Backflip","Quick Slash"],"picked":"Bane+1","floor":25.0},{"not_picked":["Expertise","Tactician","Riddle With Holes"],"picked":"Dash","floor":28.0}],"player_experience":335827,"relics_obtained":[{"floor":8.0,"key":"Blue Candle"},{"floor":9.0,"key":"Question Card"},{"floor":11.0,"key":"Bottled Lightning"},{"floor":25.0,"key":"Bird Faced Urn"},{"floor":26.0,"key":"Mummified Hand"}],"event_choices":[{"damage_healed":0.0,"max_hp_gain":0.0,"max_hp_loss":0.0,"gold_gain":0.0,"event_name":"Upgrade Shrine","player_choice":"Upgraded","floor":3.0,"gold_loss":0.0,"damage_taken":0.0,"cards_upgraded":["Neutralize"]},{"damage_healed":0.0,"max_hp_gain":0.0,"max_hp_loss":0.0,"gold_gain":0.0,"event_name":"Drug Dealer","player_choice":"Inject Mutagens","floor":20.0,"gold_loss":0.0,"damage_taken":0.0,"relics_obtained":["MutagenicStrength"]},{"damage_healed":0.0,"max_hp_gain":0.0,"max_hp_loss":0.0,"gold_gain":100.0,"event_name":"Golden Shrine","player_choice":"Pray","floor":24.0,"gold_loss":0.0,"damage_taken":0.0}],"is_beta":false,"boss_relics":[{"not_picked":["Snecko Eye","Calling Bell"],"picked":"WristBlade"}],"items_purged_floors":[5],"is_endless":false,"potions_floor_spawned":[2,14,16,19,21,25],"killed_by":"Book of Stabbing","ascension_level":12}