{"path_per_floor":["M","?","$","M","$","R","M","M","T","R","E","R","M","M","R","B",null,"M","?","?","M","$","R","E","R","T","$","M","R","M","M","R","B",null,"M","M","?","M","M","R","E","M","T","M","$","M","E","M","R","B"],"character_chosen":"THE_SILENT","items_purchased":["Toxic Egg 2","Deflect","Paper Crane","Noxious Fumes","Dagger Throw","Footwork"],"gold_per_floor":[115,290,44,55,5,5,25,43,88,88,113,113,128,146,146,244,274,294,294,294,314,63,63,91,91,91,3,19,19,29,47,47,150,150,160,178,0,16,30,30,65,78,78,90,52,72,99,115,115,115],"floor_reached":51,"campfire_rested":3,"playtime":4737,"current_hp_per_floor":[61,61,61,60,60,60,60,60,60,60,42,42,42,42,42,22,63,45,45,45,37,37,37,12,34,34,34,42,42,44,47,69,45,68,59,55,55,46,49,49,39,47,47,45,45,48,45,45,67,47],"items_purged":[],"gold":115,"score":1041,"play_id":"652549cf-eb2e-4f36-8df6-4cad089583e1","local_time":"20180426225727","is_prod":false,"is_daily":false,"chose_seed":false,"is_ascension_mode":true,"campfire_upgraded":7,"timestamp":1524808647,"path_taken":["M","?","$","?","?","R","M","M","T","R","E","R","M","M","R","BOSS","M","?","?","M","$","R","E","R","T","?","M","R","M","M","R","BOSS","M","M","?","M","M","R","E","M","T","M","$","M","E","M","R","BOSS"],"build_version":"2018-04-26","seed_source_timestamp":123434639791932,"purchased_purges":1,"victory":true,"master_deck":["Survivor","Neutralize+1","Quick Slash+1","Doubt","Dagger Spray+1","Deflect+1","Backstab+1","Leg Sweep+1","Tools of the Trade+1","Dodge and Roll+1","Backflip+1","Envenom+1","Backflip+1","Quick Slash","Dagger Spray+1","Noxious Fumes+1","Dagger Throw","Malaise+1","Backstab","Deflect+1","Blade Dance+1","Backflip+1","Dodge and Roll+1","Flying Knee","Distraction+1","Deflect+1","Choke","Concentrate+1","PiercingWail+1","Deflect+1","Dagger Throw+1","Malaise+1","Blade Dance+1","Slice+1","Catalyst+1","Footwork","Distraction+1","Blade Dance+1"],"max_hp_per_floor":[70,70,70,70,70,70,70,70,70,70,70,70,70,70,70,70,75,75,75,75,75,75,75,75,75,75,75,75,75,75,75,75,75,75,75,75,75,75,75,75,75,75,75,75,75,75,75,75,75,75],"relics":["Ring of the Snake","Toxic Egg 2","Snake Skull","Lantern","Tiny House","Paper Crane","Juzu Bracelet","Meat on the Bone","Pandora\u0027s Box","Red Mask","Bag of Marbles","Shuriken","Bag of Preparation"],"card_choices":[{"not_picked":["Catalyst","Bane"],"picked":"Quick Slash","floor":1},{"not_picked":["Infinite Blades","Quick Slash"],"picked":"Dagger Spray","floor":4},{"not_picked":["Poisoned Stab","Backflip"],"picked":"Backstab","floor":7},{"not_picked":["PiercingWail","Deflect"],"picked":"Leg Sweep","floor":8},{"not_picked":["Bouncing Flask","Finisher"],"picked":"Tools of the Trade","floor":11},{"not_picked":["Acrobatics","Calculated Gamble"],"picked":"Dodge and Roll","floor":13},{"not_picked":["Prepared","Poisoned Stab"],"picked":"Backflip","floor":14},{"not_picked":["Tactician","Corpse Explosion"],"picked":"Envenom","floor":16},{"not_picked":["Quick Slash","Endless Agony"],"picked":"Backflip","floor":17},{"not_picked":["All Out Attack","Acrobatics"],"picked":"Quick Slash","floor":21},{"not_picked":["Phantasmal Killer","Grand Finale"],"picked":"Dagger Spray","floor":24},{"not_picked":["All Out Attack","Dagger Throw"],"picked":"Malaise","floor":28},{"not_picked":["Dagger Throw","Flying Knee"],"picked":"Backstab","floor":30},{"not_picked":["Flechettes","All Out Attack"],"picked":"Deflect","floor":31},{"not_picked":["Deadly Poison","Catalyst"],"picked":"Dagger Throw","floor":36},{"not_picked":["Blade Dance","Dagger Throw"],"picked":"Malaise","floor":39},{"not_picked":["Acrobatics","All Out Attack"],"picked":"Blade Dance","floor":41},{"not_picked":["Malaise","Setup"],"picked":"Slice","floor":42},{"not_picked":["Riddle With Holes","Outmaneuver"],"picked":"Catalyst","floor":44},{"not_picked":["Calculated Gamble","Deadly Poison"],"picked":"Distraction","floor":46},{"not_picked":["Expertise","Dash"],"picked":"Blade Dance","floor":48}],"player_experience":385073,"potions_floor_usage":[11,24,24,33,33,50,50,50],"damage_taken":[{"damage":2,"enemies":"Small Slimes","floor":1,"turns":5},{"damage":1,"enemies":"Cultist","floor":4,"turns":5},{"damage":0,"enemies":"2 Louse","floor":7,"turns":2},{"damage":0,"enemies":"Exordium Wildlife","floor":8,"turns":3},{"damage":18,"enemies":"Gremlin Nob","floor":11,"turns":6},{"damage":0,"enemies":"3 Louse","floor":13,"turns":2},{"damage":0,"enemies":"Looter","floor":14,"turns":3},{"damage":20,"enemies":"The Guardian","floor":16,"turns":18},{"damage":18,"enemies":"Chosen","floor":18,"turns":6},{"damage":8,"enemies":"Shell Parasite","floor":21,"turns":9},{"damage":40,"enemies":"Slavers","floor":24,"turns":9},{"damage":4,"enemies":"Snake Plant","floor":28,"turns":5},{"damage":10,"enemies":"Slaver and Parasite","floor":30,"turns":9},{"damage":9,"enemies":"Centurion and Healer","floor":31,"turns":7},{"damage":51,"enemies":"Collector","floor":33,"turns":9},{"damage":9,"enemies":"3 Darklings","floor":35,"turns":6},{"damage":4,"enemies":"Orb Walker","floor":36,"turns":4},{"damage":21,"enemies":"4 Shapes","floor":38,"turns":8},{"damage":9,"enemies":"Maw","floor":39,"turns":9},{"damage":22,"enemies":"Giant Head","floor":41,"turns":13},{"damage":4,"enemies":"Sphere and 2 Shapes","floor":42,"turns":5},{"damage":14,"enemies":"4 Shapes","floor":44,"turns":5},{"damage":9,"enemies":"3 Darklings","floor":46,"turns":4},{"damage":15,"enemies":"Nemesis","floor":47,"turns":5},{"damage":0,"enemies":"Maw","floor":48,"turns":6},{"damage":32,"enemies":"Awakened One","floor":50,"turns":13}],"event_choices":[{"event_name":"Liars Game","player_choice":"agreed","floor":2,"damage_taken":0},{"event_name":"The Lab","player_choice":"Got Potions","floor":19,"damage_taken":0},{"event_name":"Ghosts","player_choice":"Ignored","floor":20,"damage_taken":0},{"event_name":"Tomb of Lord Red Mask","player_choice":"Paid","floor":37,"damage_taken":0}],"boss_relics":[{"not_picked":["Black Star","Runic Pyramid"],"picked":"Tiny House"},{"not_picked":["Orrery","Philosopher\u0027s Stone"],"picked":"Pandora\u0027s Box"}],"potions_floor_spawned":[1,4,11,16,21,28,39,41,42,46,47],"seed_played":"7628925241336791736","ascension_level":8,"is_trial":false}