{"gold_per_floor":[114,39,57,71,84,84,99,99,99,99,99,109,140,156,156,235,235,252,252,264,283,297,297,347,347,347,71,71,98,98,118,118,190,190,203,221,241,241,17,17,17,33,33,33,33,33,49,69,69,69],"floor_reached":51,"playtime":2425,"items_purged":["Pain","Strike_B+1"],"score":1162,"play_id":"0ea14af0-a030-44b3-8b27-4e40d4b96148","local_time":"20180822214008","is_ascension_mode":true,"campfire_choices":[{"data":"Zap","floor":6,"key":"SMITH"},{"data":"Dualcast","floor":8,"key":"SMITH"},{"data":"Sunder","floor":11,"key":"SMITH"},{"floor":15,"key":"REST"},{"floor":23,"key":"REST"},{"data":"Darkness","floor":25,"key":"SMITH"},{"data":"Go for the Eyes","floor":30,"key":"SMITH"},{"data":"Glacier","floor":32,"key":"SMITH"},{"floor":40,"key":"REST"},{"data":"Loop","floor":44,"key":"SMITH"},{"data":"Defragment","floor":46,"key":"SMITH"},{"floor":49,"key":"REST"}],"neow_cost":"CURSE","seed_source_timestamp":2516572481756,"circlet_count":0,"master_deck":["Defend_B+1","Defend_B+1","Defend_B+1","Zap+1","Dualcast+1","AscendersBane","Ball Lightning","Sunder+1","Darkness+1","Conserve Battery","Conserve Battery","Leap","Glacier+1","Echo Form","Ball Lightning","Genetic Algorithm","Go for the Eyes+1","Glacier+1","Rainbow+1","Defragment+1","Loop+1","Ball Lightning+1","Cold Snap","Defragment","Bandage Up+1","Chaos+1","Chaos+1"],"relics":["Cracked Core","Gremlin Horn","StoneCalendar","Velvet Choker","Meat on the Bone","Pear","Toxic Egg 2","Empty Cage","Ice Cream"],"potions_floor_usage":[13,16,16,29,50],"damage_taken":[{"damage":2,"enemies":"Small Slimes","floor":1,"turns":3},{"damage":2,"enemies":"2 Louse","floor":3,"turns":3},{"damage":0,"enemies":"Cultist","floor":4,"turns":2},{"damage":12,"enemies":"Looter","floor":5,"turns":3},{"damage":6,"enemies":"Blue Slaver","floor":7,"turns":3},{"damage":18,"enemies":"Exordium Thugs","floor":12,"turns":4},{"damage":9,"enemies":"3 Sentries","floor":13,"turns":6},{"damage":29,"enemies":"Gremlin Gang","floor":14,"turns":4},{"damage":2,"enemies":"Hexaghost","floor":16,"turns":11},{"damage":11,"enemies":"Spheric Guardian","floor":18,"turns":4},{"damage":17,"enemies":"Shell Parasite","floor":20,"turns":6},{"damage":5,"enemies":"Snake Plant","floor":21,"turns":5},{"damage":8,"enemies":"Centurion and Healer","floor":22,"turns":7},{"damage":22,"enemies":"Book of Stabbing","floor":29,"turns":7},{"damage":10,"enemies":"Chosen and Byrds","floor":31,"turns":5},{"damage":47,"enemies":"Collector","floor":33,"turns":11},{"damage":32,"enemies":"3 Darklings","floor":35,"turns":7},{"damage":9,"enemies":"3 Shapes","floor":36,"turns":4},{"damage":36,"enemies":"Flame Bruiser 2 Orb","floor":37,"turns":5},{"damage":11,"enemies":"4 Shapes","floor":42,"turns":7},{"damage":13,"enemies":"Maw","floor":47,"turns":7},{"damage":10,"enemies":"Transient","floor":48,"turns":5},{"damage":94,"enemies":"Donu and Deca","floor":50,"turns":12}],"seed_played":"1396682109864381488","potions_obtained":[{"floor":4,"key":"Regen Potion"},{"floor":5,"key":"Block Potion"},{"floor":14,"key":"SkillPotion"},{"floor":16,"key":"FairyPotion"},{"floor":20,"key":"Swift Potion"},{"floor":33,"key":"Energy Potion"}],"is_trial":false,"path_per_floor":["M","$","M","M","M","R","M","R","T","?","R","M","E","M","R","B",null,"M","?","M","M","M","R","?","R","T","$","?","E","R","M","R","B",null,"M","M","M","?","$","R","?","M","T","R","$","R","M","M","R","B"],"character_chosen":"DEFECT","items_purchased":["Go for the Eyes","Pear","Cold Snap","Defragment"],"campfire_rested":4,"item_purchase_floors":[27,27,39,39],"current_hp_per_floor":[76,76,74,74,62,62,56,56,56,49,49,31,37,8,33,31,72,61,61,44,39,31,56,56,56,56,66,66,56,56,58,58,23,77,57,48,24,24,24,52,52,53,53,53,53,53,52,48,76,21],"gold":69,"neow_bonus":"TWENTY_PERCENT_HP_BONUS","is_prod":false,"is_daily":false,"chose_seed":false,"campfire_upgraded":8,"win_rate":0,"timestamp":1534999208,"path_taken":["M","$","M","M","M","R","M","R","T","?","R","M","E","M","R","BOSS","M","?","M","?","M","R","?","R","T","$","?","E","R","M","R","BOSS","M","M","?","?","?","R","?","M","T","R","?","R","?","?","R","BOSS"],"build_version":"2018-08-16","purchased_purges":2,"victory":true,"max_hp_per_floor":[85,85,85,85,85,85,85,85,85,85,85,85,85,85,85,85,85,85,85,85,85,85,85,85,85,85,95,95,95,95,95,95,95,95,95,95,95,95,95,95,95,95,95,95,95,95,95,95,95,95],"card_choices":[{"not_picked":["Lockon","Compile Driver"],"picked":"Ball Lightning","floor":1},{"not_picked":["Beam Cell","Redo"],"picked":"Sunder","floor":3},{"not_picked":["Sweeping Beam","Barrage"],"picked":"Darkness","floor":4},{"not_picked":["Barrage","Blizzard","Streamline"],"picked":"SKIP","floor":5},{"not_picked":["Lockon","Compile Driver"],"picked":"Conserve Battery","floor":7},{"not_picked":["Hologram","Consume"],"picked":"Conserve Battery","floor":12},{"not_picked":["Biased Cognition","Barrage"],"picked":"Leap","floor":13},{"not_picked":["Steam","Stack"],"picked":"Glacier","floor":14},{"not_picked":["Creative AI","Reboot"],"picked":"Echo Form","floor":16},{"not_picked":["White Noise","Static Discharge+1","Leap"],"picked":"SKIP","floor":18},{"not_picked":["Recycle","Go for the Eyes"],"picked":"Ball Lightning","floor":20},{"not_picked":["Compile Driver","Rebound"],"picked":"Genetic Algorithm","floor":21},{"not_picked":["Stack","Coolheaded","Gash"],"picked":"SKIP","floor":22},{"not_picked":["Multi-Cast","Loop"],"picked":"Glacier+1","floor":29},{"not_picked":["Force Field+1","Rebound+1","White Noise+1"],"picked":"SKIP","floor":31},{"not_picked":["Meteor Strike","Biased Cognition"],"picked":"Rainbow+1","floor":33},{"not_picked":["Redo+1","Beam Cell+1"],"picked":"Defragment","floor":35},{"not_picked":["Compile Driver","Skim+1"],"picked":"Loop","floor":36},{"not_picked":["Go for the Eyes+1","Beam Cell"],"picked":"Ball Lightning+1","floor":37},{"not_picked":["Jack Of All Trades+1","Impatience+1"],"picked":"Bandage Up+1","floor":41},{"not_picked":["Self Repair","Hologram+1","Compile Driver+1"],"picked":"SKIP","floor":42},{"not_picked":["Capacitor","Hologram+1"],"picked":"Chaos+1","floor":47},{"not_picked":["Rip and Tear+1","Beam Cell"],"picked":"Chaos+1","floor":48}],"player_experience":784060,"relics_obtained":[{"floor":9,"key":"Gremlin Horn"},{"floor":13,"key":"StoneCalendar"},{"floor":26,"key":"Meat on the Bone"},{"floor":29,"key":"Toxic Egg 2"},{"floor":43,"key":"Ice Cream"}],"event_choices":[{"event_name":"Golden Wing","player_choice":"Card Removal","floor":10,"damage_taken":0},{"event_name":"Back to Basics","player_choice":"Simplicity","floor":19,"damage_taken":0},{"event_name":"Nest","player_choice":"Stole From Cult","floor":24,"damage_taken":0},{"event_name":"Beggar","player_choice":"Ignored","floor":28,"damage_taken":0},{"event_name":"Falling","player_choice":"Removed Skill","floor":38,"damage_taken":0},{"event_name":"SensoryStone","player_choice":"Memory 1","floor":41,"damage_taken":0}],"is_beta":false,"boss_relics":[{"not_picked":["Sozu","White Beast Statue"],"picked":"Velvet Choker"},{"not_picked":["Lizard Tail","Black Star"],"picked":"Empty Cage"}],"items_purged_floors":[2,39],"is_endless":false,"potions_floor_spawned":[4,5,14,16,20,33,47,48],"ascension_level":15}