{"gold_per_floor":[209,221,221,296,315,341,341,370,395,395,670,322,332,332,332,332],"floor_reached":16,"playtime":1185,"items_purged":["Regret"],"score":200,"play_id":"4d35144a-fe58-430e-bea9-34a5a74a6a24","local_time":"20190403203744","is_ascension_mode":true,"campfire_choices":[{"floor":7.0,"key":"REST"},{"floor":10.0,"key":"REST"},{"data":"Brutality","floor":15.0,"key":"SMITH"}],"neow_cost":"NONE","seed_source_timestamp":22747958454684,"circlet_count":0,"master_deck":["AscendersBane","Strike_R","Strike_R","Strike_R","Strike_R","Strike_R","Defend_R","Defend_R","Defend_R","Defend_R","Bash","Clothesline","Brutality+1","Metallicize","Flame Barrier","Armaments","Blood for Blood","Shrug It Off"],"special_seed":0,"relics":["Burning Blood","Bag of Preparation","Centennial Puzzle","Darkstone Periapt","PreservedInsect","Tiny Chest"],"potions_floor_usage":[16],"damage_taken":[{"damage":1.0,"enemies":"Small Slimes","floor":1.0,"turns":4.0},{"damage":13.0,"enemies":"Jaw Worm","floor":2.0,"turns":4.0},{"damage":7.0,"enemies":"Cultist","floor":5.0,"turns":4.0},{"damage":41.0,"enemies":"Lagavulin","floor":6.0,"turns":10.0},{"damage":27.0,"enemies":"Gremlin Nob","floor":8.0,"turns":4.0},{"damage":10.0,"enemies":"2 Fungi Beasts","floor":13.0,"turns":3.0},{"damage":73,"enemies":"Slime Boss","floor":16,"turns":11}],"seed_played":"-3217626913111687451","potions_obtained":[{"floor":2.0,"key":"Dexterity Potion"},{"floor":5.0,"key":"Ancient Potion"}],"is_trial":false,"path_per_floor":["M","M","?","?","M","E","R","E","T","R","?","$","M","?","R","B"],"character_chosen":"IRONCLAD","items_purchased":["Blood for Blood","Tiny Chest","AttackPotion"],"campfire_rested":2,"item_purchase_floors":[12,12,12],"current_hp_per_floor":[73,66,61,50,49,14,36,15,15,37,43,43,39,66,66,0],"gold":332,"neow_bonus":"HUNDRED_GOLD","is_prod":false,"is_daily":false,"chose_seed":false,"campfire_upgraded":1,"win_rate":0,"timestamp":1554341864,"path_taken":["M","M","?","?","M","E","R","E","T","R","?","$","?","?","R","BOSS"],"build_version":"2019-01-23","purchased_purges":1,"victory":false,"max_hp_per_floor":[75,75,75,75,75,75,75,75,75,75,81,81,81,81,81,81],"card_choices":[{"not_picked":["Havoc","Wild Strike"],"picked":"Clothesline","floor":1.0},{"not_picked":["Havoc","Body Slam"],"picked":"Brutality","floor":2.0},{"not_picked":["Heavy Blade","Battle Trance"],"picked":"Metallicize","floor":5.0},{"not_picked":["Cleave","Thunderclap"],"picked":"Flame Barrier","floor":6.0},{"not_picked":["Clash","Sword Boomerang"],"picked":"Armaments","floor":8.0},{"not_picked":["Clash","Metallicize"],"picked":"Shrug It Off","floor":13.0}],"player_experience":686924,"relics_obtained":[{"floor":6.0,"key":"Centennial Puzzle"},{"floor":8.0,"key":"Darkstone Periapt"},{"floor":9.0,"key":"PreservedInsect"}],"event_choices":[{"damage_healed":0.0,"max_hp_gain":0.0,"max_hp_loss":0.0,"gold_gain":0.0,"event_name":"Scrap Ooze","player_choice":"Success","floor":3.0,"gold_loss":0.0,"damage_taken":5.0,"relics_obtained":["Bag of Preparation"]},{"damage_healed":0.0,"max_hp_gain":0.0,"max_hp_loss":0.0,"gold_gain":75.0,"event_name":"World of Goop","player_choice":"Gather Gold","floor":4.0,"gold_loss":0.0,"damage_taken":11.0},{"damage_healed":0.0,"max_hp_gain":0.0,"max_hp_loss":0.0,"gold_gain":275.0,"event_name":"Golden Shrine","player_choice":"Desecrate","floor":11.0,"gold_loss":0.0,"damage_taken":0.0,"cards_obtained":["Regret"]},{"damage_healed":27.0,"max_hp_gain":0.0,"max_hp_loss":0.0,"gold_gain":0.0,"event_name":"Big Fish","player_choice":"Banana","floor":14.0,"gold_loss":0.0,"damage_taken":0.0}],"is_beta":false,"boss_relics":[],"items_purged_floors":[12],"is_endless":false,"potions_floor_spawned":[2,5],"killed_by":"Slime Boss","ascension_level":17}