{"path_per_floor":["M","?","?","M","?","E","M","E","T","$","R","M","M","E","R","B",null,"M","M","M","?","?","R","E","M","T","$","R","$","R","E","R"],"character_chosen":"IRONCLAD","items_purchased":["Thunderclap","Ghostly Armor","Blood for Blood"],"gold_per_floor":[113,113,113,132,132,167,180,208,233,68,68,80,100,133,133,236,236,250,267,278,203,203,203,229,243,311,134,134,9,9,43,43,43],"floor_reached":33,"campfire_rested":3,"playtime":1915,"item_purchase_floors":[10,10,27],"current_hp_per_floor":[78,71,71,77,82,73,77,41,41,41,41,42,41,37,62,43,75,81,79,65,65,49,76,58,64,64,64,64,64,64,48,74,0],"items_purged":["Defend_R","Parasite","Defend_R"],"gold":43,"score":379,"play_id":"18fbc3f5-6bfd-4987-bcc9-08b9fbe5d852","local_time":"20180612171638","is_prod":false,"is_daily":false,"chose_seed":false,"is_ascension_mode":true,"campfire_upgraded":3,"win_rate":0,"timestamp":1528841798,"campfire_choices":[{"data":"Perfected Strike","floor":11,"key":"SMITH"},{"floor":15,"key":"REST"},{"floor":23,"key":"REST"},{"data":"Warcry","floor":28,"key":"SMITH"},{"data":"Metallicize","floor":30,"key":"SMITH"},{"floor":32,"key":"REST"}],"path_taken":["M","?","?","M","?","E","M","E","T","$","R","M","M","E","R","BOSS","M","M","M","?","?","R","E","M","T","$","R","$","R","E","R","BOSS"],"build_version":"2018-06-07v3","seed_source_timestamp":25960174690786,"purchased_purges":3,"victory":false,"master_deck":["Strike_R","Strike_R","Strike_R","Strike_R","Strike_R","Bash","Perfected Strike+1","Rampage","Disarm","Thunderclap","Ghostly Armor","Flex","Headbutt","Clash","Twin Strike+1","Metallicize+1","Warcry+1","Blood for Blood"],"max_hp_per_floor":[80,80,80,80,85,85,85,85,85,85,85,85,85,85,85,85,85,85,85,85,85,90,90,90,90,90,87,87,87,87,87,87,87],"relics":["Burning Blood","Orichalcum","Potion Belt","Ancient Tea Set","Bronze Scales","Bag of Marbles","Cursed Key","Mummified Hand","Bottled Lightning","Prayer Wheel"],"card_choices":[{"not_picked":["Feel No Pain","Entrench"],"picked":"Perfected Strike","floor":1},{"not_picked":["Second Wind","Reckless Charge","Anger"],"picked":"SKIP","floor":4},{"not_picked":["Warcry","Double Tap"],"picked":"Rampage","floor":6},{"not_picked":["True Grit","Shrug It Off","Warcry"],"picked":"SKIP","floor":7},{"not_picked":["Sword Boomerang","Carnage"],"picked":"Disarm","floor":8},{"not_picked":["Intimidate","Whirlwind"],"picked":"Flex","floor":12},{"not_picked":["Havoc","Anger"],"picked":"Headbutt","floor":13},{"not_picked":["Bludgeon","Iron Wave"],"picked":"Clash","floor":14},{"not_picked":["Intimidate","Armaments"],"picked":"Twin Strike+1","floor":18},{"not_picked":["Feel No Pain+1","Havoc","Sever Soul"],"picked":"SKIP","floor":19},{"not_picked":["Rampage","Shrug It Off","Feel No Pain"],"picked":"SKIP","floor":20},{"not_picked":["Sword Boomerang","Uppercut+1"],"picked":"Metallicize","floor":24},{"not_picked":["Reckless Charge+1","Shockwave"],"picked":"Warcry","floor":25},{"not_picked":["Iron Wave","Cleave+1","Whirlwind"],"picked":"SKIP","floor":31}],"player_experience":208564,"potions_floor_usage":[6,16,24,33,33,33,33],"damage_taken":[{"damage":8,"enemies":"Jaw Worm","floor":1,"turns":4},{"damage":0,"enemies":"Cultist","floor":4,"turns":4},{"damage":15,"enemies":"3 Sentries","floor":6,"turns":7},{"damage":2,"enemies":"Small Slimes","floor":7,"turns":4},{"damage":42,"enemies":"Lagavulin","floor":8,"turns":6},{"damage":5,"enemies":"Looter","floor":12,"turns":2},{"damage":7,"enemies":"3 Louse","floor":13,"turns":2},{"damage":10,"enemies":"Gremlin Nob","floor":14,"turns":3},{"damage":25,"enemies":"The Guardian","floor":16,"turns":8},{"damage":0,"enemies":"Chosen","floor":18,"turns":2},{"damage":8,"enemies":"Shell Parasite","floor":19,"turns":2},{"damage":20,"enemies":"Snake Plant","floor":20,"turns":4},{"damage":24,"enemies":"Gremlin Leader","floor":24,"turns":4},{"damage":0,"enemies":"Snecko","floor":25,"turns":2},{"damage":22,"enemies":"Slavers","floor":31,"turns":4},{"damage":84,"enemies":"Champ","floor":33,"turns":5}],"relics_obtained":[{"floor":6,"key":"Potion Belt"},{"floor":8,"key":"Ancient Tea Set"},{"floor":9,"key":"Bronze Scales"},{"floor":14,"key":"Bag of Marbles"},{"floor":24,"key":"Mummified Hand"},{"floor":26,"key":"Bottled Lightning"},{"floor":31,"key":"Prayer Wheel"}],"event_choices":[{"event_name":"Golden Wing","player_choice":"Card Removal","floor":2,"damage_taken":0},{"event_name":"The Lab","player_choice":"Got Potions","floor":3,"damage_taken":0},{"event_name":"Big Fish","player_choice":"Donut","floor":5,"damage_taken":0},{"event_name":"Beggar","player_choice":"Gave Gold","floor":21,"damage_taken":0},{"event_name":"Forgotten Altar","player_choice":"Shed Blood","floor":22,"damage_taken":0}],"boss_relics":[{"not_picked":["Sozu","Black Blood"],"picked":"Cursed Key"}],"items_purged_floors":[10,27,29],"potions_floor_spawned":[1,7,12,19,24],"seed_played":"-9079499322208348753","killed_by":"Champ","ascension_level":5,"potions_obtained":[{"floor":1,"key":"PowerPotion"},{"floor":3,"key":"BloodPotion"},{"floor":3,"key":"Poison Potion"},{"floor":7,"key":"EssenceOfSteel"},{"floor":12,"key":"Strength Potion"},{"floor":19,"key":"Fire Potion"},{"floor":24,"key":"FearPotion"}],"is_trial":false}