{"gold_per_floor":[115,128,278,293,117,117,150,150,173,189,207,207,242,268,268,268],"floor_reached":16,"playtime":1207,"items_purged":["Doubt"],"score":220,"play_id":"887462f3-c13b-4797-a7dc-b915b598549a","local_time":"20190412205818","is_ascension_mode":true,"campfire_choices":[{"data":"Perfected Strike","floor":6,"key":"SMITH"},{"data":"Bash","floor":8,"key":"SMITH"},{"data":"Wild Strike","floor":12,"key":"SMITH"},{"data":"True Grit","floor":15,"key":"SMITH"}],"neow_cost":"NONE","seed_source_timestamp":6864309730581,"circlet_count":0,"master_deck":["AscendersBane","Strike_R","Strike_R","Strike_R","Strike_R","Strike_R","Defend_R","Defend_R","Defend_R","Defend_R","Bash+1","Wild Strike+1","Feel No Pain","Perfected Strike+1","Finesse","Metallicize","Flame Barrier","Impervious","True Grit+1"],"special_seed":0,"relics":["Burning Blood","Oddly Smooth Stone","Potion Belt","Blood Vial","Strawberry","Odd Mushroom"],"potions_floor_usage":[7,13,16,16],"damage_taken":[{"damage":6.0,"enemies":"Cultist","floor":1.0,"turns":4.0},{"damage":7.0,"enemies":"Jaw Worm","floor":2.0,"turns":4.0},{"damage":12,"enemies":"2 Louse","floor":4,"turns":4},{"damage":1,"enemies":"3 Sentries","floor":7,"turns":11},{"damage":6,"enemies":"2 Fungi Beasts","floor":10,"turns":4},{"damage":1,"enemies":"Exordium Thugs","floor":11,"turns":5},{"damage":45,"enemies":"Lagavulin","floor":13,"turns":9},{"damage":12,"enemies":"The Mushroom Lair","floor":14,"turns":4},{"damage":41,"enemies":"Slime Boss","floor":16,"turns":6}],"seed_played":"-8262012924684892799","potions_obtained":[{"floor":1.0,"key":"SteroidPotion"},{"floor":2.0,"key":"Block Potion"},{"floor":11,"key":"GamblersBrew"},{"floor":14,"key":"Energy Potion"}],"is_trial":false,"path_per_floor":["M","M","?","M","$","R","E","R","T","M","M","R","E","?","R","B"],"character_chosen":"IRONCLAD","items_purchased":["Finesse"],"campfire_rested":0,"item_purchase_floors":[5],"current_hp_per_floor":[68,67,67,61,61,61,66,66,66,68,75,75,43,39,39,0],"gold":268,"neow_bonus":"RANDOM_COMMON_RELIC","is_prod":false,"is_daily":false,"chose_seed":false,"campfire_upgraded":4,"win_rate":0,"timestamp":1555120698,"path_taken":["M","?","?","M","$","R","E","R","T","M","M","R","E","?","R","BOSS"],"build_version":"2019-01-23","purchased_purges":1,"victory":false,"max_hp_per_floor":[75,75,75,75,75,75,75,75,75,75,75,75,82,82,82,82],"card_choices":[{"not_picked":["Clash","Sever Soul"],"picked":"Wild Strike","floor":1.0},{"not_picked":["Second Wind","Pommel Strike"],"picked":"Feel No Pain","floor":2.0},{"not_picked":["Rupture","Disarm"],"picked":"Perfected Strike","floor":4},{"not_picked":["Shrug It Off","Pummel"],"picked":"Metallicize","floor":7},{"not_picked":["Metallicize","Perfected Strike"],"picked":"Flame Barrier","floor":10},{"not_picked":["Power Through","Pommel Strike"],"picked":"Impervious","floor":11},{"not_picked":["Perfected Strike","Wild Strike","Dark Embrace"],"picked":"SKIP","floor":13},{"not_picked":["Anger","Thunderclap"],"picked":"True Grit","floor":14}],"player_experience":736937,"relics_obtained":[{"floor":7,"key":"Potion Belt"},{"floor":9,"key":"Blood Vial"},{"floor":13,"key":"Strawberry"},{"floor":14,"key":"Odd Mushroom"}],"event_choices":[{"damage_healed":0.0,"max_hp_gain":0.0,"max_hp_loss":0.0,"gold_gain":150.0,"event_name":"Liars Game","player_choice":"AGREE","floor":3.0,"gold_loss":0.0,"damage_taken":0.0,"cards_obtained":["Doubt"]},{"damage_healed":0,"gold_gain":0,"player_choice":"Fought Mushrooms","damage_taken":0,"max_hp_gain":0,"max_hp_loss":0,"event_name":"Mushrooms","floor":14,"gold_loss":0}],"is_beta":false,"boss_relics":[],"items_purged_floors":[5],"is_endless":false,"potions_floor_spawned":[1,2,11,14],"killed_by":"Slime Boss","ascension_level":20}