{"gold_per_floor":[940,348,467,578,692,692,309,309,424,424],"floor_reached":10,"playtime":1115,"items_purged":["Strike_R","Strike_R"],"score":358,"play_id":"8f8ec586-ce5e-4152-8ebc-c32e4a0b54d8","local_time":"20190407214701","daily_mods":["Uncertain Future"],"is_ascension_mode":false,"campfire_choices":[{"floor":8,"key":"REST"}],"neow_cost":"","seed_source_timestamp":0,"circlet_count":0,"master_deck":["Defend_R","Defend_R","Defend_R+1","Defend_R+1","Bash","Inflame+1","Feel No Pain+1","Havoc+1","Hemokinesis+1","Mayhem+1","Panacea+1","Clothesline+1","Reckless Charge+1","Infernal Blade+1","Pummel+1","Fiend Fire+1","Whirlwind+1","Exhume+1","Double Tap+1","Shrug It Off+1","Anger+1"],"relics":["Burning Blood","The Courier","Molten Egg 2","Toxic Egg 2","Frozen Egg 2","Torii","Ornamental Fan","War Paint","Astrolabe","Anchor","Strawberry"],"potions_floor_usage":[3,9,9,10],"damage_taken":[{"damage":26,"enemies":"Slime Boss","floor":3,"turns":5},{"damage":15,"enemies":"Hexaghost","floor":4,"turns":8},{"damage":20,"enemies":"The Guardian","floor":5,"turns":8},{"damage":38,"enemies":"Collector","floor":9,"turns":12},{"damage":55,"enemies":"Automaton","floor":10,"turns":6}],"seed_played":"-8729221167742737948","potions_obtained":[{"floor":9,"key":"LiquidBronze"}],"is_trial":true,"path_per_floor":["$","$","M","M","M","T","$","R","M","M"],"character_chosen":"IRONCLAD","items_purchased":["Inflame+1","Feel No Pain+1","Havoc+1","Hemokinesis+1","Mayhem+1","Panacea+1","Clothesline+1","AttackPotion","Anchor","Double Tap+1","Shrug It Off+1","Weak Potion","Ancient Potion"],"campfire_rested":1,"item_purchase_floors":[2,2,2,2,2,2,2,2,7,7,7,7,7],"current_hp_per_floor":[80,80,60,51,37,37,37,61,36,0],"gold":424,"neow_bonus":"","is_prod":false,"is_daily":false,"chose_seed":false,"campfire_upgraded":0,"win_rate":0,"timestamp":1554691621,"path_taken":["$","$","M","M","M","T","$","R","M","M"],"build_version":"2019-01-23","purchased_purges":2,"victory":false,"max_hp_per_floor":[80,80,80,80,80,80,80,80,87,87],"card_choices":[{"not_picked":["Bloodletting+1","Iron Wave+1"],"picked":"Reckless Charge+1","floor":3},{"not_picked":["True Grit+1","Iron Wave+1"],"picked":"Infernal Blade+1","floor":4},{"not_picked":["Searing Blow+1","Thunderclap+1"],"picked":"Pummel+1","floor":5},{"not_picked":["Shrug It Off+1","Perfected Strike+1"],"picked":"Anger+1","floor":9}],"player_experience":710033,"relics_obtained":[{"floor":3,"key":"Torii"},{"floor":4,"key":"Ornamental Fan"},{"floor":5,"key":"War Paint"},{"floor":9,"key":"Strawberry"}],"event_choices":[],"is_beta":false,"boss_relics":[{"not_picked":["Tiny House","Calling Bell"],"picked":"Astrolabe"}],"items_purged_floors":[1,2],"is_endless":false,"potions_floor_spawned":[9],"killed_by":"Automaton","ascension_level":0}