{"path_per_floor":["M","M","$","M","M","R","M","R","T","M","R","M","E","?","R"],"character_chosen":"THE_SILENT","items_purchased":[],"gold_per_floor":[118,130,55,71,86,86,106,106,133,153,153,163,195,370,370,370],"floor_reached":16,"campfire_rested":1,"playtime":1203,"item_purchase_floors":[],"current_hp_per_floor":[60,54,54,54,51,51,44,44,44,44,65,60,48,48,48,0],"items_purged":["Strike_G"],"gold":370,"score":161,"play_id":"d5bf889f-46ef-4e2a-90f9-99a557d9801a","local_time":"20180524194012","is_prod":false,"is_daily":false,"chose_seed":false,"is_ascension_mode":true,"campfire_upgraded":3,"win_rate":0,"timestamp":1527216012,"campfire_choices":[{"data":"Neutralize","floor":6,"key":"SMITH"},{"data":"Survivor","floor":8,"key":"SMITH"},{"floor":11,"key":"REST"},{"data":"Dash","floor":15,"key":"SMITH"}],"path_taken":["M","M","$","M","M","R","M","R","T","M","R","M","E","?","R","BOSS"],"build_version":"2018-05-24","seed_source_timestamp":588052033885383,"purchased_purges":1,"victory":false,"master_deck":["Defend_G","Defend_G","Defend_G","Defend_G","Defend_G","Strike_G","Strike_G","Strike_G","Strike_G","Survivor+1","Neutralize+1","AscendersBane","Crippling Poison","Underhanded Strike","Backflip","Cloak And Dagger","Quick Slash","Caltrops","Quick Slash","Dash+1","Doubt"],"max_hp_per_floor":[70,70,70,70,70,70,70,70,70,70,70,70,70,70,70,70],"relics":["Ring of the Snake","Potion Belt","Pen Nib"],"card_choices":[{"not_picked":["Well Laid Plans","Prepared"],"picked":"Crippling Poison","floor":1},{"not_picked":["Deflect","Dodge and Roll"],"picked":"Underhanded Strike","floor":2},{"not_picked":["Accuracy","Sucker Punch"],"picked":"Backflip","floor":4},{"not_picked":["Sucker Punch","Dagger Throw"],"picked":"Cloak And Dagger","floor":5},{"not_picked":["Acrobatics","Catalyst"],"picked":"Quick Slash","floor":7},{"not_picked":["Catalyst","Well Laid Plans"],"picked":"Caltrops","floor":10},{"not_picked":["Backflip","Blade Dance"],"picked":"Quick Slash","floor":12},{"not_picked":["Terror","Flying Knee"],"picked":"Dash","floor":13}],"player_experience":493837,"potions_floor_usage":[13,13,16],"damage_taken":[{"damage":3,"enemies":"Jaw Worm","floor":1,"turns":6},{"damage":6,"enemies":"Small Slimes","floor":2,"turns":5},{"damage":0,"enemies":"Cultist","floor":4,"turns":5},{"damage":3,"enemies":"Looter","floor":5,"turns":4},{"damage":7,"enemies":"3 Louse","floor":7,"turns":4},{"damage":0,"enemies":"2 Fungi Beasts","floor":10,"turns":5},{"damage":5,"enemies":"Looter","floor":12,"turns":4},{"damage":12,"enemies":"Lagavulin","floor":13,"turns":7},{"damage":53,"enemies":"Slime Boss","floor":16,"turns":10}],"relics_obtained":[{"floor":9,"key":"Potion Belt"},{"floor":13,"key":"Pen Nib"}],"event_choices":[{"event_name":"Liars Game","player_choice":"agreed","floor":14,"damage_taken":0}],"boss_relics":[],"items_purged_floors":[3],"potions_floor_spawned":[1,2,12],"seed_played":"8699754107154487815","killed_by":"Slime Boss","ascension_level":11,"potions_obtained":[{"floor":1,"key":"PowerPotion"},{"floor":2,"key":"SkillPotion"},{"floor":12,"key":"Poison Potion"}],"is_trial":false}