{"path_per_floor":["M","M","$","M","?","E","R","E","T","M","E","R","?","?","R","B",null,"M","M","?","$"],"character_chosen":"IRONCLAD","items_purchased":[],"gold_per_floor":[17,34,34,51,51,85,85,118,118,137,171,171,192,192,192,288,288,303,315,315,240,240],"floor_reached":22,"campfire_rested":2,"playtime":1429,"current_hp_per_floor":[80,73,73,72,72,38,62,54,54,49,20,44,37,37,37,20,83,33,8,14,14,0],"items_purged":["Doubt"],"gold":240,"score":278,"play_id":"fb133e9c-269e-43b0-b797-9076ffa447a0","local_time":"20180417220902","is_prod":false,"is_daily":false,"chose_seed":false,"is_ascension_mode":true,"campfire_upgraded":1,"timestamp":1524028142,"path_taken":["M","M","$","M","?","E","R","E","T","M","E","R","?","?","R","BOSS","M","M","?","$","M"],"build_version":"2018-04-12","seed_source_timestamp":519916016255262,"purchased_purges":1,"victory":false,"master_deck":["Strike_R+1","Defend_R","Defend_R","Defend_R","Defend_R","Bash","Headbutt","Juggernaut+1","Inflame","Clash","Cleave","Twin Strike+1","Clothesline","Seeing Red","Shrug It Off","Berserk","Regret","Injury","Armaments+1","Writhe"],"max_hp_per_floor":[80,80,80,80,80,80,80,80,80,80,80,80,80,80,80,80,98,98,98,104,104,104],"relics":["Burning Blood","Whetstone","Matryoshka","Lantern","Darkstone Periapt","Blue Candle","Odd Mushroom","Calling Bell","Anchor","Frozen Egg 2","Bag of Marbles","Omamori"],"card_choices":[{"not_picked":["Clothesline","Armaments"],"picked":"Inflame","floor":1},{"not_picked":["Warcry","Feel No Pain"],"picked":"Clash","floor":2},{"not_picked":["Thunderclap","Warcry"],"picked":"Cleave","floor":4},{"not_picked":["Perfected Strike","Armaments"],"picked":"Twin Strike","floor":6},{"not_picked":["Pummel","Armaments"],"picked":"Clothesline","floor":8},{"not_picked":["Searing Blow","Headbutt"],"picked":"Seeing Red","floor":10},{"not_picked":["Flame Barrier","Reckless Charge"],"picked":"Shrug It Off","floor":13},{"not_picked":["Impervious","Dark Embrace"],"picked":"Berserk","floor":16},{"not_picked":["Heavy Blade","True Grit"],"picked":"Armaments","floor":19}],"player_experience":297216,"potions_floor_usage":[8,16,19,19],"damage_taken":[{"damage":5,"enemies":"Cultist","floor":1,"turns":5},{"damage":13,"enemies":"Jaw Worm","floor":2,"turns":4},{"damage":7,"enemies":"2 Louse","floor":4,"turns":3},{"damage":40,"enemies":"3 Sentries","floor":6,"turns":7},{"damage":14,"enemies":"Gremlin Nob","floor":8,"turns":4},{"damage":11,"enemies":"Looter","floor":10,"turns":3},{"damage":35,"enemies":"Lagavulin","floor":11,"turns":5},{"damage":13,"enemies":"The Mushroom Lair","floor":13,"turns":3},{"damage":23,"enemies":"Hexaghost","floor":16,"turns":9},{"damage":56,"enemies":"Spheric Guardian","floor":18,"turns":6},{"damage":31,"enemies":"3 Byrds","floor":19,"turns":8},{"damage":21,"enemies":"Snake Plant","floor":22,"turns":2}],"event_choices":[{"event_name":"Living Wall","player_choice":"Forget","floor":5,"damage_taken":0},{"event_name":"Mushrooms","player_choice":"Fought Mushrooms","floor":13,"damage_taken":0},{"event_name":"Purifier","player_choice":"One Purge","floor":14,"damage_taken":0},{"event_name":"The Mausoleum","player_choice":"Yes","floor":20,"damage_taken":0}],"boss_relics":[{"not_picked":["White Beast Statue","Astrolabe"],"picked":"Calling Bell"}],"potions_floor_spawned":[4,8,10,13,19],"seed_played":"-296499468194816953","killed_by":"Snake Plant","ascension_level":5,"is_trial":false}