{"gold_per_floor":[114,64,64,79,92,117,117,117,117,182,192,208,208,223,223,325,325,345,345,345,359,359],"floor_reached":22,"playtime":1374,"items_purged":[],"score":223,"play_id":"1236afc6-9a94-4fb7-adad-08621d121f2f","local_time":"20181201193758","is_ascension_mode":true,"campfire_choices":[{"floor":8,"key":"REST"},{"floor":15,"key":"REST"}],"neow_cost":"NONE","seed_source_timestamp":780278618237864,"circlet_count":0,"master_deck":["Strike_R","Strike_R","Strike_R","Defend_R","Defend_R","Defend_R","Defend_R","Bash","Uppercut","Flame Barrier","Limit Break","Double Tap","Cleave","Demon Form","Burning Pact","Armaments","Shrug It Off"],"relics":["Burning Blood","NeowsBlessing","Dodecahedron","Strawberry","Peace Pipe","Runic Dome"],"potions_floor_usage":[10,10,16,22,22,22],"damage_taken":[{"damage":0,"enemies":"2 Louse","floor":1,"turns":1},{"damage":0,"enemies":"Small Slimes","floor":4,"turns":1},{"damage":0,"enemies":"Jaw Worm","floor":5,"turns":1},{"damage":43,"enemies":"Gremlin Nob","floor":6,"turns":5},{"damage":29,"enemies":"Lagavulin Event","floor":10,"turns":5},{"damage":18,"enemies":"3 Louse","floor":11,"turns":5},{"damage":16,"enemies":"Large Slime","floor":12,"turns":8},{"damage":10,"enemies":"Blue Slaver","floor":14,"turns":4},{"damage":23,"enemies":"Slime Boss","floor":16,"turns":7},{"damage":19,"enemies":"Chosen","floor":18,"turns":5},{"damage":42,"enemies":"Spheric Guardian","floor":21,"turns":7},{"damage":55,"enemies":"Centurion and Healer","floor":22,"turns":5}],"seed_played":"8749679946197310337","potions_obtained":[{"floor":1,"key":"Strength Potion"},{"floor":4,"key":"Strength Potion"},{"floor":10,"key":"PowerPotion"},{"floor":11,"key":"PowerPotion"},{"floor":12,"key":"SteroidPotion"},{"floor":18,"key":"Regen Potion"}],"is_trial":false,"path_per_floor":["M","?","$","M","M","E","?","R","T","?","M","M","?","M","R","B",null,"M","?","?","M","M"],"character_chosen":"IRONCLAD","items_purchased":[],"campfire_rested":2,"item_purchase_floors":[],"current_hp_per_floor":[80,80,80,80,80,43,43,67,74,51,39,29,29,25,51,34,87,74,74,74,38,0],"gold":359,"neow_bonus":"THREE_ENEMY_KILL","is_prod":false,"is_daily":false,"chose_seed":false,"campfire_upgraded":0,"win_rate":0,"timestamp":1543689478,"path_taken":["M","?","$","M","M","E","?","R","T","?","?","M","?","M","R","BOSS","M","?","?","M","M"],"build_version":"2018-11-15","purchased_purges":0,"victory":false,"max_hp_per_floor":[80,80,80,80,80,80,80,80,87,87,87,87,87,87,87,87,87,87,87,87,87,87],"card_choices":[{"not_picked":["Dual Wield","True Grit"],"picked":"Uppercut","floor":1},{"not_picked":["Uppercut","Cleave"],"picked":"Flame Barrier","floor":4},{"not_picked":["Armaments","Clothesline"],"picked":"Limit Break","floor":5},{"not_picked":["Blood for Blood","Perfected Strike","Clash"],"picked":"SKIP","floor":6},{"not_picked":["Clash","Headbutt"],"picked":"Double Tap","floor":11},{"not_picked":["Sever Soul","Feel No Pain","Iron Wave"],"picked":"SKIP","floor":12},{"not_picked":["Entrench","Havoc"],"picked":"Cleave","floor":14},{"not_picked":["Limit Break","Impervious"],"picked":"Demon Form","floor":16},{"not_picked":["Twin Strike","Body Slam"],"picked":"Burning Pact","floor":18},{"not_picked":["Seeing Red","Anger"],"picked":"Shrug It Off","floor":21}],"player_experience":137509,"relics_obtained":[{"floor":6,"key":"Dodecahedron"},{"floor":9,"key":"Strawberry"}],"event_choices":[{"cards_removed":["Strike_R"],"damage_healed":0,"gold_gain":0,"player_choice":"Card Removal","damage_taken":0,"max_hp_gain":0,"max_hp_loss":0,"event_name":"The Cleric","floor":2,"gold_loss":50},{"cards_removed":["Strike_R"],"damage_healed":0,"gold_gain":0,"player_choice":"Forget","damage_taken":0,"max_hp_gain":0,"max_hp_loss":0,"event_name":"Living Wall","floor":7,"gold_loss":0},{"damage_healed":0,"gold_gain":0,"player_choice":"Searched \u00272\u0027 times","damage_taken":0,"relics_obtained":["Peace Pipe"],"max_hp_gain":0,"max_hp_loss":0,"event_name":"Dead Adventurer","floor":10,"gold_loss":0},{"damage_healed":0,"gold_gain":0,"player_choice":"Ignored","damage_taken":0,"max_hp_gain":0,"max_hp_loss":0,"event_name":"Liars Game","floor":13,"gold_loss":0},{"damage_healed":0,"gold_gain":0,"player_choice":"Read","damage_taken":0,"max_hp_gain":0,"max_hp_loss":0,"event_name":"The Library","floor":19,"gold_loss":0,"cards_obtained":["Armaments"]},{"damage_healed":0,"gold_gain":0,"player_choice":"Ignored","damage_taken":0,"max_hp_gain":0,"max_hp_loss":0,"event_name":"Ghosts","floor":20,"gold_loss":0}],"is_beta":false,"boss_relics":[{"not_picked":["Orrery","Philosopher\u0027s Stone"],"picked":"Runic Dome"}],"items_purged_floors":[],"is_endless":false,"potions_floor_spawned":[1,4,10,11,12,18],"killed_by":"Centurion and Healer","ascension_level":4}