{"gold_per_floor":[111,130,142,158,158,158,6,38,85,99,99,1,1,16,16,95,95,112,126,41,41,0,0,18,18,18,36,50,61,76,26,26,26],"floor_reached":33,"playtime":1442,"items_purged":["Strike_B","Strike_B","Strike_B"],"score":439,"play_id":"40513b90-51cc-4c36-90e4-e88a68b93e49","local_time":"20190224121615","is_ascension_mode":true,"campfire_choices":[{"data":"Redo","floor":6.0,"key":"SMITH"},{"data":"Lockon","floor":11.0,"key":"SMITH"},{"data":"Darkness","floor":13.0,"key":"SMITH"},{"data":"Dualcast","floor":15.0,"key":"SMITH"},{"data":"Seek","floor":23.0,"key":"SMITH"},{"data":"Sunder","floor":25.0,"key":"SMITH"},{"data":"Loop","floor":32.0,"key":"SMITH"}],"neow_cost":"TEN_PERCENT_HP_LOSS","seed_source_timestamp":481897153968366,"circlet_count":0,"master_deck":["AscendersBane","Strike_B","Defend_B","Defend_B","Defend_B","Defend_B","Zap","Dualcast+1","Conserve Battery","Darkness+1","Cold Snap","Redo+1","Doom and Gloom","Go for the Eyes","Glacier","Lockon+1","Reinforced Body","Steam","Seek+1","Genetic Algorithm","Sunder+1","Undo+1","Loop+1","Self Repair"],"special_seed":0,"relics":["Cracked Core","Bird Faced Urn","Pear","Smiling Mask","Philosopher\u0027s Stone","Happy Flower","Toxic Egg 2"],"potions_floor_usage":[33],"damage_taken":[{"damage":0.0,"enemies":"2 Louse","floor":1.0,"turns":3.0},{"damage":0.0,"enemies":"Cultist","floor":2.0,"turns":3.0},{"damage":0.0,"enemies":"Jaw Worm","floor":3.0,"turns":3.0},{"damage":0.0,"enemies":"Large Slime","floor":4.0,"turns":4.0},{"damage":18.0,"enemies":"Lagavulin","floor":8.0,"turns":5.0},{"damage":10.0,"enemies":"Exordium Wildlife","floor":10.0,"turns":5.0},{"damage":15.0,"enemies":"Gremlin Gang","floor":14.0,"turns":3.0},{"damage":11.0,"enemies":"Slime Boss","floor":16.0,"turns":7.0},{"damage":3.0,"enemies":"Chosen","floor":18.0,"turns":3.0},{"damage":0.0,"enemies":"Spheric Guardian","floor":19.0,"turns":3.0},{"damage":14.0,"enemies":"Centurion and Healer","floor":24.0,"turns":6.0},{"damage":5.0,"enemies":"Snake Plant","floor":27.0,"turns":4.0},{"damage":0.0,"enemies":"Snecko","floor":28.0,"turns":5.0},{"damage":5.0,"enemies":"Shelled Parasite and Fungi","floor":29.0,"turns":5.0},{"damage":17.0,"enemies":"Snake Plant","floor":30.0,"turns":4.0},{"damage":44,"enemies":"Automaton","floor":33,"turns":10}],"seed_played":"-3770096192083660035","potions_obtained":[{"floor":1.0,"key":"Regen Potion"},{"floor":2.0,"key":"Ancient Potion"},{"floor":27.0,"key":"EssenceOfSteel"}],"is_trial":false,"path_per_floor":["M","M","M","M","?","R","$","E","T","M","R","$","R","M","R","B",null,"M","M","?","?","?","R","M","R","T","M","M","M","M","$","R","B"],"character_chosen":"DEFECT","items_purchased":["Glacier","Fire Potion"],"campfire_rested":0,"item_purchase_floors":[7,12],"current_hp_per_floor":[64,64,64,64,64,64,64,56,56,46,46,46,46,31,31,20,61,58,58,58,58,58,58,44,44,44,39,39,34,31,31,31,0],"gold":26,"neow_bonus":"ONE_RARE_RELIC","is_prod":false,"is_daily":false,"chose_seed":false,"campfire_upgraded":7,"win_rate":0,"timestamp":1551006975,"path_taken":["M","M","M","M","?","R","$","E","T","M","R","$","R","M","R","BOSS","M","M","?","?","?","R","?","R","T","M","M","M","?","$","R","BOSS"],"build_version":"2019-01-23","purchased_purges":3,"victory":false,"max_hp_per_floor":[64,64,64,64,64,64,64,74,74,74,74,74,74,74,74,74,74,74,74,74,74,74,74,74,74,74,74,74,74,74,74,74,74],"card_choices":[{"not_picked":["Skim","Hologram"],"picked":"Conserve Battery","floor":1.0},{"not_picked":["Stack","Turbo"],"picked":"Darkness","floor":2.0},{"not_picked":["Hello World","Rebound"],"picked":"Cold Snap","floor":3.0},{"not_picked":["Turbo","Force Field"],"picked":"Redo","floor":4.0},{"not_picked":["Rebound","Consume","Lockon"],"picked":"SKIP","floor":8.0},{"not_picked":["Rebound","Consume"],"picked":"Lockon","floor":8.0},{"not_picked":["Sweeping Beam","Reprogram"],"picked":"Reinforced Body","floor":10.0},{"not_picked":["Coolheaded","Electrodynamics"],"picked":"Steam","floor":14.0},{"not_picked":["Thunder Strike","Creative AI"],"picked":"Seek","floor":16.0},{"not_picked":["Reprogram","Rebound","Barrage"],"picked":"SKIP","floor":18.0},{"not_picked":["Steam","Barrage"],"picked":"Genetic Algorithm","floor":19.0},{"not_picked":["Gash","Capacitor"],"picked":"Sunder","floor":24.0},{"not_picked":["Coolheaded+1","Fusion+1"],"picked":"Undo+1","floor":27.0},{"not_picked":["Chaos+1","Streamline","Reinforced Body+1"],"picked":"SKIP","floor":28.0},{"not_picked":["Reprogram+1","Rebound"],"picked":"Loop","floor":29.0},{"not_picked":["Reboot+1","Scrape+1"],"picked":"Self Repair","floor":30.0}],"player_experience":404925,"relics_obtained":[{"floor":8.0,"key":"Pear"},{"floor":9.0,"key":"Smiling Mask"},{"floor":26.0,"key":"Toxic Egg 2"}],"event_choices":[{"damage_healed":0.0,"max_hp_gain":0.0,"max_hp_loss":0.0,"gold_gain":0.0,"event_name":"Match and Keep!","player_choice":"2 cards matched","floor":5.0,"gold_loss":0.0,"damage_taken":0.0,"cards_obtained":["Doom and Gloom","Go for the Eyes"]},{"damage_healed":0.0,"max_hp_gain":0.0,"max_hp_loss":0.0,"gold_gain":0.0,"event_name":"Match and Keep!","player_choice":"2 cards matched","floor":5.0,"gold_loss":0.0,"damage_taken":0.0,"cards_obtained":["Doom and Gloom","Go for the Eyes"]},{"damage_healed":0.0,"max_hp_gain":0.0,"max_hp_loss":0.0,"gold_gain":0.0,"event_name":"Addict","player_choice":"Obtained Relic","floor":20.0,"gold_loss":85.0,"damage_taken":0.0,"relics_obtained":["Happy Flower"]},{"damage_healed":0.0,"max_hp_gain":0.0,"max_hp_loss":0.0,"gold_gain":0.0,"event_name":"Beggar","player_choice":"Ignored","floor":21.0,"gold_loss":0.0,"damage_taken":0.0},{"damage_healed":0.0,"max_hp_gain":0.0,"max_hp_loss":0.0,"gold_gain":0.0,"event_name":"Masked Bandits","player_choice":"Paid Fearfully","floor":22.0,"gold_loss":41.0,"damage_taken":0.0}],"is_beta":false,"boss_relics":[{"not_picked":["Astrolabe","Lizard Tail"],"picked":"Philosopher\u0027s Stone"}],"items_purged_floors":[7,12,31],"is_endless":false,"potions_floor_spawned":[1,2,4,10,16,18,27,29],"killed_by":"Automaton","ascension_level":15}