{"gold_per_floor":[209,209,220,232,248,248,61,61,61,95,95,126,161,161,161,282,282,305,329,344,344,344,344,378,130,130,130,143,156,179,90,90,209,209,222,245,258,208,84,119,119,163,163,263,263,283,283,158,158,158],"floor_reached":51,"playtime":3141,"items_purged":["Strike_B","Defend_B","Strike_B","Defend_B","Strike_B","Decay"],"score":867,"play_id":"ac9df484-c5ef-4846-a4e0-4d9166a573f9","local_time":"20190426235744","is_ascension_mode":true,"campfire_choices":[{"data":"Zap","floor":6,"key":"SMITH"},{"data":"Defragment","floor":8,"key":"SMITH"},{"data":"Defragment","floor":15,"key":"SMITH"},{"data":"Creative AI","floor":23,"key":"SMITH"},{"data":"White Noise","floor":27,"key":"SMITH"},{"data":"Echo Form","floor":32,"key":"SMITH"},{"data":"Capacitor","floor":41,"key":"SMITH"},{"data":"Loop","floor":49,"key":"SMITH"}],"neow_cost":"NONE","seed_source_timestamp":1398947448416496,"circlet_count":0,"master_deck":["Strike_B","Defend_B","Defend_B","Zap+1","Dualcast","Chill","Defragment+1","Glacier","Defragment+1","Echo Form+1","Creative AI+1","J.A.X.","Capacitor+1","White Noise+1","Machine Learning","All For One","Heatsinks","Chill+1","Loop+1","Dark Shackles","Self Repair"],"relics":["Cracked Core","Smiling Mask","Mummified Hand","Golden Idol","Odd Mushroom","Bird Faced Urn","Sozu","WingedGreaves","Symbiotic Virus","Juzu Bracelet","Nuclear Battery","Bottled Lightning","Kunai","Question Card"],"potions_floor_usage":[16],"damage_taken":[{"damage":16,"enemies":"Small Slimes","floor":1,"turns":4},{"damage":1,"enemies":"Cultist","floor":3,"turns":3},{"damage":0,"enemies":"2 Louse","floor":4,"turns":1},{"damage":3,"enemies":"2 Fungi Beasts","floor":5,"turns":4},{"damage":9,"enemies":"3 Sentries","floor":10,"turns":11},{"damage":0,"enemies":"The Mushroom Lair","floor":12,"turns":5},{"damage":2,"enemies":"Lagavulin","floor":13,"turns":9},{"damage":13,"enemies":"Hexaghost","floor":16,"turns":15},{"damage":11,"enemies":"Shell Parasite","floor":18,"turns":6},{"damage":0,"enemies":"Spheric Guardian","floor":19,"turns":3},{"damage":3,"enemies":"Chosen and Byrds","floor":20,"turns":9},{"damage":39,"enemies":"Book of Stabbing","floor":24,"turns":8},{"damage":14,"enemies":"Shelled Parasite and Fungi","floor":28,"turns":7},{"damage":9,"enemies":"Cultist and Chosen","floor":29,"turns":4},{"damage":18,"enemies":"Automaton","floor":33,"turns":6},{"damage":42,"enemies":"3 Shapes","floor":35,"turns":4},{"damage":30,"enemies":"3 Darklings","floor":36,"turns":5},{"damage":22,"enemies":"Maw","floor":37,"turns":6},{"damage":9,"enemies":"Reptomancer","floor":40,"turns":5},{"damage":55,"enemies":"Nemesis","floor":42,"turns":7},{"damage":20,"enemies":"4 Shapes","floor":46,"turns":4},{"damage":39,"enemies":"Donu and Deca","floor":50,"turns":8}],"seed_played":"1903868857082345950","potions_obtained":[{"floor":2,"key":"FairyPotion"},{"floor":2,"key":"PowerPotion"},{"floor":2,"key":"Strength Potion"},{"floor":16,"key":"Fire Potion"}],"is_trial":false,"path_per_floor":["M","?","M","M","M","R","$","R","T","E","?","?","E","T","R","B",null,"M","M","M","?","?","R","E","$","T","R","M","M","T","$","R","B",null,"M","M","M","$","$","E","R","E","T","?","?","M","?","$","R","B",null],"character_chosen":"DEFECT","items_purchased":["Defragment","Glacier","White Noise","Machine Learning","Heatsinks","Loop","Self Repair"],"campfire_rested":0,"item_purchase_floors":[7,7,25,25,31,39,48],"current_hp_per_floor":[59,59,58,58,55,55,55,55,55,46,28,28,26,26,26,17,75,66,74,72,72,72,72,47,47,47,47,73,75,75,75,75,75,75,55,51,57,57,57,75,75,50,50,50,50,58,58,58,58,64],"gold":158,"neow_bonus":"HUNDRED_GOLD","is_prod":false,"is_daily":false,"chose_seed":false,"campfire_upgraded":8,"win_rate":0,"timestamp":1556337464,"path_taken":["M","?","M","?","M","R","$","R","T","E","?","?","E","?","R","BOSS","M","?","M","?","?","R","E","$","T","R","?","M","?","$","R","BOSS","M","M","M","?","$","E","R","E","T","?","?","M","?","?","R","BOSS"],"build_version":"2019-01-23","purchased_purges":6,"victory":true,"max_hp_per_floor":[75,75,75,75,75,75,75,75,75,75,75,75,75,75,75,75,75,75,75,75,75,75,75,75,75,75,75,75,75,75,75,75,75,75,75,75,75,75,75,75,75,75,75,75,75,75,75,75,75,75],"card_choices":[{"not_picked":["Steam","Cold Snap","Scrape"],"picked":"SKIP","floor":1},{"not_picked":["Gash","Sweeping Beam"],"picked":"Chill","floor":3},{"not_picked":["Leap","Sweeping Beam","Static Discharge"],"picked":"SKIP","floor":4},{"not_picked":["Barrage","Cold Snap","Beam Cell"],"picked":"SKIP","floor":5},{"not_picked":["Conserve Battery","Reprogram","Sweeping Beam"],"picked":"SKIP","floor":10},{"not_picked":["Go for the Eyes","All For One"],"picked":"Defragment","floor":13},{"not_picked":["Amplify","Thunder Strike"],"picked":"Echo Form","floor":16},{"not_picked":["Doom and Gloom","Barrage","Fusion"],"picked":"SKIP","floor":18},{"not_picked":["Barrage","Stack+1","Steam"],"picked":"SKIP","floor":19},{"not_picked":["Cold Snap","Beam Cell"],"picked":"Creative AI","floor":20},{"not_picked":["Conserve Battery+1","Compile Driver+1"],"picked":"Capacitor","floor":24},{"not_picked":["Chill","Steam","Barrage"],"picked":"SKIP","floor":28},{"not_picked":["Redo+1","Darkness+1"],"picked":"All For One","floor":29},{"not_picked":["Capacitor","Barrage","Conserve Battery+1"],"picked":"SKIP","floor":35},{"not_picked":["Conserve Battery+1","Barrage","Hologram+1"],"picked":"SKIP","floor":36},{"not_picked":["Doom and Gloom","Leap+1"],"picked":"Chill+1","floor":37},{"not_picked":["Recycle+1","Aggregate","Capacitor"],"picked":"SKIP","floor":40},{"not_picked":["Glacier+1","Static Discharge+1","Sweeping Beam+1"],"picked":"SKIP","floor":42},{"not_picked":["PanicButton","Mayhem","Jack Of All Trades"],"picked":"Dark Shackles","floor":45},{"not_picked":["Hologram+1","Conserve Battery+1","Ball Lightning+1","Steam Power+1"],"picked":"SKIP","floor":46}],"player_experience":98406,"relics_obtained":[{"floor":9,"key":"Smiling Mask"},{"floor":10,"key":"Mummified Hand"},{"floor":12,"key":"Odd Mushroom"},{"floor":13,"key":"Bird Faced Urn"},{"floor":24,"key":"WingedGreaves"},{"floor":26,"key":"Symbiotic Virus"},{"floor":30,"key":"Juzu Bracelet"},{"floor":40,"key":"Bottled Lightning"},{"floor":42,"key":"Kunai"},{"floor":43,"key":"Question Card"}],"event_choices":[{"damage_healed":0,"gold_gain":0,"player_choice":"Got Potions","damage_taken":0,"max_hp_gain":0,"max_hp_loss":0,"event_name":"Lab","floor":2,"gold_loss":0},{"damage_healed":0,"gold_gain":0,"player_choice":"Take Damage","damage_taken":18,"relics_obtained":["Golden Idol"],"max_hp_gain":0,"max_hp_loss":0,"event_name":"Golden Idol","floor":11,"gold_loss":0},{"damage_healed":0,"gold_gain":0,"player_choice":"Fought Mushrooms","damage_taken":0,"max_hp_gain":0,"max_hp_loss":0,"event_name":"Mushrooms","floor":12,"gold_loss":0},{"damage_healed":0,"gold_gain":0,"player_choice":"Obtain J.A.X.","damage_taken":0,"max_hp_gain":0,"max_hp_loss":0,"event_name":"Drug Dealer","floor":21,"gold_loss":0,"cards_obtained":["J.A.X."]},{"damage_healed":0,"gold_gain":0,"player_choice":"Cursed","damage_taken":0,"max_hp_gain":0,"max_hp_loss":0,"event_name":"Wheel of Change","floor":22,"gold_loss":0,"cards_obtained":["Decay"]},{"damage_healed":0,"gold_gain":100,"player_choice":"Pray","damage_taken":0,"max_hp_gain":0,"max_hp_loss":0,"event_name":"Golden Shrine","floor":44,"gold_loss":0},{"damage_healed":0,"gold_gain":0,"player_choice":"Memory 1","damage_taken":0,"max_hp_gain":0,"max_hp_loss":0,"event_name":"SensoryStone","floor":45,"gold_loss":0},{"damage_healed":0,"gold_gain":0,"player_choice":"Ignored","damage_taken":0,"max_hp_gain":0,"max_hp_loss":0,"event_name":"Mysterious Sphere","floor":47,"gold_loss":0}],"is_beta":false,"boss_relics":[{"not_picked":["Pandora\u0027s Box","Eternal Feather"],"picked":"Sozu"},{"not_picked":["Orrery","Lizard Tail"],"picked":"Nuclear Battery"}],"items_purged_floors":[7,25,31,38,39,48],"is_endless":false,"potions_floor_spawned":[3,12,16,20,24,28,29,37,40,42],"ascension_level":4}