{"gold_per_floor":[114,130,149,165,240,272,272,286,337,337,356,356,356,25,25,150,150,170,189,189,224,243,243,286,286,337,358,373,373,413,432,432,432],"floor_reached":33,"playtime":2071,"items_purged":[],"score":393,"play_id":"4a893f57-921a-4402-a77d-55015aff5e3b","local_time":"20190121202236","is_ascension_mode":true,"campfire_choices":[{"data":"Body Slam","floor":7.0,"key":"SMITH"},{"data":"Armaments","floor":10.0,"key":"SMITH"},{"data":"Shrug It Off","floor":12.0,"key":"SMITH"},{"data":"Fiend Fire","floor":15.0,"key":"SMITH"},{"data":"Shockwave","floor":23.0,"key":"SMITH"},{"data":"Clothesline","floor":25.0,"key":"SMITH"},{"data":"Offering","floor":29,"key":"SMITH"},{"data":"Pommel Strike","floor":32,"key":"SMITH"}],"neow_cost":"NONE","seed_source_timestamp":77360738729112,"circlet_count":0,"master_deck":["Strike_R","Strike_R","Strike_R","Strike_R","Strike_R","Defend_R","Defend_R","Defend_R","Defend_R","Bash+1","Armaments+1","Body Slam+1","Shrug It Off+1","Reckless Charge","Clothesline+1","Spot Weakness","Ghostly Armor","Warcry","Fiend Fire+1","Finesse","Offering+1","Reckless Charge","Sword Boomerang+1","Shockwave+1","Pommel Strike+1","Whirlwind+1","Shrug It Off+1","Writhe","Seeing Red+1","Body Slam+1","Disarm+1","Rage+1"],"special_seed":0,"relics":["Burning Blood","Dodecahedron","Pen Nib","Golden Idol","Cursed Key","Red Mask","Toxic Egg 2","PreservedInsect","Ancient Tea Set"],"potions_floor_usage":[28,33,33],"damage_taken":[{"damage":7.0,"enemies":"Jaw Worm","floor":1.0,"turns":3.0},{"damage":4.0,"enemies":"Small Slimes","floor":2.0,"turns":4.0},{"damage":6.0,"enemies":"2 Louse","floor":3.0,"turns":3.0},{"damage":22.0,"enemies":"Exordium Thugs","floor":4.0,"turns":6.0},{"damage":40.0,"enemies":"Lagavulin","floor":6.0,"turns":8.0},{"damage":0.0,"enemies":"Looter","floor":8.0,"turns":3.0},{"damage":0.0,"enemies":"3 Louse","floor":11.0,"turns":3.0},{"damage":23.0,"enemies":"The Guardian","floor":16.0,"turns":9.0},{"damage":0.0,"enemies":"Chosen","floor":18.0,"turns":5.0},{"damage":0.0,"enemies":"Spheric Guardian","floor":19.0,"turns":1.0},{"damage":14.0,"enemies":"Masked Bandits","floor":21.0,"turns":4.0},{"damage":2.0,"enemies":"Snake Plant","floor":22.0,"turns":3.0},{"damage":36.0,"enemies":"Slavers","floor":24.0,"turns":5.0},{"damage":5,"enemies":"Snecko","floor":27,"turns":5},{"damage":12,"enemies":"Shelled Parasite and Fungi","floor":28,"turns":3},{"damage":6,"enemies":"Gremlin Leader","floor":30,"turns":2},{"damage":6,"enemies":"Centurion and Healer","floor":31,"turns":3},{"damage":43,"enemies":"Champ","floor":33,"turns":5}],"seed_played":"1612517510113189575","potions_obtained":[{"floor":4.0,"key":"LiquidBronze"},{"floor":6.0,"key":"Fire Potion"},{"floor":8.0,"key":"Weak Potion"},{"floor":24.0,"key":"Swift Potion"},{"floor":27,"key":"SpeedPotion"},{"floor":30,"key":"LiquidBronze"}],"is_trial":false,"path_per_floor":["M","M","M","M","?","E","R","M","T","R","M","R","?","$","R","B",null,"M","M","?","?","M","R","E","R","T","M","M","R","E","M","R","B"],"character_chosen":"IRONCLAD","items_purchased":["Ghostly Armor","Warcry","Fiend Fire","Swift Potion","Finesse"],"campfire_rested":0,"item_purchase_floors":[14,14,14,14,14],"current_hp_per_floor":[79,80,80,64,53,19,19,25,25,25,31,31,31,31,31,14,59,65,71,71,63,67,67,37,37,37,38,32,32,32,32,32,0],"gold":432,"neow_bonus":"UPGRADE_CARD","is_prod":false,"is_daily":false,"chose_seed":false,"campfire_upgraded":8,"win_rate":0,"timestamp":1548098556,"path_taken":["M","M","M","M","?","E","R","M","T","R","M","R","?","?","R","BOSS","M","M","?","?","M","R","E","R","T","?","M","R","E","M","R","BOSS"],"build_version":"2018-12-20","purchased_purges":0,"victory":false,"max_hp_per_floor":[80,80,80,80,80,80,80,80,80,80,80,80,74,74,74,74,74,74,74,74,74,74,74,74,74,74,74,74,74,74,74,74,74],"card_choices":[{"not_picked":["True Grit","Heavy Blade"],"picked":"Armaments","floor":1.0},{"not_picked":["Sword Boomerang","Shrug It Off"],"picked":"Body Slam","floor":2.0},{"not_picked":["Disarm","Reckless Charge"],"picked":"Shrug It Off","floor":3.0},{"not_picked":["Thunderclap","Feel No Pain","Anger"],"picked":"SKIP","floor":4.0},{"not_picked":["Twin Strike","Havoc"],"picked":"Reckless Charge","floor":6.0},{"not_picked":["Perfected Strike","Cleave"],"picked":"Clothesline","floor":8.0},{"not_picked":["Corruption","Havoc"],"picked":"Spot Weakness","floor":11.0},{"not_picked":["Double Tap","Limit Break"],"picked":"Offering","floor":16.0},{"not_picked":["Heavy Blade","Twin Strike"],"picked":"Reckless Charge","floor":18.0},{"not_picked":["Anger","Sever Soul"],"picked":"Sword Boomerang+1","floor":19.0},{"not_picked":["Combust","Twin Strike+1"],"picked":"Pommel Strike","floor":21.0},{"not_picked":["Spot Weakness","Iron Wave"],"picked":"Whirlwind+1","floor":22.0},{"not_picked":["Cleave","Body Slam"],"picked":"Shrug It Off","floor":24.0},{"not_picked":["Warcry+1","Carnage"],"picked":"Seeing Red+1","floor":27},{"not_picked":["Seeing Red+1","Barricade"],"picked":"Body Slam+1","floor":28},{"not_picked":["Twin Strike+1","Headbutt"],"picked":"Disarm+1","floor":30},{"not_picked":["Heavy Blade+1","Corruption"],"picked":"Rage+1","floor":31}],"player_experience":80329,"relics_obtained":[{"floor":6.0,"key":"Dodecahedron"},{"floor":9.0,"key":"Pen Nib"},{"floor":21.0,"key":"Red Mask"},{"floor":24.0,"key":"Toxic Egg 2"},{"floor":26.0,"key":"PreservedInsect"},{"floor":30,"key":"Ancient Tea Set"}],"event_choices":[{"damage_healed":0.0,"max_hp_gain":0.0,"max_hp_loss":0.0,"gold_gain":75.0,"event_name":"World of Goop","player_choice":"Gather Gold","floor":5.0,"gold_loss":0.0,"damage_taken":11.0},{"damage_healed":0.0,"max_hp_gain":0.0,"max_hp_loss":6.0,"gold_gain":0.0,"event_name":"Golden Idol","player_choice":"Lose Max HP","floor":13.0,"gold_loss":0.0,"damage_taken":0.0,"relics_obtained":["Golden Idol"]},{"damage_healed":0.0,"max_hp_gain":0.0,"max_hp_loss":0.0,"gold_gain":0.0,"event_name":"The Library","player_choice":"Read","floor":20.0,"gold_loss":0.0,"damage_taken":0.0,"cards_obtained":["Shockwave"]},{"damage_healed":0.0,"max_hp_gain":0.0,"max_hp_loss":0.0,"gold_gain":0.0,"event_name":"Masked Bandits","player_choice":"Fought Bandits","floor":21.0,"gold_loss":0.0,"damage_taken":0.0}],"is_beta":false,"boss_relics":[{"not_picked":["Philosopher\u0027s Stone","White Beast Statue"],"picked":"Cursed Key"}],"items_purged_floors":[],"is_endless":false,"potions_floor_spawned":[4,6,8,19,22,24,27,30],"killed_by":"Champ","ascension_level":5}