{"gold_per_floor":[118,132,146,146,96,96,96,47,47,47,90,110,151,164,164,292],"floor_reached":16,"playtime":789,"items_purged":[],"score":248,"play_id":"22403dd9-96ad-4299-b707-e095f5ed47cc","local_time":"20190201105131","is_ascension_mode":true,"campfire_choices":[{"data":"Bash","floor":6.0,"key":"SMITH"},{"data":"Pommel Strike","floor":10.0,"key":"SMITH"},{"floor":15.0,"key":"REST"}],"neow_cost":"NONE","seed_source_timestamp":2290787599730,"circlet_count":0,"master_deck":["AscendersBane","Strike_R","Strike_R","Strike_R","Defend_R","Defend_R","Defend_R","Defend_R","Bash+1","Headbutt","Pommel Strike+1","Intimidate","Sword Boomerang","Iron Wave"],"special_seed":0,"relics":["Burning Blood","Golden Idol","Mango","Ancient Tea Set","Potion Belt"],"potions_floor_usage":[16,16],"damage_taken":[{"damage":18.0,"enemies":"Jaw Worm","floor":1.0,"turns":5.0},{"damage":10.0,"enemies":"Small Slimes","floor":2.0,"turns":5.0},{"damage":3.0,"enemies":"2 Louse","floor":3.0,"turns":4.0},{"damage":35.0,"enemies":"Lagavulin","floor":11.0,"turns":5.0},{"damage":6.0,"enemies":"Looter","floor":12.0,"turns":4.0},{"damage":15.0,"enemies":"3 Sentries","floor":13.0,"turns":8.0},{"damage":7.0,"enemies":"Blue Slaver","floor":14.0,"turns":3.0},{"damage":49,"enemies":"Slime Boss","floor":16,"turns":12}],"seed_played":"7448532055279882036","potions_obtained":[{"floor":11.0,"key":"EssenceOfSteel"},{"floor":12.0,"key":"Poison Potion"},{"floor":13.0,"key":"Strength Potion"}],"is_trial":false,"path_per_floor":["M","M","M","?","?","R","?","$","T","R","E","M","E","M","R","B"],"character_chosen":"IRONCLAD","items_purchased":["Pommel Strike"],"campfire_rested":1,"item_purchase_floors":[8],"current_hp_per_floor":[60,56,59,59,59,59,64,64,78,78,49,49,40,39,66,23],"gold":292,"neow_bonus":"REMOVE_CARD","is_prod":false,"is_daily":false,"chose_seed":false,"campfire_upgraded":2,"win_rate":0,"timestamp":1549014691,"path_taken":["M","M","M","?","?","R","?","$","T","R","E","M","E","M","R","BOSS"],"build_version":"2019-01-23","purchased_purges":0,"victory":false,"max_hp_per_floor":[80,80,80,74,74,74,79,79,93,93,93,93,93,93,93,93],"card_choices":[{"not_picked":["Armaments","Anger"],"picked":"Headbutt","floor":1.0},{"not_picked":["Rupture","Flex","Second Wind"],"picked":"SKIP","floor":2.0},{"not_picked":["Sword Boomerang","True Grit","Blood for Blood"],"picked":"SKIP","floor":3.0},{"not_picked":["Burning Pact","Twin Strike","Fiend Fire"],"picked":"SKIP","floor":11.0},{"not_picked":["Rupture","Havoc"],"picked":"Intimidate","floor":12.0},{"not_picked":["Pommel Strike","Havoc"],"picked":"Sword Boomerang","floor":13.0},{"not_picked":["Havoc","Heavy Blade"],"picked":"Iron Wave","floor":14.0}],"player_experience":227606,"relics_obtained":[{"floor":9.0,"key":"Mango"},{"floor":11.0,"key":"Ancient Tea Set"},{"floor":13.0,"key":"Potion Belt"}],"event_choices":[{"damage_healed":0.0,"max_hp_gain":0.0,"max_hp_loss":6.0,"gold_gain":0.0,"event_name":"Golden Idol","player_choice":"Lose Max HP","floor":4.0,"gold_loss":0.0,"damage_taken":0.0,"relics_obtained":["Golden Idol"]},{"cards_removed":["Strike_R"],"damage_healed":0.0,"max_hp_gain":0.0,"max_hp_loss":0.0,"gold_gain":0.0,"event_name":"The Cleric","player_choice":"Card Removal","floor":5.0,"gold_loss":50.0,"damage_taken":0.0},{"damage_healed":0.0,"max_hp_gain":5.0,"max_hp_loss":0.0,"gold_gain":0.0,"event_name":"Big Fish","player_choice":"Donut","floor":7.0,"gold_loss":0.0,"damage_taken":0.0}],"is_beta":false,"boss_relics":[],"items_purged_floors":[],"is_endless":false,"potions_floor_spawned":[11,12,13],"killed_by":"Slime Boss","ascension_level":11}