{"path_per_floor":["M","?","$","M","M","R","E","R","T","$","?","M","M","?","R","B",null,"M","M","?","?","?","E","M","E","T","R","M","M","$","M","R","B",null,"M","?","?","$","M","E","R","M","T","M","$","E","M","?","R","B"],"character_chosen":"THE_SILENT","items_purchased":["Well Laid Plans","Infinite Blades","Whetstone","Escape Plan"],"gold_per_floor":[112,112,3,23,48,48,92,92,92,16,16,30,50,150,150,276,276,292,312,312,212,212,244,254,280,304,304,319,329,86,100,100,198,198,210,210,210,85,103,138,138,152,152,162,123,158,168,168,168,168],"floor_reached":51,"campfire_rested":3,"playtime":6084,"current_hp_per_floor":[70,65,65,65,65,65,47,47,47,47,47,47,31,31,50,38,65,46,35,35,35,35,32,22,23,35,35,31,29,29,23,44,22,72,62,62,62,62,58,60,60,41,41,59,59,72,72,63,72,72],"items_purged":["Defend_G","Strike_G","Strike_G"],"gold":168,"score":809,"play_id":"b68c99fa-f68b-4219-8245-b5f2532c8b7f","local_time":"20180309202423","is_prod":false,"is_daily":false,"is_ascension_mode":true,"campfire_upgraded":4,"timestamp":1520648663,"path_taken":["M","?","$","M","M","R","E","R","T","$","?","?","M","?","R","BOSS","M","M","?","?","?","E","M","E","T","R","M","?","$","?","R","BOSS","M","?","?","$","M","E","R","M","T","?","$","E","M","?","R","BOSS"],"build_version":"2018-03-09","purchased_purges":6,"victory":true,"master_deck":["Defend_G","Defend_G","Defend_G","Defend_G","Strike_G+1","Strike_G+1","Survivor","Neutralize+1","Calculated Gamble","Well Laid Plans","Footwork+1","Footwork","Terror+1","Infinite Blades","Blade Dance","Malaise","A Thousand Cuts","Slice+1","J.A.X.","Accuracy+1","Cloak And Dagger+1","Deflect","Prepared+1","Glass Knife","Prepared+1","Cloak And Dagger+1","Cloak And Dagger","Slice","Deflect+1","Accuracy+1","Footwork+1","Escape Plan","Blur+1","Madness","Madness"],"max_hp_per_floor":[70,65,65,65,65,65,65,65,65,65,65,65,65,65,65,65,65,65,65,65,65,65,65,65,65,72,72,72,72,72,72,72,72,72,72,72,72,72,72,72,72,72,72,72,72,72,72,72,72,72],"relics":["Ring of the Snake","Bloody Idol","Unceasing Top","Lantern","White Beast Statue","Shuriken","Ginger","Strawberry","Whetstone","Orrery","Bird Faced Urn","Ice Cream","Dodecahedron"],"card_choices":[{"not_picked":["Skewer","Dagger Spray"],"picked":"Calculated Gamble"},{"not_picked":["Flechettes","Bane"],"picked":"Footwork"},{"not_picked":["Predator","Finisher"],"picked":"Footwork"},{"not_picked":["Expertise","Poisoned Stab"],"picked":"Terror"},{"not_picked":["Poisoned Stab","Slice"],"picked":"Blade Dance"},{"not_picked":["Terror","Quick Slash"],"picked":"Malaise"},{"not_picked":["Venomology","Grand Finale"],"picked":"A Thousand Cuts"},{"not_picked":["Deadly Poison","Flying Knee"],"picked":"Slice"},{"not_picked":["Underhanded Strike","Deadly Poison"],"picked":"Accuracy"},{"not_picked":["PiercingWail","Dagger Throw"],"picked":"Cloak And Dagger"},{"not_picked":["Deadly Poison","Blur"],"picked":"Deflect"},{"not_picked":["Reflex","Escape Plan"],"picked":"Prepared"},{"not_picked":["Tactician","Phantasmal Killer"],"picked":"Glass Knife"},{"not_picked":["Flying Knee","Slice"],"picked":"Prepared"},{"not_picked":["Finisher","Terror"],"picked":"Cloak And Dagger"},{"not_picked":["Sucker Punch","Predator"],"picked":"Cloak And Dagger"},{"not_picked":["Underhanded Strike","Quick Slash"],"picked":"Slice"},{"not_picked":["Dodge and Roll","Acrobatics"],"picked":"Deflect"},{"not_picked":["Cloak And Dagger","Dodge and Roll"],"picked":"Accuracy"},{"not_picked":["Noxious Fumes","Die Die Die"],"picked":"Footwork"},{"not_picked":["Backflip","Masterful Stab"],"picked":"Blur"}],"player_experience":129507,"potions_floor_usage":[7,18,23,23,24,25,28,29,31,33,40,40,46,47,47,50,50],"damage_taken":[{"damage":0,"enemies":"Cultist","floor":1,"turns":4},{"damage":0,"enemies":"Jaw Worm","floor":4,"turns":4},{"damage":0,"enemies":"Small Slimes","floor":5,"turns":4},{"damage":18,"enemies":"Gremlin Nob","floor":7,"turns":5},{"damage":0,"enemies":"Red Slaver","floor":12,"turns":5},{"damage":16,"enemies":"Gremlin Gang","floor":13,"turns":7},{"damage":12,"enemies":"Hexaghost","floor":16,"turns":11},{"damage":19,"enemies":"Spheric Guardian","floor":18,"turns":8},{"damage":11,"enemies":"3 Byrds","floor":19,"turns":7},{"damage":8,"enemies":"Gremlin Leader","floor":23,"turns":8},{"damage":15,"enemies":"3 Cultists","floor":24,"turns":5},{"damage":16,"enemies":"Book of Stabbing","floor":25,"turns":5},{"damage":9,"enemies":"Centurion and Healer","floor":28,"turns":5},{"damage":19,"enemies":"Snecko","floor":29,"turns":5},{"damage":11,"enemies":"Cultist and Chosen","floor":31,"turns":5},{"damage":27,"enemies":"Automaton","floor":33,"turns":8},{"damage":15,"enemies":"Orb Walker","floor":35,"turns":4},{"damage":9,"enemies":"3 Shapes","floor":39,"turns":5},{"damage":3,"enemies":"Nemesis","floor":40,"turns":7},{"damage":38,"enemies":"Sphere and 2 Shapes","floor":42,"turns":5},{"damage":3,"enemies":"Maw","floor":44,"turns":6},{"damage":3,"enemies":"Giant Head","floor":46,"turns":6},{"damage":9,"enemies":"4 Shapes","floor":47,"turns":5},{"damage":0,"enemies":"Time Eater","floor":50,"turns":10}],"event_choices":[{"event_name":"Golden Idol","player_choice":"Lose Max HP","floor":2,"damage_taken":0},{"event_name":"Purifier","player_choice":"One Purge","floor":11,"damage_taken":0},{"event_name":"Golden Shrine","player_choice":"Pray","floor":14,"damage_taken":0},{"event_name":"Forgotten Altar","player_choice":"Gave Idol","floor":20,"damage_taken":0},{"event_name":"Drug Dealer","player_choice":"Got JAXXED","floor":21,"damage_taken":0},{"event_name":"Vampires","player_choice":"Ignored","floor":22,"damage_taken":0},{"event_name":"Tomb of Lord Red Mask","player_choice":"Ignored","floor":36,"damage_taken":0},{"event_name":"Mysterious Sphere","player_choice":"Ignore","floor":37,"damage_taken":0},{"event_name":"Winding Halls","player_choice":"Embrace Madness","floor":48,"damage_taken":0}],"boss_relics":[{"not_picked":["Runic Dome","Velvet Choker"],"picked":"White Beast Statue"},{"not_picked":["Calling Bell","Runic Pyramid"],"picked":"Orrery"}],"potions_floor_spawned":[1,13,18,19,23,24,25,28,29,31,33,35,39,40,42,44,46,47],"seed_played":"5515155280638940406","ascension_level":1,"is_trial":false}