{"gold_per_floor":[109,109,109,125,71,97,97,131,131,158,158,83,83,83,83,160,160,178,228,247,258,269,269,297,297,297,297,310,310,23,42,42,42],"floor_reached":33,"playtime":1260,"items_purged":["Strike_R+1"],"score":536,"play_id":"ab7fa4ea-ab5d-4685-a5a7-89bcded2eb12","local_time":"20190204204908","is_ascension_mode":true,"campfire_choices":[{"data":"True Grit","floor":7.0,"key":"SMITH"},{"data":"Rampage","floor":11.0,"key":"SMITH"},{"data":"Flame Barrier","floor":15.0,"key":"SMITH"},{"floor":23.0,"key":"REST"},{"data":"Bash","floor":25.0,"key":"SMITH"},{"data":"True Grit","floor":32.0,"key":"SMITH"}],"neow_cost":"NONE","seed_source_timestamp":295024519224777,"circlet_count":0,"master_deck":["AscendersBane","Strike_R+1","Strike_R+1","Defend_R+1","Defend_R+1","Defend_R+1","Defend_R+1","Bash+1","Headbutt+1","Rampage+1","True Grit+1","Disarm+1","Flame Barrier+1","Fiend Fire+1","Cleave+1","Ghostly Armor+1","Headbutt+1","Bloodletting+1","Shrug It Off","Spot Weakness","True Grit+1","Panacea","Spot Weakness+1"],"special_seed":0,"relics":["Black Blood","NeowsBlessing","Mummified Hand","Vajra","Bottled Flame","Pantograph","Molten Egg 2","Whetstone","War Paint"],"potions_floor_usage":[],"damage_taken":[{"damage":0.0,"enemies":"Small Slimes","floor":1.0,"turns":1.0},{"damage":0.0,"enemies":"2 Louse","floor":4.0,"turns":1.0},{"damage":0.0,"enemies":"3 Sentries","floor":6.0,"turns":2.0},{"damage":35.0,"enemies":"Lagavulin","floor":8.0,"turns":8.0},{"damage":21.0,"enemies":"Gremlin Nob","floor":10.0,"turns":4.0},{"damage":23.0,"enemies":"Hexaghost","floor":16.0,"turns":9.0},{"damage":23.0,"enemies":"Shell Parasite","floor":18.0,"turns":8.0},{"damage":14.0,"enemies":"Chosen","floor":20.0,"turns":5.0},{"damage":28.0,"enemies":"Centurion and Healer","floor":21.0,"turns":8.0},{"damage":27.0,"enemies":"Snake Plant","floor":22.0,"turns":4.0},{"damage":49.0,"enemies":"Slavers","floor":24.0,"turns":6.0},{"damage":19.0,"enemies":"3 Cultists","floor":28.0,"turns":5.0},{"damage":17.0,"enemies":"Centurion and Healer","floor":31.0,"turns":6.0},{"damage":53,"enemies":"Collector","floor":33,"turns":5}],"seed_played":"4669493343233974105","potions_obtained":[{"floor":1.0,"key":"Weak Potion"},{"floor":4.0,"key":"SmokeBomb"},{"floor":6.0,"key":"Fruit Juice"},{"floor":14.0,"key":"Regen Potion"},{"floor":14.0,"key":"Ancient Potion"},{"floor":24.0,"key":"SkillPotion"}],"is_trial":false,"path_per_floor":["M","?","?","M","$","E","R","E","T","E","R","?","?","?","R","B",null,"M","?","M","M","M","R","E","R","T","?","M","?","$","M","R","B"],"character_chosen":"IRONCLAD","items_purchased":["True Grit","Spot Weakness","True Grit","Panacea"],"campfire_rested":1,"item_purchase_floors":[5,30,30,30],"current_hp_per_floor":[74,56,56,62,62,73,73,44,44,29,29,29,29,29,29,37,69,56,56,52,34,17,41,17,17,17,33,24,24,24,17,17,0],"gold":42,"neow_bonus":"THREE_ENEMY_KILL","is_prod":false,"is_daily":false,"chose_seed":false,"campfire_upgraded":5,"win_rate":0,"timestamp":1549309748,"path_taken":["M","?","?","?","$","E","R","E","T","E","R","?","?","?","R","BOSS","M","?","M","?","M","R","E","R","T","?","M","?","$","M","R","BOSS"],"build_version":"2019-01-23","purchased_purges":1,"victory":false,"max_hp_per_floor":[75,75,75,75,75,80,80,80,80,80,80,80,80,80,80,80,80,80,80,80,80,80,80,80,80,80,80,80,80,80,80,80,80],"card_choices":[{"not_picked":["Bloodletting","Twin Strike"],"picked":"Headbutt","floor":1.0},{"not_picked":["Iron Wave","Perfected Strike"],"picked":"Rampage","floor":4.0},{"not_picked":["Power Through","Impervious"],"picked":"Disarm","floor":6.0},{"not_picked":["Wild Strike","Intimidate","Flex"],"picked":"SKIP","floor":8.0},{"not_picked":["Warcry","Headbutt"],"picked":"Flame Barrier","floor":10.0},{"not_picked":["Berserk","Juggernaut"],"picked":"Fiend Fire+1","floor":16.0},{"not_picked":["Rage","Second Wind+1"],"picked":"Cleave+1","floor":18.0},{"not_picked":["Sword Boomerang+1","Cleave+1"],"picked":"Ghostly Armor","floor":20.0},{"not_picked":["Sword Boomerang+1","Bloodletting"],"picked":"Headbutt+1","floor":21.0},{"not_picked":["Wild Strike+1","Entrench+1","Thunderclap+1"],"picked":"SKIP","floor":22.0},{"not_picked":["Flex","Thunderclap+1"],"picked":"Bloodletting","floor":24.0},{"not_picked":["Fiend Fire+1","Heavy Blade+1"],"picked":"Shrug It Off","floor":28.0},{"not_picked":["Perfected Strike+1","Clash+1"],"picked":"Spot Weakness+1","floor":31.0}],"player_experience":298293,"relics_obtained":[{"floor":6.0,"key":"Vajra"},{"floor":8.0,"key":"Bottled Flame"},{"floor":9.0,"key":"Pantograph"},{"floor":10.0,"key":"Molten Egg 2"},{"floor":24.0,"key":"Whetstone"},{"floor":26.0,"key":"War Paint"}],"event_choices":[{"damage_healed":0.0,"max_hp_gain":0.0,"max_hp_loss":0.0,"gold_gain":0.0,"event_name":"Scrap Ooze","player_choice":"Success","floor":2.0,"gold_loss":0.0,"damage_taken":18.0,"relics_obtained":["Mummified Hand"]},{"cards_removed":["Strike_R"],"damage_healed":0.0,"max_hp_gain":0.0,"max_hp_loss":0.0,"gold_gain":0.0,"event_name":"Bonfire Elementals","player_choice":"Offered Basic","floor":3.0,"gold_loss":0.0,"damage_taken":0.0},{"cards_removed":["Strike_R"],"damage_healed":0.0,"max_hp_gain":0.0,"max_hp_loss":0.0,"gold_gain":0.0,"event_name":"The Cleric","player_choice":"Card Removal","floor":12.0,"gold_loss":75.0,"damage_taken":0.0},{"damage_healed":0.0,"max_hp_gain":0.0,"max_hp_loss":0.0,"gold_gain":0.0,"event_name":"Living Wall","player_choice":"Grow","floor":13.0,"gold_loss":0.0,"damage_taken":0.0,"cards_upgraded":["Disarm"]},{"damage_healed":0.0,"max_hp_gain":0.0,"max_hp_loss":0.0,"gold_gain":0.0,"event_name":"Lab","player_choice":"Got Potions","floor":14.0,"gold_loss":0.0,"damage_taken":0.0},{"damage_healed":0.0,"max_hp_gain":0.0,"max_hp_loss":0.0,"gold_gain":50.0,"event_name":"Golden Shrine","player_choice":"Pray","floor":19.0,"gold_loss":0.0,"damage_taken":0.0},{"damage_healed":16.0,"max_hp_gain":0.0,"max_hp_loss":0.0,"gold_gain":0.0,"event_name":"The Library","player_choice":"Heal","floor":27.0,"gold_loss":0.0,"damage_taken":0.0},{"damage_healed":0.0,"max_hp_gain":0.0,"max_hp_loss":0.0,"gold_gain":0.0,"event_name":"Back to Basics","player_choice":"Simplicity","floor":29.0,"gold_loss":0.0,"damage_taken":0.0,"cards_upgraded":["Strike_R","Strike_R","Defend_R","Defend_R","Defend_R","Defend_R"]}],"is_beta":false,"boss_relics":[{"not_picked":["Runic Cube","Pandora\u0027s Box"],"picked":"Black Blood"}],"items_purged_floors":[30],"is_endless":false,"potions_floor_spawned":[1,4,6,18,21,22,24],"killed_by":"Collector","ascension_level":15}