{"gold_per_floor":[109,129,148,160,177,177,202,202,281,281,231,231,263,263,263,263],"floor_reached":16,"playtime":561,"items_purged":[],"score":110,"play_id":"d0336d40-32e3-4e5e-8d9e-0a66033c7fbb","local_time":"20190428041451","is_ascension_mode":false,"campfire_choices":[{"data":"Spot Weakness","floor":6.0,"key":"SMITH"},{"data":"1","floor":10.0,"key":"LIFT"},{"floor":15.0,"key":"REST"}],"neow_cost":"NONE","seed_source_timestamp":62279190377877,"circlet_count":0,"master_deck":["Strike_R","Strike_R+1","Strike_R","Strike_R","Defend_R","Defend_R","Defend_R","Defend_R+1","Bash","Spot Weakness+1"],"special_seed":0,"relics":["Burning Blood","Bag of Marbles","Girya","Regal Pillow"],"potions_floor_usage":[],"damage_taken":[{"damage":1.0,"enemies":"Jaw Worm","floor":1.0,"turns":3.0},{"damage":0.0,"enemies":"Small Slimes","floor":2.0,"turns":3.0},{"damage":1.0,"enemies":"Cultist","floor":3.0,"turns":4.0},{"damage":8.0,"enemies":"2 Fungi Beasts","floor":4.0,"turns":4.0},{"damage":8.0,"enemies":"Red Slaver","floor":5.0,"turns":4.0},{"damage":25.0,"enemies":"3 Sentries","floor":7.0,"turns":9.0},{"damage":42.0,"enemies":"Lagavulin","floor":13.0,"turns":8.0},{"damage":62,"enemies":"Slime Boss","floor":16,"turns":9}],"seed_played":"-3795858685629270815","potions_obtained":[{"floor":1.0,"key":"BloodPotion"},{"floor":3.0,"key":"AttackPotion"},{"floor":5.0,"key":"Weak Potion"}],"is_trial":false,"path_per_floor":["M","M","M","M","M","R","E","?","T","R","?","?","E","?","R","B"],"character_chosen":"IRONCLAD","items_purchased":[],"campfire_rested":1,"item_purchase_floors":[],"current_hp_per_floor":[88,88,88,86,84,84,65,62,62,62,62,44,16,16,57,0],"gold":263,"neow_bonus":"TEN_PERCENT_HP_BONUS","is_prod":false,"is_daily":false,"chose_seed":false,"campfire_upgraded":1,"win_rate":0,"timestamp":1556450091,"path_taken":["M","M","M","M","M","R","E","?","T","R","?","?","E","?","R","BOSS"],"build_version":"2019-01-23","purchased_purges":0,"victory":false,"max_hp_per_floor":[88,88,88,88,88,88,88,88,88,88,88,88,88,88,88,88],"card_choices":[{"not_picked":["Fire Breathing","Cleave","Perfected Strike"],"picked":"SKIP","floor":1.0},{"not_picked":["Dual Wield","Searing Blow","Thunderclap"],"picked":"SKIP","floor":2.0},{"not_picked":["Sword Boomerang","Wild Strike"],"picked":"Spot Weakness","floor":3.0},{"not_picked":["Combust","Reckless Charge","Wild Strike"],"picked":"SKIP","floor":4.0},{"not_picked":["Warcry","Berserk","Thunderclap"],"picked":"SKIP","floor":5.0},{"not_picked":["Clash","Havoc","Barricade"],"picked":"SKIP","floor":7.0},{"not_picked":["Dark Embrace","Hemokinesis","Thunderclap"],"picked":"SKIP","floor":13.0}],"player_experience":1279335,"relics_obtained":[{"floor":7.0,"key":"Bag of Marbles"},{"floor":13.0,"key":"Regal Pillow"}],"event_choices":[{"damage_healed":0.0,"max_hp_gain":0.0,"max_hp_loss":0.0,"gold_gain":0.0,"event_name":"Scrap Ooze","player_choice":"Success","floor":8.0,"gold_loss":0.0,"damage_taken":3.0,"relics_obtained":["Girya"]},{"cards_removed":["Strike_R"],"damage_healed":0.0,"max_hp_gain":0.0,"max_hp_loss":0.0,"gold_gain":0.0,"event_name":"The Cleric","player_choice":"Card Removal","floor":11.0,"gold_loss":50.0,"damage_taken":0.0},{"damage_healed":0.0,"max_hp_gain":0.0,"max_hp_loss":0.0,"gold_gain":0.0,"event_name":"Shining Light","player_choice":"Entered Light","floor":12.0,"gold_loss":0.0,"damage_taken":18.0,"cards_upgraded":["Strike_R","Defend_R"]},{"damage_healed":0.0,"max_hp_gain":0.0,"max_hp_loss":0.0,"gold_gain":0.0,"event_name":"Match and Keep!","player_choice":"0 cards matched","floor":14.0,"gold_loss":0.0,"damage_taken":0.0,"cards_obtained":[]}],"is_beta":false,"boss_relics":[],"items_purged_floors":[],"is_endless":false,"potions_floor_spawned":[1,3,5],"killed_by":"Slime Boss","ascension_level":0}