{"gold_per_floor":[111,36,36,36,53,53,78,78,105,121,154,164,164,181,181,286,286,298,130,130,130,91,91,123,143,143,158,158,158,193,213,213,316,316,336,113,113,128,146,146,156,172,172,206,216,228,244,44,44,44],"floor_reached":51,"playtime":5514,"items_purged":["Strike_B","Defend_B","Steam","Strike_B"],"score":875,"play_id":"a34ffeeb-13a2-4f00-bc84-34306805ea7e","local_time":"20180731214038","is_ascension_mode":true,"campfire_choices":[{"data":"Zap","floor":6,"key":"SMITH"},{"data":"Hologram","floor":8,"key":"SMITH"},{"floor":15,"key":"REST"},{"data":"Scrape","floor":23,"key":"SMITH"},{"floor":29,"key":"REST"},{"floor":32,"key":"REST"},{"data":"Coolheaded","floor":40,"key":"SMITH"},{"floor":49,"key":"REST"}],"neow_cost":"","seed_source_timestamp":225260050543044,"circlet_count":0,"master_deck":["Defend_B","Defend_B","Zap+1","Dualcast+1","Gash","Hologram+1","Seek","Gash","Machine Learning","Conserve Battery+1","FTL","Scrape+1","Gash","Conserve Battery+1","Go for the Eyes","Beam Cell","Machine Learning","Flash of Steel","Coolheaded+1","Steam Power+1","Skim+1"],"relics":["Cracked Core","Bottled Flame","Bronze Scales","Omamori","Empty Cage","Enchiridion","Question Card","Shuriken","Art of War","Busted Crown","Bird Faced Urn","Matryoshka"],"potions_floor_usage":[11,11,11,14,16,18,18,24,25,33,35,50,50,50],"damage_taken":[{"damage":4,"enemies":"Jaw Worm","floor":1,"turns":3},{"damage":14,"enemies":"Small Slimes","floor":5,"turns":4},{"damage":37,"enemies":"Lagavulin","floor":7,"turns":8},{"damage":0,"enemies":"2 Louse","floor":10,"turns":2},{"damage":4,"enemies":"3 Sentries","floor":11,"turns":5},{"damage":0,"enemies":"2 Fungi Beasts","floor":12,"turns":2},{"damage":0,"enemies":"Large Slime","floor":14,"turns":3},{"damage":24,"enemies":"The Guardian","floor":16,"turns":8},{"damage":12,"enemies":"2 Thieves","floor":18,"turns":3},{"damage":18,"enemies":"Book of Stabbing","floor":24,"turns":4},{"damage":0,"enemies":"3 Byrds","floor":25,"turns":3},{"damage":5,"enemies":"Sentry and Sphere","floor":27,"turns":4},{"damage":1,"enemies":"Gremlin Leader","floor":30,"turns":5},{"damage":16,"enemies":"Slaver and Parasite","floor":31,"turns":3},{"damage":7,"enemies":"Champ","floor":33,"turns":7},{"damage":14,"enemies":"Orb Walker","floor":35,"turns":4},{"damage":1,"enemies":"Flame Bruiser 1 Orb","floor":38,"turns":4},{"damage":4,"enemies":"Transient","floor":39,"turns":5},{"damage":18,"enemies":"Maw","floor":41,"turns":5},{"damage":7,"enemies":"4 Shapes","floor":42,"turns":5},{"damage":21,"enemies":"Nemesis","floor":44,"turns":5},{"damage":11,"enemies":"Sphere and 2 Shapes","floor":45,"turns":3},{"damage":6,"enemies":"Maw","floor":46,"turns":5},{"damage":0,"enemies":"Flame Bruiser 2 Orb","floor":47,"turns":4},{"damage":0,"enemies":"Donu and Deca","floor":50,"turns":5}],"seed_played":"-2443338387843611805","potions_obtained":[{"floor":7,"key":"EntropicBrew"},{"floor":10,"key":"Weak Potion"},{"floor":11,"key":"Fire Potion"},{"floor":12,"key":"FearPotion"},{"floor":16,"key":"Strength Potion"},{"floor":20,"key":"Fire Potion"},{"floor":20,"key":"FairyPotion"},{"floor":20,"key":"SpeedPotion"},{"floor":25,"key":"Energy Potion"},{"floor":30,"key":"SpeedPotion"},{"floor":33,"key":"Block Potion"},{"floor":39,"key":"Strength Potion"},{"floor":41,"key":"Ancient Potion"},{"floor":44,"key":"Strength Potion"},{"floor":46,"key":"Weak Potion"}],"is_trial":false,"path_per_floor":["M","$","?","?","M","R","E","R","T","M","E","M","?","M","R","B",null,"M","$","?","?","$","R","E","M","T","M","?","R","E","M","R","B",null,"M","$","?","M","M","R","M","M","T","E","M","M","M","$","R","B"],"character_chosen":"DEFECT","items_purchased":["FTL","Scrape","Flash of Steel","Dexterity Potion"],"campfire_rested":4,"item_purchase_floors":[19,22,36,48],"current_hp_per_floor":[71,71,71,71,57,57,20,20,20,20,16,16,16,16,38,14,75,63,63,63,47,47,47,29,29,29,24,24,46,45,29,51,51,75,61,61,61,60,56,56,38,31,31,16,11,11,17,17,39,45],"gold":44,"neow_bonus":"","is_prod":false,"is_daily":false,"chose_seed":false,"campfire_upgraded":4,"win_rate":0,"timestamp":1533091238,"path_taken":["M","$","?","?","M","R","E","R","T","M","E","M","?","?","R","BOSS","M","$","?","?","$","R","E","?","T","?","?","R","E","M","R","BOSS","M","$","?","M","M","R","M","M","T","E","M","M","M","$","R","BOSS"],"build_version":"2018-07-26","purchased_purges":4,"victory":true,"max_hp_per_floor":[75,75,75,75,75,75,75,75,75,75,75,75,75,75,75,75,75,75,75,75,75,75,75,75,75,75,75,75,75,75,75,75,75,75,75,75,75,75,75,75,75,75,75,75,75,75,75,75,75,75],"card_choices":[{"not_picked":["Beam Cell","FTL"],"picked":"Gash","floor":1},{"not_picked":["Undo","Lockon"],"picked":"Hologram","floor":5},{"not_picked":["Tempest","Sweeping Beam"],"picked":"Seek","floor":7},{"not_picked":["Steam Power","Undo"],"picked":"Gash","floor":10},{"not_picked":["Turbo","Aggregate"],"picked":"Machine Learning","floor":11},{"not_picked":["Gash","Streamline","Turbo"],"picked":"SKIP","floor":12},{"not_picked":["Stack","Lockon"],"picked":"Steam","floor":14},{"not_picked":["Streamline+1","Sunder"],"picked":"Conserve Battery+1","floor":18},{"not_picked":["Ball Lightning+1","Rebound+1"],"picked":"Gash","floor":24},{"not_picked":["Fusion","Capacitor","Stack"],"picked":"Conserve Battery+1","floor":25},{"not_picked":["Hyperbeam","Rip and Tear","Lockon","Darkness+1"],"picked":"SKIP","floor":27},{"not_picked":["Leap","Chaos","Buffer"],"picked":"Beam Cell","floor":30},{"not_picked":["Sweeping Beam","Redo","Aggregate","Gash"],"picked":"SKIP","floor":31},{"not_picked":["Hyperbeam","Biased Cognition","Echo Form"],"picked":"Machine Learning","floor":33},{"not_picked":["BootSequence+1","Barrage"],"picked":"SKIP","floor":35},{"not_picked":["Sweeping Beam"],"picked":"Coolheaded","floor":38},{"not_picked":["Go for the Eyes","Chaos"],"picked":"SKIP","floor":39},{"not_picked":["Beam Cell","Streamline+1"],"picked":"SKIP","floor":41},{"not_picked":["Creative AI"],"picked":"Steam Power+1","floor":42},{"not_picked":["Darkness","Go for the Eyes"],"picked":"SKIP","floor":44},{"not_picked":["Coolheaded"],"picked":"Skim+1","floor":45},{"not_picked":["Redo+1","Conserve Battery"],"picked":"SKIP","floor":46},{"not_picked":["Force Field+1","Cold Snap+1"],"picked":"SKIP","floor":47}],"player_experience":303327,"relics_obtained":[{"floor":7,"key":"Bottled Flame"},{"floor":9,"key":"Bronze Scales"},{"floor":11,"key":"Omamori"},{"floor":21,"key":"Enchiridion"},{"floor":24,"key":"Question Card"},{"floor":26,"key":"Shuriken"},{"floor":30,"key":"Art of War"},{"floor":43,"key":"Bird Faced Urn"},{"floor":44,"key":"Matryoshka"}],"event_choices":[{"event_name":"Liars Game","player_choice":"disagreed","floor":3,"damage_taken":0},{"event_name":"The Cleric","player_choice":"Leave","floor":4,"damage_taken":0},{"event_name":"Living Wall","player_choice":"Grow","floor":13,"damage_taken":0},{"event_name":"The Lab","player_choice":"Got Potions","floor":20,"damage_taken":0},{"event_name":"Cursed Tome","player_choice":"Obtained Book","floor":21,"damage_taken":0},{"event_name":"The Library","player_choice":"Read","floor":28,"damage_taken":0},{"event_name":"Falling","player_choice":"Removed Skill","floor":37,"damage_taken":0}],"is_beta":false,"boss_relics":[{"not_picked":["Pandora\u0027s Box","Runic Dome"],"picked":"Empty Cage"},{"not_picked":["Velvet Choker","Philosopher\u0027s Stone"],"picked":"Busted Crown"}],"items_purged_floors":[2,19,36,48],"is_endless":false,"potions_floor_spawned":[7,10,11,12,16,25,30,33,39,41,44,46],"ascension_level":4}