{"gold_per_floor":[114,114,3,20,20,20,54,54,100,117,149,162,162,62,62,160,160,174,174,61,79,279,279,289,320,369,383,383,383,414,414],"floor_reached":31,"playtime":1589,"items_purged":["Strike_G","Strike_G","Defend_G"],"score":362,"play_id":"36fbfe52-de04-4d9b-a158-5b0855645de5","local_time":"20190421170831","is_ascension_mode":true,"campfire_choices":[{"data":"Footwork","floor":6,"key":"SMITH"},{"data":"Footwork","floor":8,"key":"SMITH"},{"floor":15,"key":"REST"},{"data":"Footwork","floor":23,"key":"SMITH"},{"floor":28,"key":"REST"}],"neow_cost":"NONE","seed_source_timestamp":943941728079559,"circlet_count":0,"master_deck":["Defend_G","Defend_G","Defend_G","Strike_G","Strike_G+1","Strike_G+1","Survivor","Neutralize","Footwork+1","Footwork+1","Backflip","Deadly Poison","Corpse Explosion","Footwork+1","Blur","Ghostly","Ghostly","Ghostly","Ghostly","Ghostly"],"relics":["Ring of the Snake","Whetstone","Bag of Preparation","Lantern","Pen Nib","MawBank","Bronze Scales","Ginger"],"potions_floor_usage":[16,16,31],"damage_taken":[{"damage":3,"enemies":"Jaw Worm","floor":1,"turns":5},{"damage":0,"enemies":"2 Louse","floor":4,"turns":2},{"damage":18,"enemies":"Lagavulin","floor":7,"turns":10},{"damage":1,"enemies":"Small Slimes","floor":10,"turns":4},{"damage":21,"enemies":"Gremlin Nob","floor":11,"turns":5},{"damage":2,"enemies":"Blue Slaver","floor":12,"turns":4},{"damage":11,"enemies":"The Guardian","floor":16,"turns":10},{"damage":4,"enemies":"Spheric Guardian","floor":18,"turns":5},{"damage":23,"enemies":"Chosen","floor":21,"turns":6},{"damage":5,"enemies":"Centurion and Healer","floor":24,"turns":8},{"damage":26,"enemies":"Book of Stabbing","floor":25,"turns":11},{"damage":4,"enemies":"Shelled Parasite and Fungi","floor":27,"turns":6},{"damage":21,"enemies":"Slavers","floor":30,"turns":7},{"damage":14,"enemies":"Sentry and Sphere","floor":31,"turns":5}],"seed_played":"3522177848569169203","potions_obtained":[{"floor":1,"key":"PowerPotion"},{"floor":7,"key":"LiquidBronze"},{"floor":12,"key":"LiquidBronze"},{"floor":18,"key":"SteroidPotion"},{"floor":30,"key":"SteroidPotion"}],"is_trial":false,"path_per_floor":["M","?","$","M","?","R","E","R","T","M","E","M","?","$","R","B",null,"M","?","$","M","?","R","M","E","T","M","R","?","E","M"],"character_chosen":"THE_SILENT","items_purchased":["Footwork"],"campfire_rested":2,"item_purchase_floors":[3],"current_hp_per_floor":[67,60,60,60,60,60,42,42,42,41,20,18,6,6,27,16,70,66,66,66,43,43,43,38,12,12,8,29,29,8,0],"gold":414,"neow_bonus":"RANDOM_COMMON_RELIC","is_prod":false,"is_daily":false,"chose_seed":false,"campfire_upgraded":3,"win_rate":0,"timestamp":1555880911,"path_taken":["M","?","$","M","?","R","E","R","T","M","E","M","?","$","R","BOSS","M","?","$","M","?","R","M","E","T","?","R","?","E","M"],"build_version":"2019-01-23","purchased_purges":3,"victory":false,"max_hp_per_floor":[70,70,70,70,70,70,70,70,70,70,70,70,70,70,70,70,70,70,70,70,70,70,70,70,70,70,70,70,35,35,35],"card_choices":[{"not_picked":["Dagger Throw","Skewer"],"picked":"Footwork","floor":1},{"not_picked":["Caltrops","Poisoned Stab","Dagger Spray"],"picked":"SKIP","floor":4},{"not_picked":["Poisoned Stab","Well Laid Plans"],"picked":"Backflip","floor":7},{"not_picked":["Eviscerate","Sucker Punch"],"picked":"Deadly Poison","floor":10},{"not_picked":["Underhanded Strike","Dagger Throw","Choke"],"picked":"SKIP","floor":11},{"not_picked":["Underhanded Strike","Expertise","Backflip"],"picked":"SKIP","floor":12},{"not_picked":["Envenom","Storm of Steel"],"picked":"Corpse Explosion","floor":16},{"not_picked":["Catalyst","Slice"],"picked":"Footwork","floor":18},{"not_picked":["Expertise","Poisoned Stab"],"picked":"Blur","floor":21},{"not_picked":["Quick Slash","Poisoned Stab","Underhanded Strike+1"],"picked":"SKIP","floor":24},{"not_picked":["Deflect+1","Dagger Throw","Quick Slash"],"picked":"SKIP","floor":25},{"not_picked":["PiercingWail","Acrobatics","Setup"],"picked":"SKIP","floor":27},{"not_picked":["Well Laid Plans","Envenom","Bane+1"],"picked":"SKIP","floor":30}],"player_experience":69556,"relics_obtained":[{"floor":7,"key":"Bag of Preparation"},{"floor":9,"key":"Lantern"},{"floor":11,"key":"Pen Nib"},{"floor":25,"key":"Bronze Scales"},{"floor":30,"key":"Ginger"}],"event_choices":[{"cards_removed":["Defend_G"],"damage_healed":0,"gold_gain":0,"player_choice":"Card Removal","damage_taken":7,"max_hp_gain":0,"max_hp_loss":0,"event_name":"Golden Wing","floor":2,"gold_loss":0},{"damage_healed":0,"gold_gain":0,"player_choice":"Leave","damage_taken":0,"max_hp_gain":0,"max_hp_loss":0,"event_name":"The Cleric","floor":5,"gold_loss":0},{"damage_healed":0,"gold_gain":0,"player_choice":"Fled","damage_taken":12,"max_hp_gain":0,"max_hp_loss":0,"event_name":"Scrap Ooze","floor":13,"gold_loss":0},{"damage_healed":0,"gold_gain":0,"player_choice":"Opened","damage_taken":0,"relics_obtained":["MawBank"],"max_hp_gain":0,"max_hp_loss":0,"event_name":"The Mausoleum","floor":19,"gold_loss":0},{"damage_healed":0,"gold_gain":250,"player_choice":"Bet on Owner","damage_taken":0,"max_hp_gain":0,"max_hp_loss":0,"event_name":"The Joust","floor":22,"gold_loss":50},{"damage_healed":0,"gold_gain":0,"player_choice":"Became a Ghost","damage_taken":0,"max_hp_gain":0,"max_hp_loss":35,"event_name":"Ghosts","floor":29,"gold_loss":0,"cards_obtained":["Ghostly","Ghostly","Ghostly","Ghostly","Ghostly"]}],"is_beta":false,"boss_relics":[{"not_picked":["Runic Dome","Astrolabe","Coffee Dripper"]}],"items_purged_floors":[3,14,20],"is_endless":false,"potions_floor_spawned":[1,7,12,18,30],"killed_by":"Sentry and Sphere","ascension_level":2}