{"gold_per_floor":[12,28,28,28,28,64,64,108,187,36,36,60,96,35,35,131,131,151,13,13,63,33,33,60,60,83,94,111,139,152,166,166,243,243,261,261,273,123,141,166,45,45,45,72,8,8,8,24,24,24,24],"floor_reached":52,"playtime":5481,"items_purged":["Strike_B","Strike_B"],"score":1978,"play_id":"8cc5d03d-0f42-484b-9126-f35c863b5cd0","local_time":"20190304215728","is_ascension_mode":true,"campfire_choices":[{"data":"Zap","floor":7.0,"key":"SMITH"},{"data":"Dualcast","floor":15.0,"key":"SMITH"},{"data":"Doom and Gloom","floor":23.0,"key":"SMITH"},{"data":"Streamline","floor":25.0,"key":"SMITH"},{"data":"Capacitor","floor":32.0,"key":"SMITH"},{"floor":42,"key":"REST"},{"data":"Capacitor","floor":46,"key":"SMITH"},{"data":"Capacitor","floor":49,"key":"SMITH"}],"neow_cost":"NO_GOLD","seed_source_timestamp":0,"circlet_count":0,"master_deck":["AscendersBane","Strike_B","Strike_B","Defend_B","Defend_B","Defend_B","Defend_B+1","Zap+1","Dualcast+1","FTL","Streamline+1","BootSequence","Hologram+1","Doom and Gloom+1","Melter","Hologram+1","Glacier+1","Multi-Cast+1","Glacier+1","Chill+1","Capacitor+1","Stack+1","Consume+1","Cold Snap","Coolheaded+1","Rainbow+1","Loop+1","Capacitor+1","Fusion+1","Discovery+1","Barrage+1","Capacitor+1"],"special_seed":0,"relics":["Cracked Core","Incense Burner","Bloody Idol","PreservedInsect","Torii","Toxic Egg 2","The Courier","Orichalcum","Velvet Choker","Thread and Needle","Bag of Preparation","Mummified Hand","Black Star","Mercury Hourglass","Gremlin Horn","DataDisk","Blood Vial","Juzu Bracelet"],"potions_floor_usage":[40,50,51],"damage_taken":[{"damage":2.0,"enemies":"Jaw Worm","floor":1.0,"turns":3.0},{"damage":7.0,"enemies":"Small Slimes","floor":2.0,"turns":3.0},{"damage":31.0,"enemies":"Gremlin Nob","floor":6.0,"turns":4.0},{"damage":1.0,"enemies":"3 Sentries","floor":8.0,"turns":6.0},{"damage":0.0,"enemies":"2 Louse","floor":12.0,"turns":6.0},{"damage":1.0,"enemies":"Gremlin Nob","floor":13.0,"turns":3.0},{"damage":16.0,"enemies":"The Guardian","floor":16.0,"turns":13.0},{"damage":1.0,"enemies":"Chosen","floor":18.0,"turns":5.0},{"damage":1.0,"enemies":"Slavers","floor":24.0,"turns":4.0},{"damage":0.0,"enemies":"Shell Parasite","floor":27.0,"turns":4.0},{"damage":0.0,"enemies":"Snake Plant","floor":28.0,"turns":5.0},{"damage":8.0,"enemies":"Book of Stabbing","floor":29.0,"turns":8.0},{"damage":0.0,"enemies":"Shelled Parasite and Fungi","floor":30.0,"turns":4.0},{"damage":0.0,"enemies":"Centurion and Healer","floor":31.0,"turns":7.0},{"damage":7.0,"enemies":"Champ","floor":33.0,"turns":11.0},{"damage":0,"enemies":"3 Shapes","floor":35,"turns":6},{"damage":11,"enemies":"3 Darklings","floor":37,"turns":6},{"damage":14,"enemies":"Jaw Worm Horde","floor":39,"turns":7},{"damage":15,"enemies":"Reptomancer","floor":40,"turns":11},{"damage":16,"enemies":"Giant Head","floor":44,"turns":9},{"damage":0,"enemies":"Writhing Mass","floor":48,"turns":5},{"damage":0,"enemies":"Time Eater","floor":50,"turns":13},{"damage":2,"enemies":"Donu and Deca","floor":51,"turns":19}],"seed_played":"-6568857362061211351","potions_obtained":[{"floor":1.0,"key":"EssenceOfSteel"},{"floor":6.0,"key":"Ancient Potion"},{"floor":13.0,"key":"Poison Potion"},{"floor":22.0,"key":"FocusPotion"},{"floor":24.0,"key":"SteroidPotion"},{"floor":27.0,"key":"Explosive Potion"},{"floor":29.0,"key":"SteroidPotion"}],"is_trial":false,"path_per_floor":["M","M","?","?","?","E","R","E","T","$","T","M","E","$","R","B",null,"M","$","?","?","?","R","E","R","T","M","M","E","M","M","R","B",null,"M","?","M","$","M","E","$","R","T","E","$","R","?","M","R","B","B",null],"character_chosen":"DEFECT","items_purchased":["Hologram+1","Doom and Gloom","PowerPotion","Glacier+1","Chill+1","SpeedPotion","Capacitor","Discovery+1","Swift Potion","Capacitor"],"campfire_rested":1,"item_purchase_floors":[10,10,10,14,19,19,38,41,41,45],"current_hp_per_floor":[62,55,55,55,55,24,24,23,23,23,23,23,22,22,22,6,50,49,49,49,54,54,54,58,58,63,64,64,61,64,64,64,62,64,64,64,58,58,49,39,39,58,58,47,47,47,47,54,54,56,56],"gold":24,"neow_bonus":"ONE_RARE_RELIC","is_prod":false,"is_daily":false,"chose_seed":false,"campfire_upgraded":7,"win_rate":0,"timestamp":1551758248,"path_taken":["M","M","?","?","?","E","R","E","T","?","?","M","E","$","R","BOSS","M","$","?","?","?","R","E","R","T","?","M","E","?","M","R","BOSS","M","?","M","$","?","E","$","R","T","E","?","R","?","M","R","BOSS","BOSS"],"build_version":"2019-01-23","purchased_purges":2,"victory":true,"max_hp_per_floor":[71,71,71,64,64,64,64,64,64,64,64,64,64,64,64,64,64,64,64,64,64,64,64,64,64,64,64,64,64,64,64,64,64,64,64,64,64,64,64,64,64,64,64,64,64,64,61,61,61,61,61],"card_choices":[{"not_picked":["Loop","Compile Driver"],"picked":"FTL","floor":1.0},{"not_picked":["Turbo","Lockon"],"picked":"Streamline","floor":2.0},{"not_picked":["FTL","Chill"],"picked":"BootSequence","floor":6.0},{"not_picked":["Thunder Strike","Barrage","Stack"],"picked":"SKIP","floor":8.0},{"not_picked":["Stack+1","Barrage"],"picked":"Melter","floor":12.0},{"not_picked":["Stack+1","Turbo+1"],"picked":"Hologram+1","floor":13.0},{"not_picked":["Machine Learning","Creative AI"],"picked":"Multi-Cast+1","floor":16.0},{"not_picked":["Skim+1","Rebound"],"picked":"Glacier+1","floor":18.0},{"not_picked":["Streamline+1","Turbo+1","Go for the Eyes+1"],"picked":"SKIP","floor":24.0},{"not_picked":["Rip and Tear+1","Blizzard"],"picked":"Capacitor","floor":27.0},{"not_picked":["Scrape","Chill+1"],"picked":"Stack+1","floor":28.0},{"not_picked":["Barrage","Reprogram+1"],"picked":"Consume+1","floor":29.0},{"not_picked":["Chill+1","Self Repair"],"picked":"Cold Snap","floor":30.0},{"not_picked":["Stack+1","Heatsinks"],"picked":"Coolheaded+1","floor":31.0},{"not_picked":["Fission+1","Thunder Strike"],"picked":"Rainbow+1","floor":33.0},{"not_picked":["Rebound+1","Auto Shields+1","Genetic Algorithm+1"],"picked":"SKIP","floor":35},{"not_picked":["Glacier+1","Reprogram+1"],"picked":"Loop+1","floor":37},{"not_picked":["Streamline+1","Beam Cell","Go for the Eyes"],"picked":"SKIP","floor":39},{"not_picked":["Streamline+1","Beam Cell","Go for the Eyes"],"picked":"SKIP","floor":39},{"not_picked":["Go for the Eyes","Machine Learning"],"picked":"Fusion+1","floor":40},{"not_picked":["Creative AI","Heatsinks"],"picked":"Barrage+1","floor":44},{"not_picked":["Cold Snap","Rebound","Double Energy+1"],"picked":"SKIP","floor":48}],"player_experience":607675,"relics_obtained":[{"floor":6.0,"key":"PreservedInsect"},{"floor":8.0,"key":"Torii"},{"floor":9.0,"key":"Toxic Egg 2"},{"floor":11.0,"key":"The Courier"},{"floor":13.0,"key":"Orichalcum"},{"floor":24.0,"key":"Thread and Needle"},{"floor":26.0,"key":"Bag of Preparation"},{"floor":29.0,"key":"Mummified Hand"},{"floor":40,"key":"Mercury Hourglass"},{"floor":40,"key":"Gremlin Horn"},{"floor":43,"key":"DataDisk"},{"floor":44,"key":"Blood Vial"},{"floor":44,"key":"Juzu Bracelet"}],"event_choices":[{"damage_healed":0.0,"max_hp_gain":0.0,"max_hp_loss":0.0,"gold_gain":0.0,"event_name":"The Cleric","player_choice":"Leave","floor":3.0,"gold_loss":0.0,"damage_taken":0.0},{"damage_healed":0.0,"max_hp_gain":0.0,"max_hp_loss":7.0,"gold_gain":0.0,"event_name":"Golden Idol","player_choice":"Lose Max HP","floor":4.0,"gold_loss":0.0,"damage_taken":0.0,"relics_obtained":["Golden Idol"]},{"damage_healed":0.0,"max_hp_gain":0.0,"max_hp_loss":0.0,"gold_gain":0.0,"event_name":"Liars Game","player_choice":"Ignored","floor":5.0,"gold_loss":0.0,"damage_taken":0.0},{"damage_healed":0.0,"max_hp_gain":0.0,"max_hp_loss":0.0,"gold_gain":0.0,"event_name":"Forgotten Altar","player_choice":"Gave Idol","floor":20.0,"relics_lost":["Golden Idol"],"gold_loss":0.0,"damage_taken":0.0,"relics_obtained":["Bloody Idol"]},{"damage_healed":0.0,"max_hp_gain":0.0,"max_hp_loss":0.0,"gold_gain":50.0,"event_name":"Nest","player_choice":"Stole From Cult","floor":21.0,"gold_loss":0.0,"damage_taken":0.0},{"damage_healed":0.0,"max_hp_gain":0.0,"max_hp_loss":0.0,"gold_gain":0.0,"event_name":"The Woman in Blue","player_choice":"Bought 2 Potions","floor":22.0,"gold_loss":0.0,"damage_taken":0.0},{"damage_healed":0,"gold_gain":0,"player_choice":"Forge","damage_taken":0,"max_hp_gain":0,"max_hp_loss":0,"event_name":"Accursed Blacksmith","floor":36,"gold_loss":0,"cards_upgraded":["Defend_B"]},{"damage_healed":0,"gold_gain":0,"player_choice":"Max HP","damage_taken":0,"max_hp_gain":0,"max_hp_loss":3,"event_name":"Winding Halls","floor":47,"gold_loss":0}],"is_beta":false,"boss_relics":[{"not_picked":["Empty Cage","Astrolabe"],"picked":"Velvet Choker"},{"not_picked":["Nuclear Battery","Calling Bell"],"picked":"Black Star"}],"items_purged_floors":[19,38],"is_endless":false,"potions_floor_spawned":[1,6,13,24,27,29,31,39,48],"ascension_level":20}