{"gold_per_floor":[113,113,131,149,159,159,184,214,263,263],"floor_reached":10,"playtime":259,"items_purged":[],"score":133,"play_id":"c2419b5c-ae4f-4ad8-871a-6d7014ed5464","local_time":"20190304155659","is_ascension_mode":true,"campfire_choices":[{"data":"Dualcast","floor":6.0,"key":"SMITH"}],"neow_cost":"NONE","seed_source_timestamp":25237706038132,"circlet_count":0,"master_deck":["AscendersBane","Strike_B","Strike_B","Strike_B","Defend_B","Defend_B","Defend_B","Defend_B","Zap+1","Dualcast+1","Ball Lightning","Defragment"],"special_seed":0,"relics":["Cracked Core","Bottled Lightning","Smiling Mask","Art of War"],"potions_floor_usage":[],"damage_taken":[{"damage":4.0,"enemies":"Jaw Worm","floor":1.0,"turns":3.0},{"damage":7.0,"enemies":"Small Slimes","floor":3.0,"turns":3.0},{"damage":1.0,"enemies":"Cultist","floor":4.0,"turns":3.0},{"damage":9.0,"enemies":"Red Slaver","floor":5.0,"turns":3.0},{"damage":32.0,"enemies":"Gremlin Nob","floor":7.0,"turns":4.0},{"damage":6,"enemies":"Blue Slaver","floor":10,"turns":3}],"seed_played":"-1413189840230713404","potions_obtained":[{"floor":3.0,"key":"Dexterity Potion"},{"floor":4.0,"key":"LiquidBronze"}],"is_trial":false,"path_per_floor":["M","?","M","M","M","R","E","?","T","M"],"character_chosen":"DEFECT","items_purchased":[],"campfire_rested":0,"item_purchase_floors":[],"current_hp_per_floor":[60,53,46,45,36,36,4,4,4,0],"gold":263,"neow_bonus":"UPGRADE_CARD","is_prod":false,"is_daily":false,"chose_seed":false,"campfire_upgraded":1,"win_rate":0,"timestamp":1551743819,"path_taken":["M","?","M","M","M","R","E","?","T","M"],"build_version":"2019-01-23","purchased_purges":0,"victory":false,"max_hp_per_floor":[71,71,71,71,71,71,71,71,71,71],"card_choices":[{"not_picked":["Stack","Storm"],"picked":"Ball Lightning","floor":1.0},{"not_picked":["Rebound","Compile Driver","Doom and Gloom"],"picked":"SKIP","floor":3.0},{"not_picked":["Aggregate","Thunder Strike","Stack"],"picked":"SKIP","floor":4.0},{"not_picked":["Rip and Tear","Stack","Beam Cell"],"picked":"SKIP","floor":5.0},{"not_picked":["Chill","BootSequence"],"picked":"Defragment","floor":7.0}],"player_experience":1242924,"relics_obtained":[{"floor":7.0,"key":"Bottled Lightning"},{"floor":9,"key":"Art of War"}],"event_choices":[{"cards_removed":["Strike_B"],"damage_healed":0.0,"max_hp_gain":0.0,"max_hp_loss":0.0,"gold_gain":0.0,"event_name":"Golden Wing","player_choice":"Card Removal","floor":2.0,"gold_loss":0.0,"damage_taken":7.0},{"damage_healed":0,"gold_gain":30,"player_choice":"Searched \u00272\u0027 times","damage_taken":0,"relics_obtained":["Smiling Mask"],"max_hp_gain":0,"max_hp_loss":0,"event_name":"Dead Adventurer","floor":8,"gold_loss":0}],"is_beta":false,"boss_relics":[],"items_purged_floors":[],"is_endless":false,"potions_floor_spawned":[3,4],"killed_by":"Blue Slaver","ascension_level":19}