{"path_per_floor":["M","?","M","$","M","R","E","R","T","E","$","T","$","M","R","B",null,"M","M","?"],"character_chosen":"THE_SILENT","items_purchased":["Finesse","Noxious Fumes","Orichalcum","Catalyst","Flash of Steel"],"gold_per_floor":[360,535,549,87,105,105,137,137,137,164,64,87,0,16,16,116,116,132,142,142],"floor_reached":21,"campfire_rested":1,"playtime":1542,"current_hp_per_floor":[59,59,59,59,57,57,50,50,50,43,43,43,43,36,54,32,63,33,15,4],"items_purged":["Doubt","Strike_G"],"gold":142,"score":196,"play_id":"e6cc88ba-6438-46c7-ab45-60a255daed12","is_prod":false,"is_daily":false,"is_ascension_mode":true,"campfire_upgraded":2,"path_taken":["M","?","M","$","M","R","E","R","T","E","?","?","$","M","R","BOSS","M","M","?","M"],"build_version":"2018-02-15-PROD1","purchased_purges":2,"victory":false,"master_deck":["Defend_G","Defend_G","Defend_G","Defend_G","Defend_G","Strike_G","Strike_G","Strike_G","Strike_G","Survivor","Neutralize","Poisoned Stab","Adrenaline","Finesse","Noxious Fumes+1","Catalyst+1","Malaise","Dash","Deadly Poison","Flash of Steel","Flying Knee","Burst","Writhe","Normality","Clumsy","Escape Plan","Malaise"],"max_hp_per_floor":[63,63,63,63,63,63,63,63,63,63,63,63,63,63,63,63,63,63,63,68],"relics":["Ring of the Snake","Orichalcum","Ginger","Frozen Eye","Oddly Smooth Stone","Lantern","Calling Bell","Anchor","Tingsha","Smiling Mask"],"card_choices":[{"not_picked":["Choke","Caltrops"],"picked":"Poisoned Stab"},{"not_picked":["Slice","Prepared"],"picked":"Adrenaline"},{"not_picked":["Backflip","Blade Dance"],"picked":"Malaise"},{"not_picked":["Deflect","Burst"],"picked":"Dash"},{"not_picked":["Underhanded Strike","Poisoned Stab"],"picked":"Deadly Poison"},{"not_picked":["Sucker Punch","Deflect"],"picked":"Flying Knee"},{"not_picked":["After Image","Wraith Form"],"picked":"Burst"},{"not_picked":["Footwork","Dodge and Roll"],"picked":"Escape Plan"},{"not_picked":["Sucker Punch","Dagger Spray"],"picked":"Malaise"}],"player_experience":90624,"potions_floor_usage":[16],"damage_taken":[{"damage":4,"enemies":"Cultist","floor":1,"turns":5},{"damage":0,"enemies":"2 Louse","floor":3,"turns":3},{"damage":2,"enemies":"Jaw Worm","floor":5,"turns":2},{"damage":7,"enemies":"Gremlin Nob","floor":7,"turns":5},{"damage":7,"enemies":"3 Sentries","floor":10,"turns":7},{"damage":7,"enemies":"Exordium Thugs","floor":14,"turns":5},{"damage":22,"enemies":"Slime Boss","floor":16,"turns":9},{"damage":30,"enemies":"Spheric Guardian","floor":18,"turns":6},{"damage":18,"enemies":"2 Thieves","floor":19,"turns":4},{"damage":6,"enemies":"3 Cultists","floor":21,"turns":3}],"event_choices":[{"event_name":"Liars Game","player_choice":"agreed","floor":2,"damage_taken":0},{"event_name":"Forgotten Altar","player_choice":"Shed Blood","floor":20,"damage_taken":0}],"boss_relics":[{"not_picked":["Astrolabe","Runic Dome"],"picked":"Calling Bell"}],"potions_floor_spawned":[7,14],"seed_played":"-9222454442409570492","killed_by":"3 Cultists","ascension_level":1,"is_trial":false}