{"path_per_floor":["M","?","?","M","?","R","M","R","T","R","$","R","E","?","R","B",null,"M","?","?","?","M","E","?","M","T","M","R","$","?","M","R"],"character_chosen":"THE_SILENT","items_purchased":["Footwork","Deflect","Regen Potion"],"gold_per_floor":[113,113,113,129,129,129,139,139,139,139,31,31,56,56,56,154,154,167,167,167,167,181,206,206,222,245,261,261,64,64,81,81],"floor_reached":33,"campfire_rested":3,"playtime":5584,"current_hp_per_floor":[69,69,69,69,57,57,57,57,64,64,64,64,48,48,71,55,77,76,60,60,60,51,28,28,10,10,10,33,33,33,35,58],"items_purged":["Strike_G","Defend_G"],"gold":81,"score":261,"play_id":"48f6e535-72b2-4429-b273-412970fec5ce","local_time":"20180309222427","is_prod":false,"is_daily":false,"is_ascension_mode":false,"campfire_upgraded":4,"timestamp":1520663067,"path_taken":["M","?","?","?","?","R","M","R","T","R","$","R","E","?","R","BOSS","M","?","?","?","M","E","?","M","T","M","R","$","?","M","R","BOSS"],"build_version":"2018-03-09","purchased_purges":3,"victory":false,"master_deck":["Defend_G","Defend_G","Defend_G","Survivor+1","Neutralize+1","Flying Knee","Poisoned Stab+1","Footwork+1","Poisoned Stab","Deadly Poison","Venomology","Quick Slash+1","Slice+1","Unload+1","All Out Attack","Malaise","Sucker Punch","Crippling Poison+1","Deflect","Dash"],"max_hp_per_floor":[70,70,70,70,70,70,70,70,77,77,77,77,77,77,77,77,77,77,77,77,77,77,77,77,77,77,77,77,77,77,77,77],"relics":["Ring of the Snake","Juzu Bracelet","Strawberry","Bronze Scales","Astrolabe","Nilry\u0027s Codex","Bottled Flame","Bag of Marbles"],"card_choices":[{"not_picked":["Dodge and Roll","Distraction"],"picked":"Flying Knee"},{"not_picked":["Skewer","Calculated Gamble"],"picked":"Underhanded Strike"},{"not_picked":["Acrobatics","Noxious Fumes"],"picked":"Poisoned Stab"},{"not_picked":["Deadly Poison","Acrobatics"],"picked":"Poisoned Stab"},{"not_picked":["A Thousand Cuts","Wraith Form"],"picked":"Venomology"},{"not_picked":["PiercingWail","Leg Sweep"],"picked":"All Out Attack"},{"not_picked":["Quick Slash","PiercingWail"],"picked":"Sucker Punch"},{"not_picked":["Infinite Blades","Outmaneuver"],"picked":"Crippling Poison"},{"not_picked":["Blur","Dagger Spray"],"picked":"Dash"}],"player_experience":71576,"potions_floor_usage":[13,22,23,23,23,27,27,31,31,33,33,33,33],"damage_taken":[{"damage":1,"enemies":"Jaw Worm","floor":1,"turns":4},{"damage":0,"enemies":"Cultist","floor":4,"turns":4},{"damage":0,"enemies":"2 Louse","floor":7,"turns":5},{"damage":16,"enemies":"3 Sentries","floor":13,"turns":9},{"damage":16,"enemies":"The Guardian","floor":16,"turns":10},{"damage":1,"enemies":"3 Byrds","floor":18,"turns":2},{"damage":9,"enemies":"2 Thieves","floor":22,"turns":5},{"damage":23,"enemies":"Slavers","floor":23,"turns":5},{"damage":18,"enemies":"Snake Plant","floor":25,"turns":4},{"damage":0,"enemies":"Snecko","floor":27,"turns":3},{"damage":7,"enemies":"3 Cultists","floor":31,"turns":4},{"damage":60,"enemies":"Collector","floor":33,"turns":8}],"event_choices":[{"event_name":"The Lab","player_choice":"Got Potions","floor":2,"damage_taken":0},{"event_name":"Purifier","player_choice":"One Purge","floor":3,"damage_taken":0},{"event_name":"Scrap Ooze","player_choice":"success","floor":5,"damage_taken":12},{"event_name":"Match and Keep!","player_choice":"1 cards matched","floor":14,"damage_taken":0},{"event_name":"Cursed Tome","player_choice":"Obtained Book","floor":19,"damage_taken":0},{"event_name":"The Library","player_choice":"Read","floor":20,"damage_taken":0},{"event_name":"Back to Basics","player_choice":"Elegance","floor":21,"damage_taken":0},{"event_name":"Wheel of Change","player_choice":"Card Removal","floor":24,"damage_taken":0},{"event_name":"Drug Dealer","player_choice":"Ignored","floor":30,"damage_taken":0}],"boss_relics":[{"not_picked":["The Specimen","Calling Bell"],"picked":"Astrolabe"}],"potions_floor_spawned":[4,7,18,22,25,27,31],"seed_played":"-3211196558544783119","killed_by":"Collector","ascension_level":0,"is_trial":false}