{"gold_per_floor":[210,210,160,21,36,36,46,46,46,61,61,61,92,103,103,199,199,214,174,187,187],"floor_reached":21,"playtime":1596,"items_purged":[],"score":285,"play_id":"817138ab-e3e1-45e4-af7e-e34047dd7bd4","local_time":"20190114164059","is_ascension_mode":true,"campfire_choices":[{"data":"Feed","floor":6,"key":"SMITH"},{"data":"True Grit","floor":8,"key":"SMITH"},{"data":"Dual Wield","floor":11,"key":"SMITH"},{"data":"Fire Breathing","floor":15,"key":"SMITH"}],"neow_cost":"NONE","seed_source_timestamp":22010254768378,"circlet_count":0,"master_deck":["Strike_R","Strike_R","Strike_R","Strike_R","Defend_R","Defend_R","Defend_R","Defend_R","Bash","Thunderclap","Feed+1","Inflame","True Grit+1","Dual Wield+1","Anger","Fire Breathing+1","Offering","Heavy Blade+1"],"relics":["Burning Blood","Regal Pillow","Bottled Flame","PreservedInsect","Mark of Pain"],"potions_floor_usage":[10,13,14,16,20,20,21,21],"damage_taken":[{"damage":6,"enemies":"Cultist","floor":1,"turns":3},{"damage":10,"enemies":"Small Slimes","floor":5,"turns":4},{"damage":3,"enemies":"2 Louse","floor":7,"turns":3},{"damage":8,"enemies":"Blue Slaver","floor":10,"turns":2},{"damage":18,"enemies":"Lagavulin","floor":13,"turns":8},{"damage":12,"enemies":"Lots of Slimes","floor":14,"turns":2},{"damage":52,"enemies":"Hexaghost","floor":16,"turns":7},{"damage":46,"enemies":"Chosen","floor":18,"turns":5},{"damage":6,"enemies":"Spheric Guardian","floor":20,"turns":3},{"damage":68,"enemies":"Shelled Parasite and Fungi","floor":21,"turns":4}],"seed_played":"-8160938186282885503","potions_obtained":[{"floor":5,"key":"AttackPotion"},{"floor":7,"key":"Poison Potion"},{"floor":10,"key":"Block Potion"},{"floor":14,"key":"PowerPotion"},{"floor":19,"key":"Regen Potion"},{"floor":19,"key":"Fire Potion"},{"floor":19,"key":"BloodPotion"},{"floor":20,"key":"Energy Potion"}],"is_trial":false,"path_per_floor":["M","T","?","$","M","R","M","R","T","M","R","?","E","M","R","B",null,"M","?","M","M"],"character_chosen":"IRONCLAD","items_purchased":["Feed"],"campfire_rested":0,"item_purchase_floors":[4],"current_hp_per_floor":[72,72,72,72,71,71,78,78,78,80,80,80,68,66,66,20,76,36,36,49,0],"gold":187,"neow_bonus":"HUNDRED_GOLD","is_prod":false,"is_daily":false,"chose_seed":false,"campfire_upgraded":4,"win_rate":0,"timestamp":1547505659,"path_taken":["M","?","?","$","M","R","M","R","T","M","R","?","E","M","R","BOSS","M","?","?","M"],"build_version":"2019-01-10","purchased_purges":0,"victory":false,"max_hp_per_floor":[80,80,80,80,83,83,87,87,87,91,91,91,91,95,95,95,95,95,95,99,99],"card_choices":[{"not_picked":["Perfected Strike","Sever Soul"],"picked":"Thunderclap","floor":1},{"not_picked":["Clothesline","Rage"],"picked":"Inflame","floor":5},{"not_picked":["Twin Strike","Anger"],"picked":"True Grit","floor":7},{"not_picked":["Rupture","Evolve"],"picked":"Dual Wield","floor":10},{"not_picked":["Feed","Cleave"],"picked":"Anger","floor":13},{"not_picked":["Disarm","True Grit"],"picked":"Fire Breathing","floor":14},{"not_picked":["Dark Embrace","Double Tap"],"picked":"Offering","floor":16},{"not_picked":["Cleave","Dropkick"],"picked":"Heavy Blade+1","floor":18},{"not_picked":["Heavy Blade","Sword Boomerang","Headbutt+1"],"picked":"SKIP","floor":20}],"player_experience":463608,"relics_obtained":[{"floor":2,"key":"Regal Pillow"},{"floor":9,"key":"Bottled Flame"},{"floor":13,"key":"PreservedInsect"}],"event_choices":[{"cards_removed":["Strike_R"],"damage_healed":0,"gold_gain":0,"player_choice":"Card Removal","damage_taken":0,"max_hp_gain":0,"max_hp_loss":0,"event_name":"The Cleric","floor":3,"gold_loss":50},{"damage_healed":0,"gold_gain":0,"player_choice":"Ignored","damage_taken":0,"max_hp_gain":0,"max_hp_loss":0,"event_name":"Liars Game","floor":12,"gold_loss":0},{"damage_healed":0,"gold_gain":0,"player_choice":"Bought 3 Potions","damage_taken":0,"max_hp_gain":0,"max_hp_loss":0,"event_name":"The Woman in Blue","floor":19,"gold_loss":0}],"is_beta":false,"boss_relics":[{"not_picked":["White Beast Statue","Ectoplasm"],"picked":"Mark of Pain"}],"items_purged_floors":[],"is_endless":false,"potions_floor_spawned":[5,7,10,14,20],"killed_by":"Shelled Parasite and Fungi","ascension_level":9}