{"gold_per_floor":[117,136,15,15,25,25,52,52,124,99,99,110,10,110,110,208,208,227,241,241,255,255,255,255,130,130,147,161,161,178,189,189,189],"floor_reached":33,"playtime":3085,"items_purged":["Strike_R","Regret","Strike_R"],"score":247,"play_id":"9dd8c354-50da-4d97-9719-e34e7c9e624d","local_time":"20181227235953","is_ascension_mode":false,"campfire_choices":[{"data":"True Grit","floor":6.0,"key":"SMITH"},{"data":"Headbutt","floor":8.0,"key":"SMITH"},{"data":"Clothesline","floor":11.0,"key":"SMITH"},{"data":"Feed","floor":15.0,"key":"SMITH"},{"data":"Infernal Blade","floor":23.0,"key":"SMITH"},{"data":"Shrug It Off","floor":29.0,"key":"SMITH"},{"floor":32.0,"key":"REST"}],"neow_cost":"NONE","seed_source_timestamp":0,"circlet_count":0,"master_deck":["Strike_R","Strike_R","Defend_R","Defend_R","Defend_R","Defend_R","Bash+1","True Grit+1","Headbutt+1","Heavy Blade","Sword Boomerang","Clothesline+1","Feed+1","Double Tap","Seeing Red","Infernal Blade+1","Pommel Strike","RitualDagger","Shrug It Off+1","Cleave","Metallicize+1"],"special_seed":0,"relics":["Burning Blood","Lantern","PreservedInsect","Self Forming Clay","Orrery","Dream Catcher"],"potions_floor_usage":[],"damage_taken":[{"damage":1.0,"enemies":"Cultist","floor":1.0,"turns":3.0},{"damage":4.0,"enemies":"2 Louse","floor":2.0,"turns":2.0},{"damage":0.0,"enemies":"Small Slimes","floor":5.0,"turns":2.0},{"damage":17.0,"enemies":"Gremlin Nob","floor":7.0,"turns":4.0},{"damage":15.0,"enemies":"Red Slaver","floor":12.0,"turns":2.0},{"damage":47.0,"enemies":"Slime Boss","floor":16.0,"turns":13.0},{"damage":10.0,"enemies":"3 Byrds","floor":18.0,"turns":7.0},{"damage":3.0,"enemies":"Chosen","floor":19.0,"turns":4.0},{"damage":22.0,"enemies":"Centurion and Healer","floor":21.0,"turns":5.0},{"damage":19.0,"enemies":"Snecko","floor":27.0,"turns":5.0},{"damage":21.0,"enemies":"Snake Plant","floor":28.0,"turns":5.0},{"damage":21.0,"enemies":"Cultist and Chosen","floor":30.0,"turns":5.0},{"damage":25.0,"enemies":"Centurion and Healer","floor":31.0,"turns":7.0},{"damage":59,"enemies":"Automaton","floor":33,"turns":6}],"seed_played":"2939573269782290151","potions_obtained":[{"floor":7.0,"key":"Strength Potion"},{"floor":16.0,"key":"Ancient Potion"},{"floor":18.0,"key":"Strength Potion"}],"is_trial":false,"path_per_floor":["M","M","$","?","M","R","E","R","T","$","R","M","$","?","R","B",null,"M","M","?","M","?","R","?","$","T","M","M","R","M","M","R","B"],"character_chosen":"IRONCLAD","items_purchased":["Heavy Blade","Clothesline"],"campfire_rested":1,"item_purchase_floors":[3,10],"current_hp_per_floor":[80,80,80,80,80,80,69,69,69,69,69,60,60,60,60,19,80,80,83,83,71,65,65,65,65,65,52,37,37,22,7,34,0],"gold":189,"neow_bonus":"UPGRADE_CARD","is_prod":false,"is_daily":false,"chose_seed":false,"campfire_upgraded":6,"win_rate":0.0,"timestamp":1545951593,"path_taken":["M","M","?","?","M","R","E","R","T","$","R","M","$","?","R","BOSS","M","M","?","M","?","R","?","$","T","M","M","R","?","M","R","BOSS"],"build_version":"2018-12-20","purchased_purges":3,"victory":false,"max_hp_per_floor":[80,80,80,80,80,80,80,80,80,80,80,80,80,80,80,80,80,84,84,84,88,88,88,88,88,88,88,88,88,88,92,92,92],"card_choices":[{"not_picked":["Sword Boomerang","Feel No Pain"],"picked":"True Grit","floor":1.0},{"not_picked":["Anger","Perfected Strike"],"picked":"Headbutt","floor":2.0},{"not_picked":["Thunderclap","Warcry"],"picked":"Sword Boomerang","floor":5.0},{"not_picked":["Burning Pact","Entrench","Fire Breathing"],"picked":"SKIP","floor":7.0},{"not_picked":["Disarm","Warcry"],"picked":"Feed","floor":12.0},{"not_picked":["Impervious","Offering"],"picked":"Double Tap","floor":16.0},{"not_picked":["Combust","Uppercut"],"picked":"Seeing Red","floor":17.0},{"not_picked":["Armaments","Anger"],"picked":"Infernal Blade","floor":17.0},{"not_picked":["Sword Boomerang","Thunderclap"],"picked":"Pommel Strike","floor":18.0},{"not_picked":["Second Wind","Pummel","Headbutt+1"],"picked":"SKIP","floor":19.0},{"not_picked":["Cleave","Thunderclap","Clothesline"],"picked":"SKIP","floor":21.0},{"not_picked":["Clothesline+1","Thunderclap+1"],"picked":"Shrug It Off","floor":27.0},{"not_picked":["Offering","Sever Soul","Headbutt"],"picked":"SKIP","floor":28.0},{"not_picked":["Battle Trance","Fire Breathing"],"picked":"Cleave","floor":30.0},{"not_picked":["Disarm","Twin Strike","Feel No Pain"],"picked":"SKIP","floor":31.0},{"not_picked":["Armaments","Pommel Strike"],"picked":"Metallicize+1","floor":32.0}],"player_experience":3550,"relics_obtained":[{"floor":7.0,"key":"PreservedInsect"},{"floor":9.0,"key":"Self Forming Clay"},{"floor":26.0,"key":"Dream Catcher"}],"event_choices":[{"damage_healed":0.0,"max_hp_gain":0.0,"max_hp_loss":0.0,"gold_gain":0.0,"event_name":"Big Fish","player_choice":"Box","floor":4.0,"gold_loss":0.0,"damage_taken":0.0,"relics_obtained":["Lantern"],"cards_obtained":["Regret"]},{"damage_healed":0.0,"max_hp_gain":0.0,"max_hp_loss":0.0,"gold_gain":100.0,"event_name":"Golden Shrine","player_choice":"Pray","floor":14.0,"gold_loss":0.0,"damage_taken":0.0},{"damage_healed":0.0,"max_hp_gain":0.0,"max_hp_loss":0.0,"gold_gain":0.0,"event_name":"Vampires","player_choice":"Ignored","floor":20.0,"gold_loss":0.0,"damage_taken":0.0},{"damage_healed":0.0,"max_hp_gain":0.0,"max_hp_loss":0.0,"gold_gain":0.0,"event_name":"Nest","player_choice":"Joined the Cult","floor":22.0,"gold_loss":0.0,"damage_taken":6.0,"cards_obtained":["RitualDagger"]},{"cards_removed":["Strike_R"],"damage_healed":0.0,"max_hp_gain":0.0,"max_hp_loss":0.0,"gold_gain":0.0,"event_name":"Back to Basics","player_choice":"Elegance","floor":24.0,"gold_loss":0.0,"damage_taken":0.0}],"is_beta":false,"boss_relics":[{"not_picked":["White Beast Statue","Astrolabe"],"picked":"Orrery"}],"items_purged_floors":[3,13,25],"is_endless":false,"potions_floor_spawned":[7,16,18],"killed_by":"Automaton","ascension_level":0}