{"gold_per_floor":[115,115,40,115,135,135,162,181,181,210,210,160,174,185,185,280,280,290,310,320,520,532,532,563,563,640,254,254,272,286,318,318,417,417,427,502,512,287,297,297,325,0,26,26,60,72,102,119,119,119],"floor_reached":51,"playtime":3398,"items_purged":["Strike_R","Defend_R"],"score":900,"play_id":"40510196-3cea-4830-90a1-670c64066155","local_time":"20190408151231","daily_mods":["Binary"],"is_ascension_mode":true,"campfire_choices":[{"data":"Bash","floor":6,"key":"SMITH"},{"data":"Defend_R","floor":11,"key":"SMITH"},{"data":"Defend_R","floor":15,"key":"SMITH"},{"data":"Defend_R","floor":23,"key":"SMITH"},{"data":"Evolve","floor":28,"key":"SMITH"},{"data":"Wild Strike","floor":32,"key":"SMITH"},{"data":"Metallicize","floor":40,"key":"SMITH"},{"floor":49,"key":"REST"}],"neow_cost":"","seed_source_timestamp":0,"circlet_count":0,"master_deck":["Strike_R+1","Strike_R+1","Defend_R+1","Defend_R+1","Defend_R+1","Bash+1","Evolve+1","Wild Strike+1","True Grit+1","Metallicize+1","Disarm+1","True Grit+1","Sword Boomerang+1"],"relics":["Burning Blood","Busted Crown","Lantern","Meat on the Bone","Self Forming Clay","Velvet Choker","Paper Frog","Toxic Egg 2","Mango","Ginger","White Beast Statue","Magic Flower","Pen Nib","Oddly Smooth Stone","The Courier","Ancient Tea Set"],"potions_floor_usage":[16,16,24,24,31,35,37,37,41,41,45,45,46,48,50,50],"damage_taken":[{"damage":8,"enemies":"Small Slimes","floor":1,"turns":3},{"damage":0,"enemies":"2 Louse","floor":5,"turns":2},{"damage":25,"enemies":"3 Sentries","floor":7,"turns":9},{"damage":0,"enemies":"Cultist","floor":8,"turns":3},{"damage":6,"enemies":"Gremlin Nob","floor":10,"turns":3},{"damage":0,"enemies":"2 Fungi Beasts","floor":13,"turns":2},{"damage":8,"enemies":"Lots of Slimes","floor":14,"turns":5},{"damage":45,"enemies":"Slime Boss","floor":16,"turns":15},{"damage":2,"enemies":"3 Byrds","floor":18,"turns":7},{"damage":8,"enemies":"Spheric Guardian","floor":19,"turns":5},{"damage":15,"enemies":"Snake Plant","floor":20,"turns":4},{"damage":6,"enemies":"Shelled Parasite and Fungi","floor":22,"turns":6},{"damage":5,"enemies":"Book of Stabbing","floor":24,"turns":5},{"damage":0,"enemies":"Cultist and Chosen","floor":29,"turns":5},{"damage":5,"enemies":"Snake Plant","floor":30,"turns":3},{"damage":3,"enemies":"Slavers","floor":31,"turns":5},{"damage":92,"enemies":"Automaton","floor":33,"turns":13},{"damage":0,"enemies":"3 Shapes","floor":35,"turns":4},{"damage":3,"enemies":"Orb Walker","floor":37,"turns":3},{"damage":4,"enemies":"4 Shapes","floor":39,"turns":9},{"damage":25,"enemies":"Giant Head","floor":41,"turns":9},{"damage":57,"enemies":"Reptomancer","floor":45,"turns":8},{"damage":20,"enemies":"Spire Growth","floor":46,"turns":5},{"damage":0,"enemies":"Nemesis","floor":47,"turns":5},{"damage":35,"enemies":"Sphere and 2 Shapes","floor":48,"turns":5},{"damage":49,"enemies":"Time Eater","floor":50,"turns":16}],"seed_played":"2281013345716502103","potions_obtained":[{"floor":10,"key":"Strength Potion"},{"floor":13,"key":"Energy Potion"},{"floor":14,"key":"Regen Potion"},{"floor":16,"key":"EssenceOfSteel"},{"floor":20,"key":"Strength Potion"},{"floor":22,"key":"Block Potion"},{"floor":24,"key":"Energy Potion"},{"floor":33,"key":"FearPotion"},{"floor":35,"key":"EssenceOfSteel"},{"floor":37,"key":"FearPotion"},{"floor":39,"key":"Poison Potion"},{"floor":41,"key":"FearPotion"},{"floor":45,"key":"Fire Potion"},{"floor":46,"key":"PowerPotion"},{"floor":47,"key":"Block Potion"},{"floor":48,"key":"Poison Potion"}],"is_trial":true,"path_per_floor":["M","?","$","?","M","R","E","M","T","E","R","?","M","M","R","B",null,"M","M","M","?","M","R","E","?","T","$","R","M","M","E","R","B",null,"M","?","M","$","M","R","E","$","T","?","E","M","E","M","R","B",null],"character_chosen":"IRONCLAD","items_purchased":["Wild Strike","Mango","Energy Potion","True Grit+1","Metallicize","Disarm+1","Pen Nib","True Grit+1","Sword Boomerang"],"campfire_rested":1,"item_purchase_floors":[27,27,27,38,38,42,42,42,42],"current_hp_per_floor":[78,62,62,51,57,57,38,44,44,56,56,56,62,60,60,48,80,80,78,69,69,69,69,70,70,70,84,84,90,91,94,94,20,94,94,85,88,88,90,90,71,71,71,71,41,48,57,49,77,55],"gold":119,"neow_bonus":"","is_prod":false,"is_daily":false,"chose_seed":false,"campfire_upgraded":7,"win_rate":0,"timestamp":1554754351,"path_taken":["M","?","$","?","M","R","E","M","T","E","R","?","M","M","R","BOSS","M","M","M","?","?","R","E","?","T","$","R","M","?","E","R","BOSS","M","?","?","$","M","R","E","$","T","?","E","M","E","M","R","BOSS"],"build_version":"2019-01-23","purchased_purges":2,"victory":true,"max_hp_per_floor":[80,80,80,80,80,80,80,80,80,80,80,80,80,80,80,80,80,80,80,80,80,80,80,80,80,80,94,94,94,94,94,94,94,94,94,94,94,94,94,94,94,94,94,94,94,94,94,94,94,94],"card_choices":[],"player_experience":712679,"relics_obtained":[{"floor":7,"key":"Lantern"},{"floor":9,"key":"Meat on the Bone"},{"floor":10,"key":"Self Forming Clay"},{"floor":24,"key":"Paper Frog"},{"floor":26,"key":"Toxic Egg 2"},{"floor":31,"key":"Ginger"},{"floor":41,"key":"Magic Flower"},{"floor":43,"key":"Oddly Smooth Stone"},{"floor":45,"key":"The Courier"},{"floor":47,"key":"Ancient Tea Set"}],"event_choices":[{"damage_healed":0,"gold_gain":0,"player_choice":"Entered Light","damage_taken":16,"max_hp_gain":0,"max_hp_loss":0,"event_name":"Shining Light","floor":2,"gold_loss":0,"cards_upgraded":["Strike_R","Strike_R"]},{"damage_healed":0,"gold_gain":75,"player_choice":"Gather Gold","damage_taken":11,"max_hp_gain":0,"max_hp_loss":0,"event_name":"World of Goop","floor":4,"gold_loss":0},{"cards_removed":["Strike_R"],"damage_healed":0,"gold_gain":0,"player_choice":"Card Removal","damage_taken":0,"max_hp_gain":0,"max_hp_loss":0,"event_name":"The Cleric","floor":12,"gold_loss":50},{"damage_healed":0,"gold_gain":200,"player_choice":"Gold","damage_taken":0,"max_hp_gain":0,"max_hp_loss":0,"event_name":"Wheel of Change","floor":21,"gold_loss":0},{"damage_healed":0,"gold_gain":0,"cards_transformed":["Strike_R"],"player_choice":"Transformed","damage_taken":0,"max_hp_gain":0,"max_hp_loss":0,"event_name":"Transmorgrifier","floor":25,"gold_loss":0,"cards_obtained":["Evolve"]},{"damage_healed":0,"gold_gain":75,"player_choice":"Touch","damage_taken":9,"max_hp_gain":0,"max_hp_loss":0,"event_name":"FaceTrader","floor":36,"gold_loss":0},{"damage_healed":0,"gold_gain":0,"player_choice":"Forge","damage_taken":0,"max_hp_gain":0,"max_hp_loss":0,"event_name":"Accursed Blacksmith","floor":44,"gold_loss":0,"cards_upgraded":["Sword Boomerang"]}],"is_beta":false,"boss_relics":[{"not_picked":["Black Blood","Eternal Feather"],"picked":"Velvet Choker"},{"not_picked":["Sozu","Coffee Dripper"],"picked":"White Beast Statue"}],"items_purged_floors":[3,38],"is_endless":false,"potions_floor_spawned":[10,13,14,16,20,22,24,33,35,37,39,41,45,46,47,48],"ascension_level":1}