{"path_per_floor":["M","M","$","M","?","R","M","R","T","M","M","R","E","?","R"],"character_chosen":"THE_SILENT","items_purchased":[],"gold_per_floor":[117,132,132,150,150,150,162,162,162,177,188,188,218,183,183,183],"floor_reached":16,"campfire_rested":2,"playtime":1176,"current_hp_per_floor":[63,63,63,63,63,63,53,53,53,43,40,61,5,22,43,0],"items_purged":[],"gold":183,"score":153,"play_id":"e2ab46c0-6144-404f-b997-84c26c3000a1","local_time":"20180522185755","is_prod":false,"is_daily":false,"chose_seed":false,"is_ascension_mode":true,"campfire_upgraded":2,"timestamp":1527040675,"campfire_choices":[{"data":"Choke","floor":6,"key":"SMITH"},{"data":"Survivor","floor":8,"key":"SMITH"},{"floor":12,"key":"REST"},{"floor":15,"key":"REST"}],"path_taken":["M","M","?","M","?","R","?","R","T","M","M","R","E","?","R","BOSS"],"build_version":"2018-05-17","seed_source_timestamp":412744458553838,"purchased_purges":0,"victory":false,"master_deck":["Defend_G","Defend_G","Defend_G","Defend_G","Defend_G","Strike_G","Strike_G","Strike_G","Strike_G","Survivor+1","Neutralize+1","AscendersBane","Choke+1","Underhanded Strike","Accuracy","Deflect","Slice","Sucker Punch"],"max_hp_per_floor":[70,70,70,70,70,70,70,70,70,70,70,70,70,70,70,70],"relics":["Ring of the Snake","Art of War","Dodecahedron"],"card_choices":[{"not_picked":["Masterful Stab","Setup"],"picked":"Choke","floor":1},{"not_picked":["Backflip","Blur"],"picked":"Underhanded Strike","floor":2},{"not_picked":["Noxious Fumes","Expertise","Acrobatics"],"picked":"SKIP","floor":4},{"not_picked":["Bane","Poisoned Stab","Phantasmal Killer"],"picked":"SKIP","floor":7},{"not_picked":["Acrobatics","Prepared"],"picked":"Deflect","floor":10},{"not_picked":["Poisoned Stab","Acrobatics"],"picked":"Slice","floor":11},{"not_picked":["Escape Plan","Burst"],"picked":"Sucker Punch","floor":13}],"player_experience":474814,"potions_floor_usage":[7,13,13],"damage_taken":[{"damage":0,"enemies":"Cultist","floor":1,"turns":4},{"damage":0,"enemies":"Small Slimes","floor":2,"turns":5},{"damage":0,"enemies":"2 Louse","floor":4,"turns":4},{"damage":10,"enemies":"Exordium Thugs","floor":7,"turns":5},{"damage":10,"enemies":"Large Slime","floor":10,"turns":8},{"damage":3,"enemies":"Blue Slaver","floor":11,"turns":5},{"damage":56,"enemies":"Gremlin Nob","floor":13,"turns":6},{"damage":46,"enemies":"Hexaghost","floor":16,"turns":11}],"relics_obtained":[{"floor":9,"key":"Art of War"},{"floor":13,"key":"Dodecahedron"}],"event_choices":[{"event_name":"Transmorgrifier","player_choice":"Transform","floor":5,"damage_taken":0},{"event_name":"The Cleric","player_choice":"Healed","floor":14,"damage_taken":0}],"boss_relics":[],"potions_floor_spawned":[1,7,11],"seed_played":"4331882075592565917","killed_by":"Hexaghost","ascension_level":10,"potions_obtained":[{"floor":1,"key":"SneckoOil"},{"floor":7,"key":"AttackPotion"},{"floor":11,"key":"Strength Potion"}],"is_trial":false}