{"gold_per_floor":[366,381,107,107,121,121,161,161,186,186,210,246,246,30,30,120,120,145,158,44,83,83,83,83,83,83,116,142,158,171,171,171,267,267,288,288,309,531,545,545,580,5,73,73,73,92,425,425,425,425],"floor_reached":51,"playtime":3562,"items_purged":["Strike_R","Strike_R","Strike_R"],"score":1346,"play_id":"cbb29b3e-696a-49b5-b356-1077456787e3","local_time":"20190402181357","is_ascension_mode":true,"campfire_choices":[{"data":"Bash","floor":6.0,"key":"SMITH"},{"data":"Inflame","floor":8.0,"key":"SMITH"},{"data":"Heavy Blade","floor":13.0,"key":"SMITH"},{"data":"Battle Trance","floor":15.0,"key":"SMITH"},{"floor":23.0,"key":"REST"},{"floor":25.0,"key":"REST"},{"data":"Double Tap","floor":32.0,"key":"SMITH"},{"floor":40.0,"key":"DIG"},{"floor":45.0,"key":"DIG"},{"floor":49.0,"key":"REST"}],"neow_cost":"TEN_PERCENT_HP_LOSS","seed_source_timestamp":9043449453056,"circlet_count":0,"master_deck":["AscendersBane","Strike_R","Strike_R","Defend_R","Defend_R","Defend_R","Defend_R","Bash+1","Rampage","Inflame+1","Armaments","Shockwave","Headbutt","Blood for Blood","Heavy Blade+1","Impervious","Battle Trance+1","Double Tap+1","Corruption","Combust","Spot Weakness","Whirlwind+1","Bloodletting","Shrug It Off","Brutality","Shame","Parasite","Clumsy","Anger","Writhe","Second Wind+1","Flame Barrier","Doubt"],"special_seed":0,"relics":["Burning Blood","PreservedInsect","Bag of Preparation","Blue Candle","Ornamental Fan","Philosopher\u0027s Stone","Red Mask","Bottled Lightning","Bottled Tornado","Art of War","Red Skull","Calling Bell","Ancient Tea Set","Pear","Shovel","Peace Pipe","Bag of Marbles","Juzu Bracelet","Sundial","Self Forming Clay","Centennial Puzzle"],"potions_floor_usage":[50],"damage_taken":[{"damage":6.0,"enemies":"2 Louse","floor":1.0,"turns":3.0},{"damage":2.0,"enemies":"Jaw Worm","floor":2.0,"turns":3.0},{"damage":4.0,"enemies":"Cultist","floor":5.0,"turns":3.0},{"damage":34.0,"enemies":"3 Sentries","floor":7.0,"turns":8.0},{"damage":7.0,"enemies":"Red Slaver","floor":11.0,"turns":3.0},{"damage":13.0,"enemies":"Gremlin Nob","floor":12.0,"turns":3.0},{"damage":9.0,"enemies":"The Guardian","floor":16.0,"turns":10.0},{"damage":21.0,"enemies":"2 Thieves","floor":18.0,"turns":3.0},{"damage":14.0,"enemies":"3 Byrds","floor":19.0,"turns":4.0},{"damage":25.0,"enemies":"Masked Bandits","floor":21.0,"turns":3.0},{"damage":17.0,"enemies":"Slavers","floor":27.0,"turns":3.0},{"damage":3.0,"enemies":"3 Cultists","floor":29.0,"turns":3.0},{"damage":8.0,"enemies":"Centurion and Healer","floor":30.0,"turns":5.0},{"damage":22.0,"enemies":"Collector","floor":33.0,"turns":6.0},{"damage":47.0,"enemies":"3 Darklings","floor":35.0,"turns":6.0},{"damage":16.0,"enemies":"3 Shapes","floor":37.0,"turns":5.0},{"damage":9.0,"enemies":"3 Darklings","floor":39.0,"turns":2.0},{"damage":14.0,"enemies":"Nemesis","floor":41.0,"turns":3.0},{"damage":34.0,"enemies":"Writhing Mass","floor":46.0,"turns":6.0},{"damage":62,"enemies":"Awakened One","floor":50,"turns":10}],"seed_played":"-790321780662168218","potions_obtained":[{"floor":1.0,"key":"Dexterity Potion"},{"floor":2.0,"key":"Poison Potion"},{"floor":12.0,"key":"Ancient Potion"},{"floor":21.0,"key":"BloodPotion"},{"floor":27.0,"key":"Energy Potion"},{"floor":35.0,"key":"SteroidPotion"},{"floor":41.0,"key":"SteroidPotion"}],"is_trial":false,"path_per_floor":["M","M","$","?","M","R","E","R","T","?","M","E","R","$","R","B",null,"M","M","$","?","$","R","T","R","T","E","T","M","M","?","R","B",null,"M","?","M","?","M","R","E","$","T","?","R","M","?","?","R","B",null],"character_chosen":"IRONCLAD","items_purchased":["Inflame","Armaments","Shockwave","Headbutt","Battle Trance","Strength Potion","Spot Weakness","Whirlwind","SkillPotion","Juzu Bracelet","Sundial"],"campfire_rested":3,"item_purchase_floors":[3,3,3,3,14,14,20,20,42,42,42],"current_hp_per_floor":[72,72,72,67,67,67,39,39,39,39,38,31,31,31,31,28,57,42,34,34,15,15,35,35,55,55,50,50,53,51,51,51,35,69,28,47,37,37,34,34,26,26,26,77,77,49,49,49,72,16],"gold":425,"neow_bonus":"TWO_FIFTY_GOLD","is_prod":false,"is_daily":false,"chose_seed":false,"campfire_upgraded":5,"win_rate":0,"timestamp":1554246837,"path_taken":["M","M","$","?","M","R","E","R","T","?","?","E","R","?","R","BOSS","M","M","?","?","$","R","?","R","T","E","?","?","M","?","R","BOSS","M","?","M","?","M","R","E","$","T","?","R","M","?","?","R","BOSS"],"build_version":"2019-01-23","purchased_purges":3,"victory":true,"max_hp_per_floor":[72,72,72,67,67,67,67,67,67,67,67,67,67,67,67,67,67,67,67,67,67,67,67,67,67,67,67,67,67,67,67,67,67,77,77,77,77,77,77,77,77,77,77,77,77,77,77,77,77,77],"card_choices":[{"not_picked":["Warcry","Rupture"],"picked":"Rampage","floor":1.0},{"not_picked":["Body Slam","Pummel","Battle Trance"],"picked":"SKIP","floor":2.0},{"not_picked":["Wild Strike","Clothesline","Thunderclap"],"picked":"SKIP","floor":5.0},{"not_picked":["Clothesline","Warcry"],"picked":"Blood for Blood","floor":7.0},{"not_picked":["Evolve","Shockwave"],"picked":"Heavy Blade","floor":11.0},{"not_picked":["Seeing Red","Clothesline"],"picked":"Impervious","floor":12.0},{"not_picked":["Dark Embrace","Feed"],"picked":"Double Tap","floor":16.0},{"not_picked":["Warcry","Pummel"],"picked":"Corruption","floor":18.0},{"not_picked":["Cleave","Heavy Blade"],"picked":"Combust","floor":19.0},{"not_picked":["Body Slam","True Grit","Clash"],"picked":"SKIP","floor":27.0},{"not_picked":["Whirlwind","Havoc","Battle Trance"],"picked":"SKIP","floor":29.0},{"not_picked":["Blood for Blood","Clothesline"],"picked":"Bloodletting","floor":30.0},{"not_picked":["Barricade","Berserk"],"picked":"Brutality","floor":33.0},{"not_picked":["Hemokinesis","Perfected Strike"],"picked":"Anger","floor":35.0},{"not_picked":["Wild Strike","Clothesline"],"picked":"Second Wind+1","floor":37.0},{"not_picked":["Fire Breathing","Cleave+1","Clothesline"],"picked":"SKIP","floor":39.0},{"not_picked":["Twin Strike+1","True Grit"],"picked":"Flame Barrier","floor":41.0},{"not_picked":["Fire Breathing+1","Wild Strike+1","Iron Wave"],"picked":"SKIP","floor":46.0}],"player_experience":667343,"relics_obtained":[{"floor":7.0,"key":"PreservedInsect"},{"floor":9.0,"key":"Bag of Preparation"},{"floor":12.0,"key":"Ornamental Fan"},{"floor":21.0,"key":"Red Mask"},{"floor":24.0,"key":"Bottled Lightning"},{"floor":26.0,"key":"Bottled Tornado"},{"floor":27.0,"key":"Art of War"},{"floor":28.0,"key":"Red Skull"},{"floor":34.0,"key":"Ancient Tea Set"},{"floor":34.0,"key":"Pear"},{"floor":34.0,"key":"Shovel"},{"floor":40.0,"key":"Peace Pipe"},{"floor":41.0,"key":"Bag of Marbles"},{"floor":43.0,"key":"Self Forming Clay"},{"floor":45.0,"key":"Centennial Puzzle"}],"event_choices":[{"damage_healed":0.0,"max_hp_gain":0.0,"max_hp_loss":5.0,"gold_gain":0.0,"event_name":"Golden Idol","player_choice":"Lose Max HP","floor":4.0,"gold_loss":0.0,"damage_taken":0.0,"relics_obtained":["Golden Idol"]},{"damage_healed":0.0,"max_hp_gain":0.0,"max_hp_loss":0.0,"gold_gain":0.0,"event_name":"WeMeetAgain","player_choice":"Gave Potion","floor":10.0,"gold_loss":0.0,"damage_taken":0.0,"relics_obtained":["Blue Candle"]},{"damage_healed":0.0,"max_hp_gain":0.0,"max_hp_loss":0.0,"gold_gain":0.0,"event_name":"Masked Bandits","player_choice":"Fought Bandits","floor":21.0,"gold_loss":0.0,"damage_taken":0.0},{"damage_healed":0.0,"max_hp_gain":0.0,"max_hp_loss":0.0,"gold_gain":0.0,"event_name":"The Library","player_choice":"Read","floor":31.0,"gold_loss":0.0,"damage_taken":0.0,"cards_obtained":["Shrug It Off"]},{"damage_healed":19.0,"max_hp_gain":0.0,"max_hp_loss":0.0,"gold_gain":0.0,"event_name":"Winding Halls","player_choice":"Writhe","floor":36.0,"gold_loss":0.0,"damage_taken":0.0,"cards_obtained":["Writhe"]},{"damage_healed":0.0,"max_hp_gain":0.0,"max_hp_loss":0.0,"gold_gain":222.0,"event_name":"Tomb of Lord Red Mask","player_choice":"Wore Mask","floor":38.0,"gold_loss":0.0,"damage_taken":0.0},{"damage_healed":51.0,"max_hp_gain":0.0,"max_hp_loss":0.0,"gold_gain":0.0,"event_name":"MindBloom","player_choice":"Heal","floor":44.0,"gold_loss":0.0,"damage_taken":0.0,"cards_obtained":["Doubt"]},{"damage_healed":0.0,"max_hp_gain":0.0,"max_hp_loss":0.0,"gold_gain":333.0,"event_name":"The Moai Head","player_choice":"Gave Idol","floor":47.0,"relics_lost":["Golden Idol"],"gold_loss":0.0,"damage_taken":0.0},{"damage_healed":0.0,"max_hp_gain":0.0,"max_hp_loss":0.0,"gold_gain":0.0,"event_name":"Upgrade Shrine","player_choice":"Upgraded","floor":48.0,"gold_loss":0.0,"damage_taken":0.0,"cards_upgraded":["Whirlwind"]}],"is_beta":false,"boss_relics":[{"not_picked":["Orrery","Lizard Tail"],"picked":"Philosopher\u0027s Stone"},{"not_picked":["Runic Dome","Velvet Choker"],"picked":"Calling Bell"}],"items_purged_floors":[3,14,42],"is_endless":false,"potions_floor_spawned":[1,2,12,19,21,27,29,35,41],"ascension_level":13}