{"gold_per_floor":[119,69,80,99,119,119,149,149,176,190,200,210,229,246,246,344,344,356,158,177,189,209,243,257,237,237,268,285,285,384,404,404,509,509,523,523,242,255,130,130,150,150,150,164,194,194,22,36,36,36],"floor_reached":51,"playtime":16180,"items_purged":["Strike_B","Strike_B","Strike_B","Strike_B"],"score":886,"play_id":"a336f142-813c-4324-ad56-ad2933253715","local_time":"20180716175705","is_ascension_mode":true,"campfire_choices":[{"data":"Zap","floor":6.0,"key":"SMITH"},{"floor":8.0,"key":"REST"},{"floor":15.0,"key":"REST"},{"floor":29.0,"key":"REST"},{"data":"Static Discharge","floor":32.0,"key":"SMITH"},{"data":"Static Discharge","floor":40,"key":"SMITH"},{"floor":46,"key":"REST"},{"floor":49,"key":"REST"}],"neow_cost":"NONE","seed_source_timestamp":0,"circlet_count":0,"master_deck":["Defend_B","Defend_B","Defend_B","Zap+1","Dualcast","Cold Snap","Thunder Strike","Go for the Eyes","Conserve Battery","BootSequence","Rainbow","Ball Lightning+1","Rainbow","Ball Lightning","Static Discharge+1","Static Discharge+1","Leap","Tempest+1","Static Discharge","Rainbow","Thunder Strike+1","Ball Lightning","Ball Lightning+1","Go for the Eyes","Conserve Battery+1"],"special_seed":0,"relics":["Cracked Core","Strawberry","Bronze Scales","Omamori","Velvet Choker","DataDisk","Pear","Bottled Lightning","Sozu","Whetstone","Blood Vial","Boot"],"potions_floor_usage":[50,50],"damage_taken":[{"damage":7.0,"enemies":"Jaw Worm","floor":1.0,"turns":3.0},{"damage":8.0,"enemies":"2 Louse","floor":3.0,"turns":2.0},{"damage":1.0,"enemies":"Cultist","floor":4.0,"turns":3.0},{"damage":34.0,"enemies":"Lots of Slimes","floor":5.0,"turns":4.0},{"damage":25.0,"enemies":"Lagavulin","floor":7.0,"turns":7.0},{"damage":4.0,"enemies":"Blue Slaver","floor":10.0,"turns":2.0},{"damage":13.0,"enemies":"Exordium Thugs","floor":11.0,"turns":5.0},{"damage":1.0,"enemies":"3 Louse","floor":12.0,"turns":2.0},{"damage":0.0,"enemies":"2 Fungi Beasts","floor":13.0,"turns":3.0},{"damage":0.0,"enemies":"Looter","floor":14.0,"turns":2.0},{"damage":0.0,"enemies":"Slime Boss","floor":16.0,"turns":4.0},{"damage":0.0,"enemies":"Chosen","floor":18.0,"turns":3.0},{"damage":8.0,"enemies":"Spheric Guardian","floor":20.0,"turns":3.0},{"damage":18.0,"enemies":"Snake Plant","floor":21.0,"turns":3.0},{"damage":6.0,"enemies":"Snecko","floor":22.0,"turns":4.0},{"damage":9.0,"enemies":"Book of Stabbing","floor":23.0,"turns":4.0},{"damage":4.0,"enemies":"Cultist and Chosen","floor":24.0,"turns":5.0},{"damage":19.0,"enemies":"Gremlin Leader","floor":27.0,"turns":4.0},{"damage":9.0,"enemies":"Snake Plant","floor":28.0,"turns":2.0},{"damage":2.0,"enemies":"Chosen and Byrds","floor":31.0,"turns":3.0},{"damage":31.0,"enemies":"Automaton","floor":33.0,"turns":6.0},{"damage":17,"enemies":"3 Darklings","floor":35,"turns":3},{"damage":14,"enemies":"Flame Bruiser 1 Orb","floor":38,"turns":3},{"damage":12,"enemies":"Spire Growth","floor":41,"turns":3},{"damage":9,"enemies":"Sphere and 2 Shapes","floor":44,"turns":3},{"damage":11,"enemies":"2 Orb Walkers","floor":45,"turns":3},{"damage":19,"enemies":"Transient","floor":48,"turns":5},{"damage":68,"enemies":"Awakened One","floor":50,"turns":6}],"seed_played":"5784364124504130096","potions_obtained":[{"floor":4.0,"key":"PowerPotion"},{"floor":5.0,"key":"Fire Potion"},{"floor":7.0,"key":"Regen Potion"},{"floor":12.0,"key":"PowerPotion"},{"floor":16.0,"key":"Fire Potion"},{"floor":20.0,"key":"Block Potion"},{"floor":24.0,"key":"FocusPotion"},{"floor":25.0,"key":"Explosive Potion"},{"floor":33.0,"key":"Swift Potion"}],"is_trial":false,"path_per_floor":["M","?","M","M","M","R","E","R","T","M","M","M","M","M","R","B",null,"M","$","M","M","M","E","M","?","T","E","M","R","?","M","R","B",null,"M","?","$","M","$","R","M","?","T","M","E","R","$","M","R","B"],"character_chosen":"DEFECT","items_purchased":["Ball Lightning","Static Discharge","Whetstone","Ball Lightning","Go for the Eyes"],"campfire_rested":5,"item_purchase_floors":[19,19,37,37,47],"current_hp_per_floor":[75,75,67,66,32,32,7,31,31,27,28,27,27,27,51,51,82,82,82,74,56,50,41,37,37,47,28,19,46,46,44,44,13,92,75,92,92,78,78,78,66,66,66,59,50,77,77,60,87,21],"gold":36,"neow_bonus":"RANDOM_COMMON_RELIC","is_prod":false,"is_daily":false,"chose_seed":false,"campfire_upgraded":3,"win_rate":0,"timestamp":1531789025,"path_taken":["M","?","M","M","M","R","E","R","T","?","M","M","M","M","R","BOSS","M","$","M","M","M","E","M","?","T","E","M","R","?","M","R","BOSS","M","?","$","M","$","R","M","?","T","M","E","R","$","M","R","BOSS"],"build_version":"2018-07-12","purchased_purges":4,"victory":true,"max_hp_per_floor":[82,82,82,82,82,82,82,82,82,82,82,82,82,82,82,82,82,82,82,82,82,82,82,82,82,92,92,92,92,92,92,92,92,92,92,92,92,92,92,92,92,92,92,92,92,92,92,92,92,92],"card_choices":[{"not_picked":["Compile Driver","Reprogram","Barrage"],"picked":"SKIP","floor":1.0},{"not_picked":["Compile Driver","Barrage","Fusion"],"picked":"SKIP","floor":3.0},{"not_picked":["Steam","Beam Cell"],"picked":"Cold Snap","floor":4.0},{"not_picked":["Reprogram","Streamline"],"picked":"Thunder Strike","floor":5.0},{"not_picked":["Chill","Double Energy"],"picked":"Go for the Eyes","floor":7.0},{"not_picked":["Streamline","Steam"],"picked":"Conserve Battery","floor":10.0},{"not_picked":["White Noise","Glacier"],"picked":"BootSequence","floor":11.0},{"not_picked":["Cold Snap","Genetic Algorithm"],"picked":"Rainbow","floor":12.0},{"not_picked":["Stack","Doom and Gloom","Streamline"],"picked":"SKIP","floor":13.0},{"not_picked":["Hologram","Rebound"],"picked":"Ball Lightning","floor":14.0},{"not_picked":["Buffer","All For One"],"picked":"Rainbow","floor":16.0},{"not_picked":["Reinforced Body+1","Cold Snap"],"picked":"Static Discharge","floor":18.0},{"not_picked":["Melter","Recycle","Hologram"],"picked":"SKIP","floor":20.0},{"not_picked":["White Noise","Go for the Eyes","Cold Snap"],"picked":"SKIP","floor":21.0},{"not_picked":["Hello World+1","Redo+1"],"picked":"Static Discharge+1","floor":22.0},{"not_picked":["Redo+1","Consume"],"picked":"Leap","floor":23.0},{"not_picked":["Beam Cell","Coolheaded"],"picked":"Tempest+1","floor":24.0},{"not_picked":["Steam+1","Doom and Gloom"],"picked":"Static Discharge","floor":27.0},{"not_picked":["Gash","Streamline+1","Compile Driver+1"],"picked":"SKIP","floor":28.0},{"not_picked":["Compile Driver","Go for the Eyes"],"picked":"Rainbow","floor":31.0},{"not_picked":["Fission","Machine Learning"],"picked":"Thunder Strike","floor":33.0},{"not_picked":["Turbo+1","Beam Cell","BootSequence"],"picked":"SKIP","floor":35},{"not_picked":["Blizzard+1","Consume","Double Energy"],"picked":"SKIP","floor":38},{"not_picked":["Steam Power","Blizzard","Steam+1"],"picked":"SKIP","floor":41},{"not_picked":["Barrage+1","Compile Driver+1","Steam+1"],"picked":"SKIP","floor":44},{"not_picked":["Double Energy","All For One"],"picked":"Ball Lightning+1","floor":45},{"not_picked":["Steam","Loop"],"picked":"Conserve Battery+1","floor":48}],"player_experience":611835,"relics_obtained":[{"floor":7.0,"key":"Bronze Scales"},{"floor":9.0,"key":"Omamori"},{"floor":23.0,"key":"DataDisk"},{"floor":26.0,"key":"Pear"},{"floor":27.0,"key":"Bottled Lightning"},{"floor":43,"key":"Blood Vial"},{"floor":45,"key":"Boot"}],"event_choices":[{"event_name":"The Cleric","player_choice":"Card Removal","floor":2.0,"damage_taken":0.0},{"event_name":"The Woman in Blue","player_choice":"Bought 1 Potion","floor":25.0,"damage_taken":0.0},{"event_name":"Nest","player_choice":"Stole From Cult","floor":30.0,"damage_taken":0.0},{"event_name":"Winding Halls","player_choice":"Writhe","floor":36,"damage_taken":0},{"event_name":"Falling","player_choice":"Removed Power","floor":42,"damage_taken":0}],"boss_relics":[{"not_picked":["Nuclear Battery","Snecko Eye"],"picked":"Velvet Choker"},{"not_picked":["Philosopher\u0027s Stone","Runic Dome"],"picked":"Sozu"}],"items_purged_floors":[19,37,39,47],"is_endless":false,"potions_floor_spawned":[4,5,7,12,14,16,20,24,27,31,33,41,44],"ascension_level":3}