{"gold_per_floor":[116,116,116,133,145,145,176,187,210,244,303,322,322,336,336,433,433,445,445,360,13,26,43,75,75,100,100,133,133,159,14,14,110,110,127,139,139,149,0,35,35,53,79,79,109,125,158,158,158,158],"floor_reached":51,"playtime":5289,"items_purged":["Defend_B+1"],"score":816,"play_id":"613e73ff-672f-459e-b275-e65a56c2c664","local_time":"20180803022719","is_ascension_mode":true,"campfire_choices":[{"data":"Zap","floor":6,"key":"SMITH"},{"floor":13,"key":"REST"},{"data":"Electrodynamics","floor":15,"key":"SMITH"},{"data":"Defragment","floor":25,"key":"SMITH"},{"floor":27,"key":"REST"},{"floor":32,"key":"REST"},{"floor":41,"key":"REST"},{"floor":44,"key":"REST"},{"floor":49,"key":"REST"}],"neow_cost":"NONE","seed_source_timestamp":1922708869071527,"circlet_count":0,"master_deck":["Strike_B+1","Strike_B+1","Strike_B+1","Defend_B+1","Defend_B+1","Defend_B+1","Zap+1","Dualcast","Hologram","Cold Snap","White Noise+1","Self Repair","Electrodynamics+1","Barrage","Undo","Glacier","Machine Learning","Coolheaded","Reboot","Defragment+1","Defragment","Fusion","FTL+1","Heatsinks","Creative AI","Heatsinks+1","Glacier+1","Conserve Battery","Doom and Gloom+1","Capacitor","Chill","Stack+1","Conserve Battery+1","White Noise+1","Stack+1","Chill+1","Conserve Battery","Double Energy+1","Magnetism","Apotheosis"],"relics":["Cracked Core","NeowsBlessing","Blood Vial","Omamori","Oddly Smooth Stone","Regal Pillow","Nuclear Battery","Gambling Chip","Lee\u0027s Waffle","Boot","Potion Belt","Juzu Bracelet","Bag of Preparation","Orrery","Red Mask","Prayer Wheel","War Paint","Bag of Marbles","Happy Flower"],"potions_floor_usage":[8,11,16,24,24,33,40,50],"damage_taken":[{"damage":0,"enemies":"Small Slimes","floor":1,"turns":1},{"damage":0,"enemies":"Cultist","floor":4,"turns":1},{"damage":0,"enemies":"Jaw Worm","floor":5,"turns":1},{"damage":21,"enemies":"Lagavulin","floor":7,"turns":6},{"damage":10,"enemies":"Gremlin Gang","floor":8,"turns":3},{"damage":29,"enemies":"Gremlin Nob","floor":10,"turns":4},{"damage":18,"enemies":"Lagavulin Event","floor":11,"turns":5},{"damage":4,"enemies":"Looter","floor":12,"turns":2},{"damage":7,"enemies":"Exordium Wildlife","floor":14,"turns":7},{"damage":8,"enemies":"Slime Boss","floor":16,"turns":10},{"damage":7,"enemies":"2 Thieves","floor":18,"turns":3},{"damage":0,"enemies":"Spheric Guardian","floor":22,"turns":3},{"damage":23,"enemies":"Snake Plant","floor":23,"turns":4},{"damage":45,"enemies":"Gremlin Leader","floor":24,"turns":7},{"damage":31,"enemies":"Book of Stabbing","floor":28,"turns":8},{"damage":22,"enemies":"Gremlin Leader","floor":30,"turns":6},{"damage":74,"enemies":"Champ","floor":33,"turns":15},{"damage":20,"enemies":"Flame Bruiser 1 Orb","floor":35,"turns":5},{"damage":22,"enemies":"3 Darklings","floor":36,"turns":3},{"damage":6,"enemies":"Maw","floor":38,"turns":12},{"damage":51,"enemies":"2 Orb Walkers","floor":40,"turns":7},{"damage":24,"enemies":"Transient","floor":42,"turns":5},{"damage":20,"enemies":"Giant Head","floor":45,"turns":11},{"damage":0,"enemies":"Sphere and 2 Shapes","floor":46,"turns":8},{"damage":11,"enemies":"Nemesis","floor":47,"turns":10},{"damage":38,"enemies":"Awakened One","floor":50,"turns":12}],"seed_played":"2492397280926115660","potions_obtained":[{"floor":1,"key":"Fire Potion"},{"floor":4,"key":"Explosive Potion"},{"floor":10,"key":"Poison Potion"},{"floor":14,"key":"Block Potion"},{"floor":16,"key":"SteroidPotion"},{"floor":22,"key":"LiquidBronze"},{"floor":38,"key":"Dexterity Potion"},{"floor":42,"key":"Energy Potion"},{"floor":46,"key":"FearPotion"}],"is_trial":false,"path_per_floor":["M","?","$","M","M","R","E","M","T","E","?","M","R","M","R","B",null,"M","?","?","$","M","M","E","R","T","R","E","?","E","$","R","B",null,"M","M","$","M","?","E","R","M","T","R","E","M","E","?","R","B"],"character_chosen":"DEFECT","items_purchased":["Reboot","Lee\u0027s Waffle","Heatsinks"],"campfire_rested":6,"item_purchase_floors":[21,21,31],"current_hp_per_floor":[75,75,75,75,75,75,54,53,53,33,24,29,66,68,68,69,75,68,68,68,82,82,73,37,37,37,76,54,54,41,41,80,15,82,69,49,49,52,52,10,49,34,34,73,62,71,69,59,82,54],"gold":158,"neow_bonus":"THREE_ENEMY_KILL","is_prod":false,"is_daily":false,"chose_seed":false,"campfire_upgraded":3,"win_rate":0,"timestamp":1533256039,"path_taken":["M","?","$","M","?","R","E","M","T","E","?","M","R","?","R","BOSS","M","?","?","?","M","M","E","R","T","R","E","?","E","$","R","BOSS","M","M","$","M","?","E","R","M","T","R","E","M","E","?","R","BOSS"],"build_version":"2018-07-26","purchased_purges":1,"victory":true,"max_hp_per_floor":[75,75,75,75,75,75,75,75,75,75,75,75,75,75,75,75,75,75,75,75,82,82,82,82,82,82,82,82,82,82,82,82,82,82,82,82,82,82,82,82,82,82,82,82,82,82,82,82,82,82],"card_choices":[{"not_picked":["Tempest","Steam"],"picked":"Hologram","floor":1},{"not_picked":["Gash","Rip and Tear"],"picked":"Cold Snap","floor":4},{"not_picked":["Rip and Tear","Steam"],"picked":"White Noise","floor":5},{"not_picked":["Barrage","White Noise"],"picked":"Self Repair","floor":7},{"not_picked":["Hello World","Rip and Tear"],"picked":"Electrodynamics","floor":8},{"not_picked":["Go for the Eyes","Storm"],"picked":"Barrage","floor":10},{"not_picked":["Sweeping Beam","Steam Power"],"picked":"Undo","floor":11},{"not_picked":["Cold Snap","Stack"],"picked":"Glacier","floor":12},{"not_picked":["Go for the Eyes","Barrage","Streamline"],"picked":"SKIP","floor":14},{"not_picked":["Echo Form","Biased Cognition"],"picked":"Machine Learning","floor":16},{"not_picked":["Steam","Blizzard+1"],"picked":"Coolheaded","floor":18},{"not_picked":["Go for the Eyes+1","Steam Power","Streamline"],"picked":"SKIP","floor":22},{"not_picked":["Darkness","Stack"],"picked":"Defragment","floor":23},{"not_picked":["Hello World","Cold Snap"],"picked":"Defragment","floor":24},{"not_picked":["Beam Cell+1","Hologram"],"picked":"Fusion","floor":28},{"not_picked":["Thunder Strike","Amplify"],"picked":"FTL+1","floor":30},{"not_picked":["Electrodynamics","Multi-Cast"],"picked":"Creative AI","floor":33},{"not_picked":["Rebound","Double Energy"],"picked":"Heatsinks+1","floor":34},{"not_picked":["Hologram","Leap+1"],"picked":"Glacier","floor":34},{"not_picked":["Gash","Barrage"],"picked":"Conserve Battery","floor":34},{"not_picked":["Sweeping Beam","Coolheaded+1"],"picked":"Doom and Gloom+1","floor":34},{"not_picked":["Rip and Tear","Gash"],"picked":"Capacitor","floor":35},{"not_picked":["Sunder+1","Redo+1"],"picked":"Chill","floor":36},{"not_picked":["Steam+1","Ball Lightning+1"],"picked":"Stack+1","floor":38},{"not_picked":["Heatsinks+1","Redo+1"],"picked":"Conserve Battery+1","floor":40},{"not_picked":["Stack","Skim+1"],"picked":"White Noise+1","floor":42},{"not_picked":["Meteor Strike","Compile Driver+1","Sweeping Beam+1"],"picked":"SKIP","floor":42},{"not_picked":["Beam Cell","Gash"],"picked":"Stack+1","floor":45},{"not_picked":["Darkness+1","Barrage+1"],"picked":"Chill+1","floor":46},{"not_picked":["Redo","Turbo"],"picked":"Conserve Battery","floor":46},{"not_picked":["Rebound+1","Electrodynamics"],"picked":"Double Energy+1","floor":47},{"not_picked":["Secret Weapon","Transmutation"],"picked":"Magnetism","floor":48},{"not_picked":["Deep Breath","Trip"],"picked":"Apotheosis","floor":48}],"player_experience":77081,"relics_obtained":[{"floor":7,"key":"Blood Vial"},{"floor":9,"key":"Omamori"},{"floor":10,"key":"Oddly Smooth Stone"},{"floor":11,"key":"Regal Pillow"},{"floor":24,"key":"Boot"},{"floor":26,"key":"Potion Belt"},{"floor":28,"key":"Juzu Bracelet"},{"floor":30,"key":"Bag of Preparation"},{"floor":40,"key":"Prayer Wheel"},{"floor":43,"key":"War Paint"},{"floor":45,"key":"Bag of Marbles"},{"floor":47,"key":"Happy Flower"}],"event_choices":[{"event_name":"Purifier","player_choice":"One Purge","floor":2,"damage_taken":0},{"event_name":"Dead Adventurer","player_choice":"Searched \u00272\u0027 times","floor":11,"damage_taken":0},{"event_name":"Back to Basics","player_choice":"Simplicity","floor":19,"damage_taken":0},{"event_name":"Addict","player_choice":"Obtained Relic","floor":20,"damage_taken":0},{"event_name":"Ghosts","player_choice":"Ignored","floor":29,"damage_taken":0},{"event_name":"Tomb of Lord Red Mask","player_choice":"Paid","floor":39,"damage_taken":0},{"event_name":"SensoryStone","player_choice":"Memory 3","floor":48,"damage_taken":0}],"is_beta":false,"boss_relics":[{"not_picked":["Runic Dome","Astrolabe"],"picked":"Nuclear Battery"},{"not_picked":["FrozenCore","Eternal Feather"],"picked":"Orrery"}],"items_purged_floors":[31],"is_endless":false,"potions_floor_spawned":[1,4,10,14,16,22,23,38,42,46],"ascension_level":1}