{"gold_per_floor":[115,126,144,160,177,202,202,217,217,217,217,231,243,262,262,366,366,379,0,0,13,31,31,60,78,78,113,133,162,162,176,176,274,274,292,310,328,346,346,346,346,395,395,395,412,429,429,429,429,429],"floor_reached":51,"playtime":2691,"items_purged":[],"score":867,"play_id":"01e0e6dc-a10e-4f27-87fa-510b7704dbb8","local_time":"20181002114859","is_ascension_mode":false,"campfire_choices":[{"data":"Zap","floor":10.0,"key":"SMITH"},{"data":"White Noise","floor":15.0,"key":"SMITH"},{"data":"Buffer","floor":23.0,"key":"SMITH"},{"floor":30.0,"key":"REST"},{"data":"Go for the Eyes","floor":32.0,"key":"SMITH"},{"floor":40.0,"key":"REST"},{"data":"Ball Lightning","floor":44.0,"key":"SMITH"},{"data":"Thunder Strike","floor":47.0,"key":"SMITH"},{"data":"Bandage Up","floor":49.0,"key":"SMITH"}],"neow_cost":"NONE","seed_source_timestamp":0,"circlet_count":0,"master_deck":["Strike_B+1","Strike_B+1","Strike_B+1","Strike_B+1","Defend_B+1","Defend_B+1","Defend_B+1","Defend_B+1","Zap+1","Dualcast+1","Buffer+1","White Noise+1","Conserve Battery+1","Electrodynamics+1","Parasite","FTL+1","Coolheaded+1","Echo Form+1","Ball Lightning+1","Core Surge+1","Leap+1","Go for the Eyes+1","Shame","Chill+1","Ball Lightning+1","Auto Shields+1","Doubt","Loop+1","Coolheaded+1","Cold Snap+1","Leap+1","Conserve Battery+1","FTL+1","Ball Lightning+1","Writhe","Cold Snap+1","Thunder Strike+1","Bandage Up+1"],"special_seed":0,"relics":["Cracked Core","Orichalcum","Dead Branch","Cursed Key","Thread and Needle","Art of War","Bottled Tornado","Regal Pillow","Pocketwatch","Bronze Scales","Inserter","Mark of the Bloom","Calipers","Happy Flower"],"potions_floor_usage":[50,50,50],"damage_taken":[{"damage":0.0,"enemies":"2 Louse","floor":1.0,"turns":2.0},{"damage":10.0,"enemies":"Small Slimes","floor":2.0,"turns":3.0},{"damage":2.0,"enemies":"Cultist","floor":3.0,"turns":4.0},{"damage":20.0,"enemies":"Exordium Wildlife","floor":4.0,"turns":6.0},{"damage":7.0,"enemies":"Gremlin Gang","floor":5.0,"turns":3.0},{"damage":31.0,"enemies":"3 Sentries","floor":6.0,"turns":12.0},{"damage":0.0,"enemies":"Large Slime","floor":8.0,"turns":4.0},{"damage":5.0,"enemies":"Exordium Wildlife","floor":12.0,"turns":3.0},{"damage":0.0,"enemies":"Blue Slaver","floor":13.0,"turns":4.0},{"damage":0.0,"enemies":"Large Slime","floor":14.0,"turns":4.0},{"damage":14.0,"enemies":"The Guardian","floor":16.0,"turns":10.0},{"damage":0.0,"enemies":"Spheric Guardian","floor":18.0,"turns":3.0},{"damage":6.0,"enemies":"2 Thieves","floor":21.0,"turns":3.0},{"damage":11.0,"enemies":"3 Cultists","floor":22.0,"turns":4.0},{"damage":5.0,"enemies":"Slavers","floor":24.0,"turns":3.0},{"damage":0.0,"enemies":"Snake Plant","floor":25.0,"turns":6.0},{"damage":0.0,"enemies":"Gremlin Leader","floor":27.0,"turns":7.0},{"damage":18.0,"enemies":"Centurion and Healer","floor":28.0,"turns":3.0},{"damage":15.0,"enemies":"Slavers","floor":29.0,"turns":4.0},{"damage":0.0,"enemies":"3 Cultists","floor":31.0,"turns":4.0},{"damage":0.0,"enemies":"Champ","floor":33.0,"turns":12.0},{"damage":1.0,"enemies":"Orb Walker","floor":35.0,"turns":4.0},{"damage":0.0,"enemies":"3 Shapes","floor":36.0,"turns":5.0},{"damage":9.0,"enemies":"Transient","floor":37.0,"turns":5.0},{"damage":7.0,"enemies":"3 Darklings","floor":38.0,"turns":3.0},{"damage":13.0,"enemies":"Mysterious Sphere","floor":42.0,"turns":4.0},{"damage":8.0,"enemies":"Maw","floor":45.0,"turns":7.0},{"damage":4.0,"enemies":"Spire Growth","floor":46.0,"turns":5.0},{"damage":0,"enemies":"Donu and Deca","floor":50,"turns":9}],"seed_played":"1600289192206337081","potions_obtained":[{"floor":1.0,"key":"Explosive Potion"},{"floor":2.0,"key":"Ancient Potion"},{"floor":4.0,"key":"EssenceOfSteel"},{"floor":5.0,"key":"SneckoOil"},{"floor":8.0,"key":"Dexterity Potion"},{"floor":14.0,"key":"Fire Potion"},{"floor":24.0,"key":"Weak Potion"},{"floor":25.0,"key":"SkillPotion"},{"floor":31.0,"key":"Dexterity Potion"},{"floor":36.0,"key":"Dexterity Potion"},{"floor":37.0,"key":"Ancient Potion"},{"floor":46.0,"key":"Poison Potion"}],"is_trial":false,"path_per_floor":["M","M","M","M","M","E","?","M","T","R","?","M","M","M","R","B",null,"M","$","?","M","M","R","E","M","T","E","M","E","R","M","R","B",null,"M","M","M","M","?","R","?","?","T","R","M","M","R","?","R","B"],"character_chosen":"DEFECT","items_purchased":["Thread and Needle","Leap","Go for the Eyes"],"campfire_rested":2,"item_purchase_floors":[19,19,19],"current_hp_per_floor":[75,65,63,43,36,12,30,30,30,30,30,25,25,25,25,11,75,75,75,75,69,58,58,53,53,53,53,35,20,57,57,57,57,75,74,74,65,58,58,58,58,45,45,45,37,33,33,33,33,33],"gold":429,"neow_bonus":"ONE_RANDOM_RARE_CARD","is_prod":false,"is_daily":false,"chose_seed":false,"campfire_upgraded":7,"win_rate":0,"timestamp":1538506139,"path_taken":["M","M","M","M","M","E","?","M","T","R","?","M","M","?","R","BOSS","M","$","?","M","M","R","E","M","T","E","M","E","R","M","R","BOSS","M","M","M","M","?","R","?","?","T","R","?","M","R","?","R","BOSS"],"build_version":"2018-09-27","purchased_purges":0,"victory":true,"max_hp_per_floor":[75,75,75,75,75,75,75,75,75,75,75,75,75,75,75,75,75,75,75,75,75,75,75,75,75,75,75,75,75,75,75,75,75,75,75,75,75,75,75,75,75,75,75,75,75,75,75,75,75,75],"card_choices":[{"not_picked":["Skim","Rip and Tear"],"picked":"White Noise","floor":1.0},{"not_picked":["Fusion","Rebound"],"picked":"Conserve Battery","floor":2.0},{"not_picked":["Sweeping Beam","Compile Driver","Gash"],"picked":"SKIP","floor":3.0},{"not_picked":["Force Field","Streamline","Barrage"],"picked":"SKIP","floor":4.0},{"not_picked":["Turbo","Stack","Force Field"],"picked":"SKIP","floor":5.0},{"not_picked":["Conserve Battery","Stack"],"picked":"Electrodynamics","floor":6.0},{"not_picked":["Hologram","Beam Cell"],"picked":"FTL","floor":8.0},{"not_picked":["Barrage","Rip and Tear"],"picked":"Coolheaded","floor":12.0},{"not_picked":["Ball Lightning","Steam Power"],"picked":"Echo Form","floor":13.0},{"not_picked":["Barrage","Conserve Battery"],"picked":"Ball Lightning","floor":14.0},{"not_picked":["Multi-Cast","Hyperbeam"],"picked":"Core Surge","floor":16.0},{"not_picked":["Beam Cell","Turbo","Doom and Gloom"],"picked":"SKIP","floor":18.0},{"not_picked":["Steam","Turbo"],"picked":"Chill","floor":21.0},{"not_picked":["Fusion","Sweeping Beam","Melter+1"],"picked":"SKIP","floor":22.0},{"not_picked":["Static Discharge","Redo"],"picked":"Ball Lightning","floor":24.0},{"not_picked":["Core Surge","Stack"],"picked":"Auto Shields","floor":25.0},{"not_picked":["Beam Cell+1","Barrage"],"picked":"Loop+1","floor":27.0},{"not_picked":["Reinforced Body","Hologram"],"picked":"Coolheaded+1","floor":28.0},{"not_picked":["Self Repair+1","Chill"],"picked":"Cold Snap","floor":29.0},{"not_picked":["Gash","Turbo","Compile Driver+1"],"picked":"SKIP","floor":31.0},{"not_picked":["Gash","Turbo","Compile Driver+1"],"picked":"SKIP","floor":31.0},{"not_picked":["Meteor Strike","Machine Learning"],"picked":"Creative AI","floor":33.0},{"not_picked":["Turbo+1","Reprogram"],"picked":"Leap","floor":35.0},{"not_picked":["Go for the Eyes","Sweeping Beam+1"],"picked":"Conserve Battery","floor":36.0},{"not_picked":["Rip and Tear","Darkness+1","Leap"],"picked":"SKIP","floor":37.0},{"not_picked":["Recycle+1","Gash"],"picked":"FTL","floor":38.0},{"not_picked":["Recycle","Compile Driver"],"picked":"Ball Lightning","floor":42.0},{"not_picked":["Aggregate+1","Sunder+1"],"picked":"Cold Snap+1","floor":45.0},{"not_picked":["Ball Lightning+1","BootSequence+1"],"picked":"Thunder Strike","floor":46.0},{"not_picked":["Dramatic Entrance","Metamorphosis"],"picked":"Bandage Up","floor":48.0}],"player_experience":841726,"relics_obtained":[{"floor":6.0,"key":"Orichalcum"},{"floor":9.0,"key":"Dead Branch"},{"floor":24.0,"key":"Bottled Tornado"},{"floor":26.0,"key":"Regal Pillow"},{"floor":27.0,"key":"Pocketwatch"},{"floor":29.0,"key":"Bronze Scales"},{"floor":42.0,"key":"Calipers"},{"floor":43.0,"key":"Happy Flower"}],"event_choices":[{"event_name":"Mushrooms","player_choice":"Healed and dodged fight","floor":7.0,"damage_taken":0.0},{"event_name":"The Woman in Blue","player_choice":"Bought 0 Potions","floor":11.0,"damage_taken":0.0},{"event_name":"Addict","player_choice":"Stole Relic","floor":20.0,"damage_taken":0.0},{"event_name":"MindBloom","player_choice":"Upgrade","floor":39.0,"damage_taken":0.0},{"event_name":"Falling","player_choice":"Removed Power","floor":41.0,"damage_taken":0.0},{"event_name":"Mysterious Sphere","player_choice":"Fight","floor":42.0,"damage_taken":0.0},{"event_name":"SensoryStone","player_choice":"Memory 1","floor":48.0,"damage_taken":0.0}],"is_beta":false,"boss_relics":[{"not_picked":["Orrery","FrozenCore"],"picked":"Cursed Key"},{"not_picked":["White Beast Statue","Runic Pyramid"],"picked":"Inserter"}],"items_purged_floors":[],"is_endless":false,"potions_floor_spawned":[1,2,4,5,8,14,24,25,27,31,36,37,46],"ascension_level":0}