{"gold_per_floor":[119,136,155,165,185,185,218,218,218,393,393,404,419,496,496,592,592,611,611,631,457,457,476,507,507,507,535,634,650,650,95,95,190,190,209,209,219,237,249,282,293,58,127,138,165,183,183,216,216,216],"floor_reached":51,"playtime":2212,"items_purged":["Doubt","Strike_B","Strike_B"],"score":831,"play_id":"9e9ec871-e065-4f10-a987-d9e28e89ab37","local_time":"20181010204930","is_ascension_mode":false,"campfire_choices":[{"data":"Zap","floor":6.0,"key":"SMITH"},{"data":"Dualcast","floor":11.0,"key":"SMITH"},{"data":"Biased Cognition","floor":15.0,"key":"SMITH"},{"data":"Defragment","floor":25.0,"key":"SMITH"},{"data":"Sunder","floor":30.0,"key":"SMITH"},{"data":"Electrodynamics","floor":32.0,"key":"SMITH"},{"data":"White Noise","floor":47,"key":"SMITH"},{"floor":49,"key":"REST"}],"neow_cost":"NONE","seed_source_timestamp":0,"circlet_count":0,"master_deck":["Strike_B","Strike_B","Defend_B","Defend_B","Defend_B","Defend_B","Zap+1","Dualcast+1","Sunder+1","Ball Lightning","Go for the Eyes","Biased Cognition+1","Coolheaded","Electrodynamics+1","Cold Snap+1","Leap","Leap+1","Defragment+1","Conserve Battery","Auto Shields","Ball Lightning","Echo Form","Conserve Battery","Zap","Trip","Leap+1","Glacier","Ball Lightning","Loop","Glacier","Injury","White Noise+1","Force Field+1","Coolheaded+1"],"special_seed":0,"relics":["Cracked Core","Bag of Marbles","Bottled Flame","Letter Opener","Meat on the Bone","Question Card","Runic Dome","Nilry\u0027s Codex","Juzu Bracelet","Bag of Preparation","Sundial","DataDisk","Mercury Hourglass","Cursed Key","Dodecahedron","Gremlin Horn","Dead Branch","Orichalcum"],"potions_floor_usage":[50,50,50],"damage_taken":[{"damage":0.0,"enemies":"2 Louse","floor":1.0,"turns":2.0},{"damage":1.0,"enemies":"Jaw Worm","floor":2.0,"turns":3.0},{"damage":0.0,"enemies":"Small Slimes","floor":3.0,"turns":1.0},{"damage":0.0,"enemies":"2 Fungi Beasts","floor":4.0,"turns":2.0},{"damage":5.0,"enemies":"Looter","floor":5.0,"turns":2.0},{"damage":11.0,"enemies":"Lagavulin","floor":7.0,"turns":5.0},{"damage":3.0,"enemies":"Exordium Thugs","floor":12.0,"turns":2.0},{"damage":1.0,"enemies":"Red Slaver","floor":13.0,"turns":3.0},{"damage":40.0,"enemies":"Hexaghost","floor":16.0,"turns":12.0},{"damage":3.0,"enemies":"Spheric Guardian","floor":18.0,"turns":3.0},{"damage":4.0,"enemies":"Chosen","floor":20.0,"turns":4.0},{"damage":4.0,"enemies":"Snecko","floor":23.0,"turns":4.0},{"damage":28.0,"enemies":"Slavers","floor":24.0,"turns":3.0},{"damage":0.0,"enemies":"Book of Stabbing","floor":27.0,"turns":5.0},{"damage":0.0,"enemies":"3 Cultists","floor":29.0,"turns":3.0},{"damage":4.0,"enemies":"Automaton","floor":33.0,"turns":6.0},{"damage":8.0,"enemies":"Orb Walker","floor":35.0,"turns":2.0},{"damage":0,"enemies":"3 Darklings","floor":37,"turns":2},{"damage":0,"enemies":"Reptomancer","floor":38,"turns":5},{"damage":9,"enemies":"Sphere and 2 Shapes","floor":39,"turns":2},{"damage":3,"enemies":"Giant Head","floor":40,"turns":10},{"damage":10,"enemies":"Spire Growth","floor":41,"turns":4},{"damage":0,"enemies":"4 Shapes","floor":44,"turns":2},{"damage":30,"enemies":"2 Orb Walkers","floor":45,"turns":5},{"damage":0,"enemies":"Transient","floor":46,"turns":5},{"damage":22,"enemies":"Giant Head","floor":48,"turns":8},{"damage":9,"enemies":"Donu and Deca","floor":50,"turns":8}],"seed_played":"8234587104387333597","potions_obtained":[{"floor":3.0,"key":"Weak Potion"},{"floor":7.0,"key":"Weak Potion"},{"floor":12.0,"key":"LiquidBronze"},{"floor":16.0,"key":"LiquidBronze"},{"floor":27.0,"key":"Weak Potion"},{"floor":39,"key":"FocusPotion"},{"floor":46,"key":"EssenceOfSteel"}],"is_trial":false,"path_per_floor":["M","M","M","M","M","R","E","?","T","?","R","M","M","T","R","B",null,"M","?","M","$","?","M","E","R","T","E","?","M","R","$","R","B",null,"M","?","M","M","M","E","M","$","T","M","E","M","R","E","R","B"],"character_chosen":"DEFECT","items_purchased":["Fruit Juice","DataDisk","Mercury Hourglass","Ball Lightning","Loop","Glacier"],"campfire_rested":1,"item_purchase_floors":[21,31,31,31,42,42],"current_hp_per_floor":[75,74,74,74,69,69,58,33,33,33,33,42,41,41,41,13,75,72,72,68,68,52,48,37,37,37,49,49,49,49,49,49,45,80,72,72,72,72,63,60,50,50,50,50,32,44,44,34,58,49],"gold":216,"neow_bonus":"RANDOM_COMMON_RELIC","is_prod":false,"is_daily":false,"chose_seed":false,"campfire_upgraded":7,"win_rate":0,"timestamp":1539229770,"path_taken":["M","M","M","M","M","R","E","?","T","?","R","?","?","?","R","BOSS","M","?","M","$","?","M","E","R","T","E","?","M","R","$","R","BOSS","M","?","M","M","M","E","M","$","T","M","E","M","R","E","R","BOSS"],"build_version":"2018-10-04v2","purchased_purges":3,"victory":true,"max_hp_per_floor":[75,75,75,75,75,75,75,75,75,75,75,75,75,75,75,75,75,75,75,75,75,75,75,80,80,80,80,80,80,80,80,80,80,80,80,80,80,80,80,80,80,80,80,80,80,80,80,80,80,80],"card_choices":[{"not_picked":["Coolheaded","Redo"],"picked":"Sunder","floor":1.0},{"not_picked":["Consume","Sunder"],"picked":"Ball Lightning","floor":2.0},{"not_picked":["Beam Cell","Sweeping Beam"],"picked":"Go for the Eyes","floor":3.0},{"not_picked":["Ball Lightning","Leap"],"picked":"Biased Cognition","floor":4.0},{"not_picked":["Barrage","Gash","Steam Power"],"picked":"SKIP","floor":5.0},{"not_picked":["Sweeping Beam","Steam"],"picked":"Coolheaded","floor":7.0},{"not_picked":["Fusion","Tempest","Aggregate"],"picked":"SKIP","floor":12.0},{"not_picked":["Turbo","Sunder","Storm"],"picked":"SKIP","floor":13.0},{"not_picked":["Reboot","Multi-Cast","Machine Learning"],"picked":"Electrodynamics","floor":16.0},{"not_picked":["Turbo+1","Chaos","Chill"],"picked":"Cold Snap+1","floor":18.0},{"not_picked":["Rebound","Streamline+1","Sweeping Beam"],"picked":"Leap","floor":20.0},{"not_picked":["Rebound+1","Doom and Gloom","Lockon"],"picked":"Leap+1","floor":23.0},{"not_picked":["Undo","Fission","Coolheaded+1"],"picked":"Defragment","floor":24.0},{"not_picked":["Heatsinks+1","Hologram","Coolheaded"],"picked":"Conserve Battery","floor":27.0},{"not_picked":["Ball Lightning","Self Repair","Redo+1"],"picked":"Auto Shields","floor":29.0},{"not_picked":["Multi-Cast","Thunder Strike","All For One"],"picked":"Echo Form","floor":33.0},{"not_picked":["Stack+1","Barrage+1","Recycle+1","Turbo"],"picked":"SKIP","floor":35.0},{"not_picked":["Stack+1","Chaos","Turbo"],"picked":"Leap+1","floor":37},{"not_picked":["Go for the Eyes+1","Fusion","Beam Cell"],"picked":"Glacier","floor":38},{"not_picked":["Steam Power+1","Gash","Sunder+1","Leap"],"picked":"SKIP","floor":39},{"not_picked":["Storm+1","Static Discharge+1","Steam"],"picked":"Ball Lightning","floor":40},{"not_picked":["Compile Driver","Melter","Leap","Gash+1"],"picked":"SKIP","floor":41},{"not_picked":["Beam Cell","Coolheaded","Barrage+1","Turbo+1"],"picked":"SKIP","floor":44},{"not_picked":["Reinforced Body","Doom and Gloom","Lockon"],"picked":"White Noise","floor":45},{"not_picked":["Leap+1","Lockon","Skim"],"picked":"Force Field+1","floor":46},{"not_picked":["Recycle","Blizzard","Darkness"],"picked":"Coolheaded+1","floor":48}],"player_experience":925631,"relics_obtained":[{"floor":7.0,"key":"Bottled Flame"},{"floor":9.0,"key":"Meat on the Bone"},{"floor":14.0,"key":"Question Card"},{"floor":22.0,"key":"Nilry\u0027s Codex"},{"floor":24.0,"key":"Juzu Bracelet"},{"floor":26.0,"key":"Bag of Preparation"},{"floor":27.0,"key":"Sundial"},{"floor":40,"key":"Dodecahedron"},{"floor":43,"key":"Gremlin Horn"},{"floor":45,"key":"Dead Branch"},{"floor":48,"key":"Orichalcum"}],"event_choices":[{"event_name":"Scrap Ooze","player_choice":"success","floor":8.0,"damage_taken":25.0},{"event_name":"Liars Game","player_choice":"agreed","floor":10.0,"damage_taken":0.0},{"event_name":"Ghosts","player_choice":"Ignored","floor":19.0,"damage_taken":0.0},{"event_name":"Cursed Tome","player_choice":"Obtained Book","floor":22.0,"damage_taken":0.0},{"event_name":"Nest","player_choice":"Stole From Cult","floor":28.0,"damage_taken":0.0},{"event_name":"Match and Keep!","player_choice":"3 cards matched","floor":36.0,"damage_taken":0.0}],"is_beta":false,"boss_relics":[{"not_picked":["White Beast Statue","Busted Crown"],"picked":"Runic Dome"},{"not_picked":["Coffee Dripper","Velvet Choker"],"picked":"Cursed Key"}],"items_purged_floors":[21,31,42],"is_endless":false,"potions_floor_spawned":[3,7,12,16,27,33,39,44,46,48],"ascension_level":0}