{"path_per_floor":["M","M","M","M","M","R","E","?","T","E","M","M","$","?","R","B",null,"M","$","M","M","M","E","R","E","T","?","M","R","M","E","R"],"character_chosen":"THE_SILENT","items_purchased":["Magnetism","Caltrops","Lantern"],"gold_per_floor":[115,129,143,163,183,183,216,216,216,249,265,278,12,70,70,170,170,185,29,44,54,70,96,96,129,207,207,223,223,241,268,268,268],"floor_reached":33,"campfire_rested":4,"playtime":2912,"item_purchase_floors":[13,13,19],"current_hp_per_floor":[66,66,65,56,56,56,42,28,28,21,16,16,16,16,52,33,70,52,52,34,34,25,7,43,24,24,24,24,60,54,37,70,0],"items_purged":[],"gold":268,"score":337,"play_id":"5af7df1d-593b-437c-b451-0d2fea12f8ed","local_time":"20180613001909","is_prod":false,"is_daily":false,"chose_seed":false,"is_ascension_mode":true,"campfire_upgraded":1,"win_rate":0,"timestamp":1528867149,"campfire_choices":[{"data":"Malaise","floor":6,"key":"SMITH"},{"floor":15,"key":"REST"},{"floor":24,"key":"REST"},{"floor":29,"key":"REST"},{"floor":32,"key":"REST"}],"path_taken":["M","?","M","?","M","R","E","?","T","E","?","M","$","?","R","BOSS","M","$","M","M","M","E","R","E","T","?","M","R","?","E","R","BOSS"],"build_version":"2018-06-07v3","seed_source_timestamp":50307503358329,"purchased_purges":0,"victory":false,"master_deck":["Defend_G","Defend_G","Defend_G","Defend_G","Defend_G","Strike_G","Strike_G","Strike_G","Strike_G","Strike_G","Survivor","Neutralize+1","Acrobatics","Malaise+1","Endless Agony+1","Noxious Fumes","Unload","Cloak And Dagger","Well Laid Plans","Underhanded Strike","Magnetism","Caltrops","Doppelganger","Backstab","Prepared+1","Calculated Gamble","Backflip","Backstab","Wraith Form v2","PiercingWail"],"max_hp_per_floor":[70,70,70,70,70,70,70,70,70,70,70,70,70,70,70,70,70,70,70,70,70,70,70,70,70,70,70,70,70,70,70,70,70],"relics":["Ring of the Snake","Regal Pillow","Letter Opener","Mummified Hand","Sozu","Lantern","Peace Pipe","Boot","Tiny Chest","Shovel"],"card_choices":[{"not_picked":["Concentrate","Prepared"],"picked":"Acrobatics","floor":1},{"not_picked":["Dagger Throw","Quick Slash"],"picked":"Malaise","floor":2},{"not_picked":["Prepared","Bane"],"picked":"Endless Agony","floor":3},{"not_picked":["Deadly Poison","Dagger Throw"],"picked":"Noxious Fumes","floor":4},{"not_picked":["Choke","Calculated Gamble"],"picked":"Unload","floor":5},{"not_picked":["Flechettes","Predator"],"picked":"Cloak And Dagger","floor":7},{"not_picked":["Backflip","Riddle With Holes"],"picked":"Well Laid Plans","floor":10},{"not_picked":["Expertise","Dodge and Roll"],"picked":"Underhanded Strike","floor":11},{"not_picked":["Slice","Poisoned Stab","Finisher"],"picked":"SKIP","floor":12},{"not_picked":["Venomology","Tactician"],"picked":"Doppelganger","floor":16},{"not_picked":["Outmaneuver","Underhanded Strike+1","Acrobatics"],"picked":"SKIP","floor":18},{"not_picked":["Underhanded Strike","Flechettes","Choke"],"picked":"SKIP","floor":20},{"not_picked":["Dagger Throw","Skewer"],"picked":"Backstab","floor":21},{"not_picked":["Predator","Endless Agony"],"picked":"Prepared+1","floor":22},{"not_picked":["Deadly Poison+1","Outmaneuver"],"picked":"Calculated Gamble","floor":23},{"not_picked":["Poisoned Stab","Noxious Fumes"],"picked":"Backflip","floor":25},{"not_picked":["Underhanded Strike","Endless Agony+1"],"picked":"Wraith Form v2","floor":28},{"not_picked":["Quick Slash","Outmaneuver","Acrobatics"],"picked":"SKIP","floor":30},{"not_picked":["Dagger Throw","Corpse Explosion"],"picked":"PiercingWail","floor":31}],"player_experience":220128,"potions_floor_usage":[4,7],"damage_taken":[{"damage":4,"enemies":"Cultist","floor":1,"turns":5},{"damage":0,"enemies":"Small Slimes","floor":2,"turns":3},{"damage":1,"enemies":"2 Louse","floor":3,"turns":4},{"damage":9,"enemies":"Gremlin Gang","floor":4,"turns":5},{"damage":0,"enemies":"Red Slaver","floor":5,"turns":5},{"damage":14,"enemies":"3 Sentries","floor":7,"turns":8},{"damage":7,"enemies":"Lagavulin","floor":10,"turns":8},{"damage":5,"enemies":"Looter","floor":11,"turns":3},{"damage":0,"enemies":"Large Slime","floor":12,"turns":4},{"damage":19,"enemies":"Slime Boss","floor":16,"turns":9},{"damage":18,"enemies":"Spheric Guardian","floor":18,"turns":4},{"damage":18,"enemies":"2 Thieves","floor":20,"turns":4},{"damage":0,"enemies":"Snake Plant","floor":21,"turns":6},{"damage":9,"enemies":"Snecko","floor":22,"turns":5},{"damage":18,"enemies":"Slavers","floor":23,"turns":4},{"damage":19,"enemies":"Book of Stabbing","floor":25,"turns":5},{"damage":0,"enemies":"Centurion and Healer","floor":28,"turns":5},{"damage":6,"enemies":"Snake Plant","floor":30,"turns":4},{"damage":17,"enemies":"Slavers","floor":31,"turns":5},{"damage":72,"enemies":"Automaton","floor":33,"turns":10}],"relics_obtained":[{"floor":7,"key":"Regal Pillow"},{"floor":9,"key":"Letter Opener"},{"floor":10,"key":"Mummified Hand"},{"floor":23,"key":"Peace Pipe"},{"floor":25,"key":"Boot"},{"floor":26,"key":"Tiny Chest"},{"floor":31,"key":"Shovel"}],"event_choices":[{"event_name":"Shining Light","player_choice":"Entered Light","floor":8,"damage_taken":0},{"event_name":"Golden Wing","player_choice":"Gained Gold","floor":14,"damage_taken":0},{"event_name":"Duplicator","player_choice":"One dupe","floor":27,"damage_taken":0}],"boss_relics":[{"not_picked":["Philosopher\u0027s Stone","Runic Dome"],"picked":"Sozu"}],"items_purged_floors":[],"potions_floor_spawned":[1,4,11,21,22,23,30,31],"seed_played":"8644190783882890133","killed_by":"Automaton","ascension_level":1,"potions_obtained":[{"floor":1,"key":"Explosive Potion"},{"floor":4,"key":"Swift Potion"},{"floor":11,"key":"Strength Potion"}],"is_trial":false}