{"path_per_floor":["M","M","M","$","?","M","M","M","T","$","?","R","M","M","R"],"character_chosen":"THE_SILENT","items_purchased":["Quick Slash","Backflip"],"gold_per_floor":[109,128,140,40,40,50,68,80,80,54,54,54,73,87,87,87],"floor_reached":16,"campfire_rested":0,"playtime":975,"item_purchase_floors":[4,10],"current_hp_per_floor":[61,61,61,61,61,60,53,49,49,49,42,42,42,42,42,0],"items_purged":["Strike_G"],"gold":87,"score":154,"play_id":"f01cf291-a1cb-4559-9ffc-5c93d9d832b5","local_time":"20180527202147","is_prod":false,"is_daily":false,"chose_seed":false,"is_ascension_mode":true,"campfire_upgraded":2,"win_rate":0,"timestamp":1527477707,"campfire_choices":[{"data":"Venomology","floor":12,"key":"SMITH"},{"data":"Sucker Punch","floor":15,"key":"SMITH"}],"path_taken":["M","M","M","$","?","M","M","M","T","$","?","R","M","M","R","BOSS"],"build_version":"2018-05-24","seed_source_timestamp":849976440444396,"purchased_purges":1,"victory":false,"master_deck":["Defend_G","Defend_G","Defend_G","Defend_G","Defend_G","Strike_G","Strike_G","Survivor","Neutralize","AscendersBane","Sucker Punch+1","Quick Slash","Underhanded Strike","Quick Slash","Flying Knee","Dodge and Roll","Venomology+1","Backflip","Cloak And Dagger","Predator"],"max_hp_per_floor":[70,70,70,70,70,70,70,70,70,70,70,70,70,70,70,70],"relics":["Ring of the Snake","Gremlin Horn"],"card_choices":[{"not_picked":["Distraction","Heel Hook"],"picked":"Sucker Punch","floor":1},{"not_picked":["Concentrate","Acrobatics"],"picked":"Quick Slash","floor":2},{"not_picked":["Sucker Punch","All Out Attack"],"picked":"Underhanded Strike","floor":3},{"not_picked":["Predator","Eviscerate"],"picked":"Flying Knee","floor":6},{"not_picked":["Well Laid Plans","Prepared"],"picked":"Dodge and Roll","floor":7},{"not_picked":["PiercingWail","Acrobatics"],"picked":"Venomology","floor":8},{"not_picked":["Acrobatics","Escape Plan"],"picked":"Cloak And Dagger","floor":13},{"not_picked":["Underhanded Strike","Blur"],"picked":"Predator","floor":14}],"player_experience":528342,"potions_floor_usage":[7,13,13,16,16,16],"damage_taken":[{"damage":2,"enemies":"Jaw Worm","floor":1,"turns":6},{"damage":0,"enemies":"2 Louse","floor":2,"turns":4},{"damage":0,"enemies":"Cultist","floor":3,"turns":4},{"damage":1,"enemies":"3 Louse","floor":6,"turns":4},{"damage":7,"enemies":"Large Slime","floor":7,"turns":7},{"damage":4,"enemies":"Blue Slaver","floor":8,"turns":5},{"damage":0,"enemies":"Lots of Slimes","floor":13,"turns":2},{"damage":0,"enemies":"Red Slaver","floor":14,"turns":4},{"damage":57,"enemies":"Slime Boss","floor":16,"turns":11}],"relics_obtained":[{"floor":9,"key":"Gremlin Horn"}],"event_choices":[{"event_name":"The Cleric","player_choice":"Leave","floor":5,"damage_taken":0},{"event_name":"Golden Wing","player_choice":"Card Removal","floor":11,"damage_taken":0}],"boss_relics":[],"items_purged_floors":[4],"potions_floor_spawned":[1,6,8],"seed_played":"4303420234719043782","killed_by":"Slime Boss","ascension_level":12,"potions_obtained":[{"floor":1,"key":"SkillPotion"},{"floor":6,"key":"Energy Potion"},{"floor":8,"key":"SteroidPotion"}],"is_trial":false}