{"path_per_floor":["M","$","?","?","M","E","?","R","T","R","E","M","M","M","R","B",null,"M","M","?","$","?","R","M","M","T","?"],"character_chosen":"IRONCLAD","items_purchased":["Red Skull"],"gold_per_floor":[112,37,37,37,53,378,399,399,399,399,426,437,456,475,475,571,571,590,608,533,124,39,39,59,77,101,101],"floor_reached":28,"campfire_rested":3,"playtime":2253,"current_hp_per_floor":[80,80,80,80,80,41,15,39,39,63,56,63,66,68,68,43,80,43,24,24,24,24,48,38,18,18,18],"items_purged":["Strike_R","Strike_R"],"gold":101,"score":228,"play_id":"ded86172-62ed-46b2-b8f2-615233067dca","is_prod":false,"is_daily":false,"is_ascension_mode":false,"campfire_upgraded":1,"path_taken":["M","?","?","?","M","E","?","R","T","R","E","?","M","M","R","BOSS","M","M","?","?","?","R","M","?","T","?","M"],"build_version":"2018-02-22-PROD1","purchased_purges":2,"victory":false,"master_deck":["Strike_R","Strike_R","Defend_R","Defend_R","Defend_R+1","Defend_R","Bash+1","Spot Weakness+1","Regret","Clothesline","Dropkick","Flex","Sword Boomerang","Flex","Whirlwind","Limit Break","Iron Wave+1","Anger","Warcry"],"max_hp_per_floor":[80,80,80,80,80,80,80,80,80,80,80,80,80,80,80,80,80,80,80,80,80,80,80,80,80,80,80],"relics":["Burning Blood","Oddly Smooth Stone","Old Coin","Odd Mushroom","Magic Flower","Omamori","Runic Pyramid","Red Skull","Shuriken","War Paint"],"card_choices":[{"not_picked":["Anger","Clash"],"picked":"Spot Weakness"},{"not_picked":["Thunderclap","Perfected Strike"],"picked":"Clothesline"},{"not_picked":["Headbutt","Anger"],"picked":"Dropkick"},{"not_picked":["Exhume","Warcry"],"picked":"Flex"},{"not_picked":["Warcry","Thunderclap"],"picked":"Sword Boomerang"},{"not_picked":["Anger","Clothesline"],"picked":"Flex"},{"not_picked":["Warcry","Thunderclap"],"picked":"Whirlwind"},{"not_picked":["Offering","Berserk"],"picked":"Limit Break"},{"not_picked":["Clash","Pummel"],"picked":"Iron Wave"},{"not_picked":["Perfected Strike","Cleave"],"picked":"Anger"},{"not_picked":["Perfected Strike","Clothesline"],"picked":"Warcry"}],"player_experience":61643,"potions_floor_usage":[7,11,19,24,25,25],"damage_taken":[{"damage":1,"enemies":"Cultist","floor":1,"turns":4},{"damage":5,"enemies":"2 Louse","floor":5,"turns":3},{"damage":45,"enemies":"Lagavulin","floor":6,"turns":8},{"damage":47,"enemies":"The Mushroom Lair","floor":7,"turns":8},{"damage":16,"enemies":"Gremlin Nob","floor":11,"turns":3},{"damage":2,"enemies":"Jaw Worm","floor":12,"turns":3},{"damage":6,"enemies":"Blue Slaver","floor":13,"turns":3},{"damage":7,"enemies":"2 Fungi Beasts","floor":14,"turns":3},{"damage":34,"enemies":"The Guardian","floor":16,"turns":12},{"damage":46,"enemies":"Spheric Guardian","floor":18,"turns":6},{"damage":28,"enemies":"Chosen","floor":19,"turns":6},{"damage":19,"enemies":"Snecko","floor":24,"turns":6},{"damage":29,"enemies":"Slaver and Parasite","floor":25,"turns":5},{"damage":20,"enemies":"Centurion and Healer","floor":28,"turns":1}],"event_choices":[{"event_name":"The Cleric","player_choice":"Leave","floor":3,"damage_taken":0},{"event_name":"Big Fish","player_choice":"Box","floor":4,"damage_taken":0},{"event_name":"Mushrooms","player_choice":"Fought Mushrooms","floor":7,"damage_taken":0},{"event_name":"Beggar","player_choice":"Gave Gold","floor":20,"damage_taken":0},{"event_name":"Addict","player_choice":"Obtained Relic","floor":22,"damage_taken":0},{"event_name":"Forgotten Altar","player_choice":"Smashed Altar","floor":27,"damage_taken":0}],"boss_relics":[{"not_picked":["Eternal Feather","White Beast Statue"],"picked":"Runic Pyramid"}],"potions_floor_spawned":[6,7,12,16,18,24],"seed_played":"5348139190570411878","killed_by":"Centurion and Healer","ascension_level":0,"is_trial":false}