{"gold_per_floor":[109,284,284,300,317,317,342,342,367,34,54,89,89,89,89,212,212,232,331,331,331,331,331,349,384,384,39,39,39,39,39,39,140,140,152,152,197,217,230,230,34,34,113,113,127,138,561,576,576,576],"floor_reached":51,"playtime":5744,"items_purged":["Doubt"],"score":824,"play_id":"7da6fd1d-3188-41a9-8321-a75dcc3223e6","local_time":"20190124205839","is_ascension_mode":true,"campfire_choices":[{"data":"Zap","floor":6.0,"key":"SMITH"},{"data":"Dualcast","floor":8.0,"key":"SMITH"},{"data":"Hologram","floor":13.0,"key":"SMITH"},{"data":"Streamline","floor":15.0,"key":"SMITH"},{"data":"Echo Form","floor":23.0,"key":"SMITH"},{"data":"Hologram","floor":29.0,"key":"SMITH"},{"data":"Conserve Battery","floor":32.0,"key":"SMITH"},{"data":"Hologram","floor":40.0,"key":"SMITH"},{"data":"Coolheaded","floor":42.0,"key":"SMITH"},{"data":"Leap","floor":44.0,"key":"SMITH"},{"data":"Steam Power","floor":49.0,"key":"SMITH"}],"neow_cost":"NONE","seed_source_timestamp":0,"circlet_count":0,"master_deck":["Strike_B+1","Strike_B+1","Strike_B","Strike_B","Defend_B","Defend_B","Defend_B","Defend_B","Zap+1","Dualcast+1","Conserve Battery+1","Cold Snap","Turbo","Leap+1","Hologram+1","Steam Power+1","Streamline+1","Echo Form+1","Cold Snap+1","Consume+1","Ball Lightning+1","Hello World+1","Hologram+1","Electrodynamics+1","Coolheaded+1","Bandage Up","Hologram+1","Stack+1","Leap+1","Loop+1","Parasite"],"special_seed":0,"relics":["Cracked Core","PreservedInsect","Juzu Bracelet","Symbiotic Virus","Oddly Smooth Stone","Lee\u0027s Waffle","Gremlin Horn","Bloody Idol","Inserter","Strawberry","Pear","Frozen Egg 2","Blood Vial","Nilry\u0027s Codex","Whetstone","Nuclear Battery","Pantograph","Old Coin","Dream Catcher"],"potions_floor_usage":[50,50,50],"damage_taken":[{"damage":7.0,"enemies":"Jaw Worm","floor":1.0,"turns":3.0},{"damage":7.0,"enemies":"Small Slimes","floor":4.0,"turns":3.0},{"damage":1.0,"enemies":"Cultist","floor":5.0,"turns":3.0},{"damage":30.0,"enemies":"Gremlin Nob","floor":7.0,"turns":4.0},{"damage":0.0,"enemies":"Blue Slaver","floor":11.0,"turns":3.0},{"damage":4.0,"enemies":"3 Sentries","floor":12.0,"turns":4.0},{"damage":37.0,"enemies":"Slime Boss","floor":16.0,"turns":9.0},{"damage":0.0,"enemies":"Spheric Guardian","floor":18.0,"turns":3.0},{"damage":2.0,"enemies":"Chosen","floor":24.0,"turns":6.0},{"damage":4.0,"enemies":"Gremlin Leader","floor":25.0,"turns":5.0},{"damage":31.0,"enemies":"Automaton","floor":33.0,"turns":10.0},{"damage":22.0,"enemies":"3 Darklings","floor":35.0,"turns":4.0},{"damage":24.0,"enemies":"2 Orb Walkers","floor":37.0,"turns":3.0},{"damage":0.0,"enemies":"3 Shapes","floor":38.0,"turns":3.0},{"damage":34.0,"enemies":"Jaw Worm Horde","floor":39.0,"turns":4.0},{"damage":27.0,"enemies":"3 Darklings","floor":45.0,"turns":5.0},{"damage":1.0,"enemies":"Writhing Mass","floor":46.0,"turns":7.0},{"damage":0.0,"enemies":"Mind Bloom Boss Battle","floor":47.0,"turns":5.0},{"damage":10.0,"enemies":"4 Shapes","floor":48.0,"turns":5.0},{"damage":75,"enemies":"Donu and Deca","floor":50,"turns":8}],"seed_played":"6366869629597898516","potions_obtained":[{"floor":4.0,"key":"SteroidPotion"},{"floor":7.0,"key":"LiquidBronze"},{"floor":12.0,"key":"Poison Potion"},{"floor":16.0,"key":"Strength Potion"},{"floor":20.0,"key":"Explosive Potion"},{"floor":20.0,"key":"AttackPotion"},{"floor":25.0,"key":"Strength Potion"},{"floor":47.0,"key":"Regen Potion"}],"is_trial":false,"path_per_floor":["M","?","?","M","M","R","E","R","T","$","M","E","R","?","R","B",null,"M","?","?","?","?","R","M","E","T","$","?","R","?","T","R","B",null,"M","?","?","M","M","R","$","R","T","R","M","M","?","T","M","R","B",null],"character_chosen":"DEFECT","items_purchased":["Lee\u0027s Waffle","Hologram","Frozen Egg 2","Hello World+1","Hologram","Loop+1","FocusPotion","PowerPotion"],"campfire_rested":0,"item_purchase_floors":[10,10,27,27,27,41,41,41],"current_hp_per_floor":[68,68,61,54,53,53,23,23,23,82,82,78,78,76,76,39,67,67,67,67,67,67,67,70,78,88,88,88,88,72,72,72,48,82,67,67,50,61,34,34,34,34,39,39,27,41,82,79,79,37],"gold":576,"neow_bonus":"RANDOM_COMMON_RELIC","is_prod":false,"is_daily":false,"chose_seed":false,"campfire_upgraded":11,"win_rate":0,"timestamp":1548359919,"path_taken":["M","?","?","M","M","R","E","R","T","$","M","E","R","?","R","BOSS","M","?","?","?","?","R","M","E","T","$","?","R","?","?","R","BOSS","M","?","?","M","M","R","$","R","T","R","M","M","?","M","R","BOSS"],"build_version":"2018-12-20","purchased_purges":1,"victory":true,"max_hp_per_floor":[75,75,75,75,75,75,75,75,75,82,82,82,82,76,76,76,76,76,76,76,76,76,76,76,83,93,93,93,93,93,93,93,93,93,93,93,93,93,93,93,93,93,93,93,93,93,93,93,93,93],"card_choices":[{"not_picked":["Sweeping Beam","Go for the Eyes"],"picked":"Conserve Battery","floor":1.0},{"not_picked":["Compile Driver","Reprogram"],"picked":"Cold Snap","floor":4.0},{"not_picked":["Streamline","Scrape"],"picked":"Turbo","floor":5.0},{"not_picked":["Sunder","Stack"],"picked":"Leap","floor":7.0},{"not_picked":["Sweeping Beam","Scrape"],"picked":"Steam Power","floor":11.0},{"not_picked":["Gash","Turbo"],"picked":"Streamline","floor":12.0},{"not_picked":["Multi-Cast","Creative AI"],"picked":"Echo Form","floor":16.0},{"not_picked":["Force Field","Stack"],"picked":"Cold Snap+1","floor":18.0},{"not_picked":["Compile Driver","Reinforced Body"],"picked":"Consume+1","floor":24.0},{"not_picked":["Skim","Cold Snap+1"],"picked":"Ball Lightning+1","floor":25.0},{"not_picked":["Rainbow","Creative AI+1"],"picked":"Electrodynamics+1","floor":33.0},{"not_picked":["Cold Snap+1","Sunder"],"picked":"Coolheaded","floor":35.0},{"not_picked":["Mayhem+1","Enlightenment"],"picked":"Bandage Up","floor":36.0},{"not_picked":["Aggregate","Lockon+1"],"picked":"Hologram","floor":37.0},{"not_picked":["Redo+1","Undo"],"picked":"Stack+1","floor":38.0},{"not_picked":["Coolheaded+1","Barrage+1"],"picked":"Leap+1","floor":39.0},{"not_picked":["Doom and Gloom","Coolheaded","Aggregate"],"picked":"SKIP","floor":45.0},{"not_picked":["Beam Cell+1","Skim","Rebound+1"],"picked":"SKIP","floor":46.0},{"not_picked":["Stack","Scrape","Skim+1"],"picked":"SKIP","floor":48.0}],"player_experience":141660,"relics_obtained":[{"floor":7.0,"key":"Symbiotic Virus"},{"floor":9.0,"key":"Oddly Smooth Stone"},{"floor":12.0,"key":"Gremlin Horn"},{"floor":25.0,"key":"Strawberry"},{"floor":26.0,"key":"Pear"},{"floor":30.0,"key":"Nilry\u0027s Codex"},{"floor":31.0,"key":"Whetstone"},{"floor":43.0,"key":"Pantograph"},{"floor":47.0,"key":"Old Coin"},{"floor":47.0,"key":"Dream Catcher"}],"event_choices":[{"damage_healed":0.0,"max_hp_gain":0.0,"max_hp_loss":0.0,"gold_gain":175.0,"event_name":"Liars Game","player_choice":"AGREE","floor":2.0,"gold_loss":0.0,"damage_taken":0.0,"cards_obtained":["Doubt"]},{"damage_healed":0.0,"max_hp_gain":0.0,"max_hp_loss":0.0,"gold_gain":0.0,"event_name":"Scrap Ooze","player_choice":"Success","floor":3.0,"gold_loss":0.0,"damage_taken":7.0,"relics_obtained":["Juzu Bracelet"]},{"damage_healed":0.0,"max_hp_gain":0.0,"max_hp_loss":6.0,"gold_gain":0.0,"event_name":"Golden Idol","player_choice":"Lose Max HP","floor":14.0,"gold_loss":0.0,"damage_taken":0.0,"relics_obtained":["Golden Idol"]},{"damage_healed":0.0,"max_hp_gain":0.0,"max_hp_loss":0.0,"gold_gain":99.0,"event_name":"Nest","player_choice":"Stole From Cult","floor":19.0,"gold_loss":0.0,"damage_taken":0.0},{"damage_healed":0.0,"max_hp_gain":0.0,"max_hp_loss":0.0,"gold_gain":0.0,"event_name":"Lab","player_choice":"Got Potions","floor":20.0,"gold_loss":0.0,"damage_taken":0.0},{"damage_healed":0.0,"max_hp_gain":0.0,"max_hp_loss":0.0,"gold_gain":0.0,"event_name":"Forgotten Altar","player_choice":"Gave Idol","floor":21.0,"relics_lost":["Golden Idol"],"gold_loss":0.0,"damage_taken":0.0,"relics_obtained":["Bloody Idol"]},{"damage_healed":0.0,"max_hp_gain":0.0,"max_hp_loss":0.0,"gold_gain":0.0,"event_name":"Vampires","player_choice":"Ignored","floor":22.0,"gold_loss":0.0,"damage_taken":0.0},{"damage_healed":0.0,"max_hp_gain":0.0,"max_hp_loss":0.0,"gold_gain":0.0,"event_name":"The Mausoleum","player_choice":"Opened","floor":28.0,"gold_loss":0.0,"damage_taken":0.0,"relics_obtained":["Blood Vial"]},{"damage_healed":0.0,"max_hp_gain":0.0,"max_hp_loss":0.0,"gold_gain":0.0,"event_name":"Cursed Tome","player_choice":"Obtained Book","floor":30.0,"gold_loss":0.0,"damage_taken":16.0},{"damage_healed":0.0,"max_hp_gain":0.0,"max_hp_loss":0.0,"gold_gain":0.0,"event_name":"SensoryStone","player_choice":"Memory 1","floor":36.0,"gold_loss":0.0,"damage_taken":0.0},{"damage_healed":0.0,"max_hp_gain":0.0,"max_hp_loss":0.0,"gold_gain":0.0,"event_name":"Mysterious Sphere","player_choice":"Fight","floor":37.0,"gold_loss":0.0,"damage_taken":0.0},{"damage_healed":0.0,"max_hp_gain":0.0,"max_hp_loss":0.0,"gold_gain":0.0,"event_name":"MindBloom","player_choice":"Fight","floor":47.0,"gold_loss":0.0,"damage_taken":0.0}],"is_beta":false,"boss_relics":[{"not_picked":["Runic Pyramid","Coffee Dripper"],"picked":"Inserter"},{"not_picked":["Eternal Feather","Velvet Choker"],"picked":"Nuclear Battery"}],"items_purged_floors":[10],"is_endless":false,"potions_floor_spawned":[4,7,12,16,25,33,35,37,46,47],"ascension_level":5}