{"path_per_floor":["M","M","M","?","$","R","M","E","T","?","M","M","M","E","R","B",null,"M","$","M","M","?","R","E","R","T","E","M","M","$","M","R","B",null,"M","?","?","?","$","R","?","M","T","R","M","E","M","E","R","B"],"character_chosen":"IRONCLAD","items_purchased":["Clash","Perfected Strike","Feel No Pain","Secret Technique","Double Tap","Dramatic Entrance","Oddly Smooth Stone","Combust"],"gold_per_floor":[114,129,147,147,74,74,97,138,138,138,151,176,195,228,228,357,357,370,28,53,71,71,71,112,112,112,151,170,184,113,134,134,264,264,288,288,288,538,134,134,0,23,23,23,44,75,98,139,139,139],"floor_reached":51,"campfire_rested":3,"playtime":6311,"current_hp_per_floor":[80,80,79,59,59,59,60,45,45,38,43,43,43,38,38,8,80,46,46,29,32,32,71,58,58,58,47,37,37,37,16,55,23,80,80,80,70,70,70,70,70,73,73,73,71,55,53,59,80,25],"items_purged":["Strike_R","Regret"],"gold":139,"score":609,"play_id":"81640fc2-e07b-4bab-af22-0517b65eff0c","is_prod":false,"is_daily":false,"is_ascension_mode":false,"campfire_upgraded":5,"path_taken":["M","M","M","?","$","R","M","E","T","?","M","?","M","E","R","BOSS","M","$","M","M","?","R","E","R","T","E","M","M","$","?","R","BOSS","M","?","?","?","$","R","?","M","T","R","?","E","M","E","R","BOSS"],"build_version":"2018-02-15-PROD1","purchased_purges":3,"victory":true,"master_deck":["Strike_R","Strike_R","Strike_R","Strike_R","Defend_R","Defend_R","Defend_R","Defend_R","Bash","Second Wind","Spot Weakness+1","Clash","Perfected Strike","Flex","Brutality+1","Bloodletting","Disarm","Intimidate","Rage","Fiend Fire","Infernal Blade+1","Feel No Pain+1","Secret Technique+1","Perfected Strike+1","Blood for Blood","Thunderclap","Shockwave+1","Infernal Blade+1","Double Tap","Impervious","Metallicize+1","Madness","Madness","Dramatic Entrance","Combust","Warcry","Thunderclap+1","Bludgeon","Juggernaut"],"max_hp_per_floor":[80,80,80,80,80,80,80,80,80,80,80,80,80,80,80,80,80,80,80,80,80,80,80,80,80,80,80,80,80,80,80,80,80,80,80,80,80,80,80,80,80,80,80,80,80,80,80,80,80,80],"relics":["Burning Blood","Golden Idol","Frozen Eye","Regal Pillow","Anchor","Bottled Flame","Mark of Pain","Bag of Marbles","Ancient Tea Set","Paper Frog","Runic Cube","Oddly Smooth Stone","Red Mask","Bird Faced Urn","Bag of Preparation","Blood Vial"],"card_choices":[{"not_picked":["Pommel Strike","Combust"],"picked":"Second Wind"},{"not_picked":["Body Slam","Heavy Blade"],"picked":"Spot Weakness"},{"not_picked":["Body Slam","Twin Strike"],"picked":"Shrug It Off"},{"not_picked":["Body Slam","Searing Blow"],"picked":"Flex"},{"not_picked":["Body Slam","Disarm"],"picked":"Brutality"},{"not_picked":["Heavy Blade","Anger"],"picked":"Bloodletting"},{"not_picked":["Pommel Strike","Battle Trance"],"picked":"Disarm"},{"not_picked":["Perfected Strike","Sever Soul"],"picked":"Intimidate"},{"not_picked":["Iron Wave","Disarm"],"picked":"Rage"},{"not_picked":["Dark Embrace","Brutality"],"picked":"Fiend Fire"},{"not_picked":["Anger","Pommel Strike"],"picked":"Infernal Blade"},{"not_picked":["True Grit","Twin Strike"],"picked":"Perfected Strike"},{"not_picked":["Clothesline","Warcry"],"picked":"Blood for Blood"},{"not_picked":["Dual Wield","Armaments"],"picked":"Thunderclap"},{"not_picked":["True Grit","Iron Wave"],"picked":"Shockwave"},{"not_picked":["Twin Strike","Disarm"],"picked":"Infernal Blade"},{"not_picked":["Dark Embrace","Berserk"],"picked":"Impervious"},{"not_picked":["Iron Wave","Pommel Strike"],"picked":"Metallicize"},{"not_picked":["Perfected Strike","Seeing Red"],"picked":"Warcry"},{"not_picked":["Clothesline","Cleave"],"picked":"Thunderclap"},{"not_picked":["Heavy Blade","Reckless Charge"],"picked":"Bludgeon"},{"not_picked":["Iron Wave","Inflame"],"picked":"Juggernaut"}],"player_experience":35078,"potions_floor_usage":[29,33,48,48,50],"damage_taken":[{"damage":6.0,"enemies":"Jaw Worm","floor":1.0,"turns":4.0},{"damage":1.0,"enemies":"Cultist","floor":2.0,"turns":3.0},{"damage":7.0,"enemies":"Small Slimes","floor":3.0,"turns":4.0},{"damage":5.0,"enemies":"Exordium Wildlife","floor":7.0,"turns":2.0},{"damage":21.0,"enemies":"Lagavulin","floor":8.0,"turns":5.0},{"damage":1.0,"enemies":"Blue Slaver","floor":11.0,"turns":3.0},{"damage":6.0,"enemies":"3 Louse","floor":12.0,"turns":5.0},{"damage":6.0,"enemies":"Large Slime","floor":13.0,"turns":5.0},{"damage":26.0,"enemies":"3 Sentries","floor":14.0,"turns":6.0},{"damage":36.0,"enemies":"Slime Boss","floor":16.0,"turns":9.0},{"damage":40.0,"enemies":"Spheric Guardian","floor":18.0,"turns":6.0},{"damage":23.0,"enemies":"3 Byrds","floor":20.0,"turns":7.0},{"damage":3.0,"enemies":"Snake Plant","floor":21.0,"turns":3.0},{"damage":19.0,"enemies":"Book of Stabbing","floor":24.0,"turns":6.0},{"damage":17,"enemies":"Gremlin Leader","floor":27,"turns":7},{"damage":16,"enemies":"Centurion and Healer","floor":28,"turns":4},{"damage":6,"enemies":"Cultist and Chosen","floor":29,"turns":5},{"damage":27,"enemies":"Sentry and Sphere","floor":31,"turns":6},{"damage":38,"enemies":"Champ","floor":33,"turns":8},{"damage":6,"enemies":"Orb Walker","floor":35,"turns":2},{"damage":3,"enemies":"3 Shapes","floor":42,"turns":4},{"damage":12,"enemies":"3 Darklings","floor":45,"turns":4},{"damage":30,"enemies":"Nemesis","floor":46,"turns":7},{"damage":14,"enemies":"4 Shapes","floor":47,"turns":4},{"damage":11,"enemies":"2 Orb Walkers","floor":48,"turns":4},{"damage":69,"enemies":"Time Eater","floor":50,"turns":10}],"event_choices":[{"event_name":"Golden Idol","player_choice":"Take Damage","floor":4.0,"damage_taken":0.0},{"event_name":"Scrap Ooze","player_choice":"success","floor":10.0,"damage_taken":7.0},{"event_name":"Addict","player_choice":"Ignored","floor":22.0,"damage_taken":0.0},{"event_name":"Winding Halls","player_choice":"Embrace Madness","floor":37,"damage_taken":0},{"event_name":"Golden Shrine","player_choice":"Desecrate","floor":38,"damage_taken":0},{"event_name":"Tomb of Lord Red Mask","player_choice":"Paid","floor":41,"damage_taken":0}],"boss_relics":[{"not_picked":["White Beast Statue","Velvet Choker"],"picked":"Runic Cube"}],"potions_floor_spawned":[3,8,11,12,14,18,24,28,33,47],"seed_played":"-2480939158052945779","ascension_level":0,"is_trial":false}