{"gold_per_floor":[112,122,135,210,221,221,246,246,246,246,262,262,49,81,81,156,156,171,197,85,0,0,0,0],"floor_reached":24,"playtime":2000,"items_purged":["Strike_B"],"score":409,"play_id":"ee3ec8aa-5b62-4986-93dd-dd87d9babe23","local_time":"20190206221256","is_ascension_mode":true,"campfire_choices":[{"data":"Chill","floor":6.0,"key":"SMITH"},{"data":"Beam Cell","floor":8.0,"key":"SMITH"},{"data":"Dualcast","floor":10.0,"key":"SMITH"},{"floor":15.0,"key":"REST"},{"data":"Fission","floor":23,"key":"SMITH"}],"neow_cost":"NONE","seed_source_timestamp":0,"circlet_count":0,"master_deck":["AscendersBane","Strike_B","Strike_B","Defend_B","Defend_B","Defend_B","Defend_B","Zap+1","Dualcast+1","Compile Driver","Beam Cell+1","Rebound","Chill+1","Steam","Conserve Battery","Cold Snap","White Noise","Fission+1","Leap+1","Hologram","Ghostly","Ghostly","Ghostly"],"special_seed":0,"relics":["Cracked Core","Oddly Smooth Stone","Question Card","Emotion Chip","Nuclear Battery","Red Mask","Mummified Hand"],"potions_floor_usage":[19],"damage_taken":[{"damage":1.0,"enemies":"Cultist","floor":1.0,"turns":3.0},{"damage":7.0,"enemies":"Jaw Worm","floor":2.0,"turns":2.0},{"damage":2.0,"enemies":"Small Slimes","floor":3.0,"turns":4.0},{"damage":2.0,"enemies":"2 Fungi Beasts","floor":5.0,"turns":3.0},{"damage":27.0,"enemies":"Lagavulin","floor":7.0,"turns":7.0},{"damage":9.0,"enemies":"Looter","floor":11.0,"turns":2.0},{"damage":0.0,"enemies":"3 Sentries","floor":14.0,"turns":6.0},{"damage":24.0,"enemies":"The Guardian","floor":16.0,"turns":11.0},{"damage":9.0,"enemies":"Shell Parasite","floor":18.0,"turns":4.0},{"damage":22,"enemies":"Masked Bandits","floor":19,"turns":5},{"damage":28,"enemies":"Book of Stabbing","floor":24,"turns":7}],"seed_played":"7494814524722238660","potions_obtained":[{"floor":5.0,"key":"LiquidBronze"},{"floor":16.0,"key":"PowerPotion"}],"is_trial":false,"path_per_floor":["M","M","M","?","M","R","E","R","T","R","M","?","$","E","R","B",null,"M","?","$","?","?","R","E"],"character_chosen":"DEFECT","items_purchased":["Conserve Battery","Cold Snap","AttackPotion","SteroidPotion","Explosive Potion"],"campfire_rested":1,"item_purchase_floors":[13,13,13,20,20],"current_hp_per_floor":[63,56,54,43,41,41,14,14,14,14,5,5,5,5,26,2,54,45,23,23,23,23,23,0],"gold":0,"neow_bonus":"UPGRADE_CARD","is_prod":false,"is_daily":false,"chose_seed":false,"campfire_upgraded":4,"win_rate":0,"timestamp":1549512776,"path_taken":["M","?","M","?","M","R","E","R","T","R","M","?","$","E","R","BOSS","M","?","$","?","?","R","E"],"build_version":"2019-01-23","purchased_purges":1,"victory":false,"max_hp_per_floor":[71,71,71,71,71,71,71,71,71,71,71,71,71,71,71,71,71,71,71,71,71,35,35,35],"card_choices":[{"not_picked":["Gash","Steam"],"picked":"Compile Driver","floor":1.0},{"not_picked":["Streamline","Undo"],"picked":"Beam Cell","floor":2.0},{"not_picked":["Aggregate","Streamline"],"picked":"Rebound","floor":3.0},{"not_picked":["Darkness","Leap"],"picked":"Chill","floor":5.0},{"not_picked":["Rip and Tear","Skim","Multi-Cast"],"picked":"SKIP","floor":7.0},{"not_picked":["Streamline","Beam Cell","Hello World"],"picked":"Steam","floor":11.0},{"not_picked":["Loop","Reinforced Body","Turbo"],"picked":"White Noise","floor":14.0},{"not_picked":["Reboot","Thunder Strike","Core Surge"],"picked":"Fission","floor":16.0},{"not_picked":["Ball Lightning","Gash","Darkness"],"picked":"Leap+1","floor":18.0},{"not_picked":["Coolheaded","Gash","Conserve Battery"],"picked":"Hologram","floor":19}],"player_experience":542617,"relics_obtained":[{"floor":7.0,"key":"Oddly Smooth Stone"},{"floor":9.0,"key":"Question Card"},{"floor":14.0,"key":"Emotion Chip"},{"floor":19,"key":"Red Mask"}],"event_choices":[{"damage_healed":0.0,"max_hp_gain":0.0,"max_hp_loss":0.0,"gold_gain":75.0,"event_name":"World of Goop","player_choice":"Gather Gold","floor":4.0,"gold_loss":0.0,"damage_taken":11.0},{"cards_removed":["Strike_B"],"damage_healed":0.0,"max_hp_gain":0.0,"max_hp_loss":0.0,"gold_gain":0.0,"event_name":"Living Wall","player_choice":"Forget","floor":12.0,"gold_loss":0.0,"damage_taken":0.0},{"damage_healed":0,"gold_gain":0,"player_choice":"Fought Bandits","damage_taken":0,"max_hp_gain":0,"max_hp_loss":0,"event_name":"Masked Bandits","floor":19,"gold_loss":0},{"damage_healed":0,"gold_gain":0,"player_choice":"Obtained Relic","damage_taken":0,"relics_obtained":["Mummified Hand"],"max_hp_gain":0,"max_hp_loss":0,"event_name":"Addict","floor":21,"gold_loss":85},{"damage_healed":0,"gold_gain":0,"player_choice":"Became a Ghost","damage_taken":0,"max_hp_gain":0,"max_hp_loss":36,"event_name":"Ghosts","floor":22,"gold_loss":0,"cards_obtained":["Ghostly","Ghostly","Ghostly"]}],"is_beta":false,"boss_relics":[{"not_picked":["Lizard Tail","Pandora\u0027s Box"],"picked":"Nuclear Battery"}],"items_purged_floors":[13],"is_endless":false,"potions_floor_spawned":[5,16],"killed_by":"Book of Stabbing","ascension_level":16}