{"gold_per_floor":[109,119,119,129,56,56,75,75,75,86,86,117,18,49,49,120,120,133,99,79,97,97,97],"floor_reached":23,"playtime":945,"items_purged":["Strike_G"],"score":348,"play_id":"a7dc7ff4-2a1e-4fc8-bae5-b44c8655226b","local_time":"20181020170255","is_ascension_mode":true,"campfire_choices":[{"data":"Neutralize","floor":6,"key":"SMITH"},{"data":"Footwork","floor":8,"key":"SMITH"},{"data":"Dash","floor":11,"key":"SMITH"},{"data":"Footwork","floor":15,"key":"SMITH"}],"neow_cost":"NONE","seed_source_timestamp":64805311586019,"circlet_count":0,"master_deck":["Defend_G","Defend_G","Defend_G","Defend_G","Defend_G","Strike_G","Strike_G","Strike_G","Strike_G","Survivor","Neutralize+1","AscendersBane","Poisoned Stab","Poisoned Stab","Dash+1","Footwork+1","Deadly Poison","Deflect","Footwork+1","Deadly Poison","Poisoned Stab","Glass Knife","Blur","Footwork","Dodge and Roll","Writhe"],"relics":["Ring of the Snake","Ice Cream","Blue Candle","Centennial Puzzle","Bottled Lightning","Black Star","Question Card"],"potions_floor_usage":[12,16,16,23],"damage_taken":[{"damage":0,"enemies":"Jaw Worm","floor":1,"turns":4},{"damage":0,"enemies":"Small Slimes","floor":2,"turns":3},{"damage":0,"enemies":"Cultist","floor":4,"turns":3},{"damage":0,"enemies":"Blue Slaver","floor":7,"turns":5},{"damage":9,"enemies":"Lots of Slimes","floor":10,"turns":7},{"damage":8,"enemies":"Lagavulin","floor":12,"turns":7},{"damage":5,"enemies":"3 Sentries","floor":14,"turns":12},{"damage":19,"enemies":"Slime Boss","floor":16,"turns":13},{"damage":21,"enemies":"2 Thieves","floor":18,"turns":5},{"damage":1,"enemies":"Spheric Guardian","floor":21,"turns":8},{"damage":39,"enemies":"Slavers","floor":23,"turns":6}],"seed_played":"-6333076015800628191","potions_obtained":[{"floor":4,"key":"Swift Potion"},{"floor":12,"key":"Energy Potion"},{"floor":14,"key":"FearPotion"},{"floor":20,"key":"Ancient Potion"}],"is_trial":false,"path_per_floor":["M","M","?","M","$","R","M","R","T","M","R","E","$","E","R","B",null,"M","$","?","M","?"],"character_chosen":"THE_SILENT","items_purchased":["Footwork","Deadly Poison","Footwork"],"campfire_rested":0,"item_purchase_floors":[5,13,19],"current_hp_per_floor":[65,65,60,60,60,60,60,60,60,51,51,43,43,38,38,19,59,38,38,38,37,37,0],"gold":97,"neow_bonus":"TEN_PERCENT_HP_BONUS","is_prod":false,"is_daily":false,"chose_seed":false,"campfire_upgraded":4,"win_rate":0,"timestamp":1540080175,"path_taken":["M","M","?","M","$","R","M","R","T","M","R","E","?","E","R","BOSS","M","$","?","M","?","E"],"build_version":"2018-10-18","purchased_purges":1,"victory":false,"max_hp_per_floor":[72,72,72,72,72,72,72,72,72,72,72,72,72,72,72,72,72,72,72,72,72,72,72],"card_choices":[{"not_picked":["Endless Agony","Reflex"],"picked":"Poisoned Stab","floor":1},{"not_picked":["Underhanded Strike","Dagger Spray"],"picked":"Poisoned Stab","floor":2},{"not_picked":["Sucker Punch","Prepared"],"picked":"Dash","floor":4},{"not_picked":["PiercingWail","Dagger Spray"],"picked":"Deadly Poison","floor":7},{"not_picked":["Outmaneuver","Acrobatics"],"picked":"Deflect","floor":10},{"not_picked":["Underhanded Strike","Endless Agony"],"picked":"Footwork","floor":12},{"not_picked":["Dagger Throw","PiercingWail"],"picked":"Poisoned Stab","floor":14},{"not_picked":["Bullet Time","Storm of Steel"],"picked":"Glass Knife","floor":16},{"not_picked":["Eviscerate","Outmaneuver"],"picked":"Blur","floor":18},{"not_picked":["Dagger Spray","Deflect"],"picked":"Dodge and Roll","floor":21}],"player_experience":968398,"relics_obtained":[{"floor":9,"key":"Blue Candle"},{"floor":12,"key":"Centennial Puzzle"},{"floor":14,"key":"Bottled Lightning"}],"event_choices":[{"damage_healed":0,"gold_gain":0,"player_choice":"Success","damage_taken":5,"relics_obtained":["Ice Cream"],"max_hp_gain":0,"max_hp_loss":0,"event_name":"Scrap Ooze","floor":3,"gold_loss":0},{"damage_healed":0,"gold_gain":0,"player_choice":"Bought 1 Potion","damage_taken":0,"max_hp_gain":0,"max_hp_loss":0,"event_name":"The Woman in Blue","floor":20,"gold_loss":0},{"damage_healed":0,"gold_gain":0,"player_choice":"Opened","damage_taken":0,"relics_obtained":["Question Card"],"max_hp_gain":0,"max_hp_loss":0,"event_name":"The Mausoleum","floor":22,"gold_loss":0,"cards_obtained":["Writhe"]}],"is_beta":false,"boss_relics":[{"not_picked":["Calling Bell","Eternal Feather"],"picked":"Black Star"}],"items_purged_floors":[13],"is_endless":false,"potions_floor_spawned":[4,12,14],"killed_by":"Slavers","ascension_level":15}