{"path_per_floor":["M","M","M","?","M","R","E","M","T","?","M","?","?","T","R","B",null,"M","?","M","?","M","R","M","R","T","E","?","M","M","$","R","B",null,"M"],"character_chosen":"THE_SILENT","items_purchased":["Bottled Tornado","Ancient Potion","PiercingWail+1"],"gold_per_floor":[116,127,143,143,157,157,183,198,198,198,215,215,215,238,238,343,343,356,281,299,299,310,310,323,323,395,429,429,447,458,46,46,143,173,185,185],"floor_reached":36,"campfire_rested":3,"playtime":2183,"item_purchase_floors":[31,31,31],"current_hp_per_floor":[60,59,59,52,46,46,36,36,36,22,22,22,22,22,43,23,58,58,58,58,58,37,58,59,59,59,38,38,38,21,21,42,15,56,46,0],"items_purged":["Injury"],"gold":185,"score":598,"play_id":"36ac0fbb-f75c-4f17-bc86-eb0152eb3e69","local_time":"20180524201644","is_prod":false,"is_daily":false,"chose_seed":false,"is_ascension_mode":true,"campfire_upgraded":2,"win_rate":0,"timestamp":1527218204,"campfire_choices":[{"data":"Footwork","floor":6,"key":"SMITH"},{"floor":15,"key":"REST"},{"floor":23,"key":"REST"},{"data":"Envenom","floor":25,"key":"SMITH"},{"floor":32,"key":"REST"}],"path_taken":["M","M","M","?","M","R","E","M","T","?","?","?","?","?","R","BOSS","M","?","M","?","M","R","M","R","T","E","?","?","?","$","R","BOSS","M","?"],"build_version":"2018-05-24","seed_source_timestamp":589263902593207,"purchased_purges":1,"victory":false,"master_deck":["Defend_G+1","Defend_G+1","Defend_G+1","Defend_G+1","Defend_G+1","Strike_G+1","Strike_G+1","Strike_G+1","Survivor+1","Neutralize","AscendersBane","Die Die Die","Noxious Fumes","Footwork+1","Backstab","Poisoned Stab+1","Dagger Spray","Bane","Envenom+1","Poisoned Stab","Bane","Deflect+1","Footwork","Poisoned Stab","PiercingWail+1","Adrenaline+1","Injury","Injury","Doubt","Backflip+1"],"max_hp_per_floor":[70,70,70,70,70,70,70,70,70,70,70,70,70,70,70,70,70,70,70,70,70,70,70,70,70,70,70,70,70,70,70,70,70,70,70,70],"relics":["Ring of the Snake","Boot","Bag of Marbles","Whetstone","Toxic Egg 2","Bag of Preparation","Cursed Key","Meat on the Bone","Blue Candle","Bottled Tornado","Calling Bell","Tiny Chest","Tough Bandages","Girya"],"card_choices":[{"not_picked":["Leg Sweep","Choke"],"picked":"Noxious Fumes","floor":1},{"not_picked":["Backstab","PiercingWail"],"picked":"Footwork","floor":2},{"not_picked":["All Out Attack","Prepared"],"picked":"Backstab","floor":3},{"not_picked":["Flying Knee","Dodge and Roll"],"picked":"Poisoned Stab","floor":5},{"not_picked":["Slice","Outmaneuver"],"picked":"Dagger Spray","floor":7},{"not_picked":["Slice","Predator","Acrobatics"],"picked":"SKIP","floor":8},{"not_picked":["Endless Agony","Choke"],"picked":"Bane","floor":11},{"not_picked":["Grand Finale","Doppelganger+1"],"picked":"Envenom","floor":16},{"not_picked":["Cloak And Dagger+1","Leg Sweep+1"],"picked":"Poisoned Stab","floor":18},{"not_picked":["Cloak And Dagger+1","Flying Knee","Dodge and Roll+1"],"picked":"SKIP","floor":20},{"not_picked":["Expertise+1","Eviscerate"],"picked":"Bane","floor":22},{"not_picked":["Choke","Underhanded Strike"],"picked":"Deflect+1","floor":24},{"not_picked":["Heel Hook","Slice"],"picked":"Footwork","floor":27},{"not_picked":["Bane+1","Outmaneuver+1"],"picked":"Poisoned Stab","floor":29},{"not_picked":["Dagger Throw","Infinite Blades+1","Accuracy"],"picked":"SKIP","floor":30},{"not_picked":["Doppelganger+1","Envenom"],"picked":"Adrenaline+1","floor":33},{"not_picked":["Dash+1","Flechettes"],"picked":"Backflip+1","floor":35}],"player_experience":495040,"potions_floor_usage":[7,24,33,33],"damage_taken":[{"damage":3,"enemies":"Jaw Worm","floor":1,"turns":4},{"damage":1,"enemies":"Small Slimes","floor":2,"turns":3},{"damage":0,"enemies":"2 Louse","floor":3,"turns":2},{"damage":6,"enemies":"Blue Slaver","floor":5,"turns":4},{"damage":10,"enemies":"3 Sentries","floor":7,"turns":7},{"damage":0,"enemies":"2 Fungi Beasts","floor":8,"turns":2},{"damage":0,"enemies":"3 Louse","floor":11,"turns":1},{"damage":20,"enemies":"The Guardian","floor":16,"turns":11},{"damage":0,"enemies":"3 Byrds","floor":18,"turns":4},{"damage":0,"enemies":"Chosen","floor":20,"turns":3},{"damage":21,"enemies":"Snake Plant","floor":22,"turns":4},{"damage":9,"enemies":"Centurion and Healer","floor":24,"turns":5},{"damage":33,"enemies":"Gremlin Leader","floor":27,"turns":8},{"damage":0,"enemies":"Cultist and Chosen","floor":29,"turns":6},{"damage":29,"enemies":"Snecko","floor":30,"turns":5},{"damage":57,"enemies":"Champ","floor":33,"turns":10},{"damage":22,"enemies":"3 Shapes","floor":35,"turns":8},{"damage":46,"enemies":"Mysterious Sphere","floor":36,"turns":4}],"relics_obtained":[{"floor":7,"key":"Bag of Marbles"},{"floor":9,"key":"Whetstone"},{"floor":14,"key":"Bag of Preparation"},{"floor":26,"key":"Meat on the Bone"},{"floor":27,"key":"Blue Candle"},{"floor":34,"key":"Tiny Chest"},{"floor":34,"key":"Tough Bandages"},{"floor":34,"key":"Girya"}],"event_choices":[{"event_name":"Scrap Ooze","player_choice":"success","floor":4,"damage_taken":7},{"event_name":"Shining Light","player_choice":"Entered Light","floor":10,"damage_taken":0},{"event_name":"Bonfire Elementals","player_choice":"BASIC","floor":12,"damage_taken":0},{"event_name":"Wheel of Change","player_choice":"Relic","floor":13,"damage_taken":0},{"event_name":"Beggar","player_choice":"Gave Gold","floor":19,"damage_taken":0},{"event_name":"Back to Basics","player_choice":"Simplicity","floor":21,"damage_taken":0},{"event_name":"Vampires","player_choice":"Ignored","floor":28,"damage_taken":0},{"event_name":"Mysterious Sphere","player_choice":"Fight","floor":36,"damage_taken":0}],"boss_relics":[{"not_picked":["Sozu","Astrolabe"],"picked":"Cursed Key"},{"not_picked":["Black Star","Orrery"],"picked":"Calling Bell"}],"items_purged_floors":[31],"potions_floor_spawned":[1,3,8,16,20,22,33],"seed_played":"7408640969579558811","killed_by":"Mysterious Sphere","ascension_level":11,"potions_obtained":[{"floor":1,"key":"Poison Potion"},{"floor":3,"key":"Poison Potion"},{"floor":8,"key":"Strength Potion"},{"floor":16,"key":"FairyPotion"},{"floor":20,"key":"Dexterity Potion"},{"floor":22,"key":"Regen Potion"},{"floor":33,"key":"Ancient Potion"}],"is_trial":false}