{"gold_per_floor":[112,62,81,81,100,125,143,68,119,90,90],"floor_reached":11,"playtime":383,"items_purged":["Strike_G"],"score":80,"play_id":"5365bc32-3fde-4f36-8e49-0078e55b9c3b","local_time":"20190421193043","is_ascension_mode":true,"campfire_choices":[],"neow_cost":"PERCENT_DAMAGE","seed_source_timestamp":953674740399453,"circlet_count":0,"master_deck":["Defend_G","Defend_G","Defend_G","Defend_G","Strike_G","Strike_G","Strike_G","Survivor","Neutralize","Corpse Explosion","Dash","Leg Sweep"],"relics":["Ring of the Snake","Question Card","Regal Pillow"],"potions_floor_usage":[],"damage_taken":[{"damage":0,"enemies":"Small Slimes","floor":1,"turns":3},{"damage":1,"enemies":"Jaw Worm","floor":3,"turns":3},{"damage":0,"enemies":"Cultist","floor":5,"turns":3},{"damage":24,"enemies":"Lagavulin","floor":6,"turns":7},{"damage":0,"enemies":"3 Louse","floor":7,"turns":2},{"damage":17,"enemies":"Lots of Slimes","floor":11,"turns":2}],"seed_played":"3058299278164468331","potions_obtained":[{"floor":5,"key":"LiquidBronze"},{"floor":6,"key":"Regen Potion"},{"floor":7,"key":"AttackPotion"}],"is_trial":false,"path_per_floor":["M","?","M","?","M","E","M","$","T","?","M"],"character_chosen":"THE_SILENT","items_purchased":[],"campfire_rested":0,"item_purchase_floors":[],"current_hp_per_floor":[49,49,48,41,41,17,17,17,17,17,0],"gold":90,"neow_bonus":"THREE_RARE_CARDS","is_prod":false,"is_daily":false,"chose_seed":false,"campfire_upgraded":0,"win_rate":0,"timestamp":1555889443,"path_taken":["M","?","M","?","M","E","M","$","T","?","M"],"build_version":"2019-01-23","purchased_purges":1,"victory":false,"max_hp_per_floor":[70,70,70,70,70,70,70,70,70,70,70],"card_choices":[{"not_picked":["Bullet Time","Wraith Form v2"],"picked":"Corpse Explosion","floor":0},{"not_picked":["Underhanded Strike","Deflect"],"picked":"Dash","floor":1},{"not_picked":["Riddle With Holes","PiercingWail"],"picked":"Leg Sweep","floor":3},{"not_picked":["Terror","Distraction","Poisoned Stab"],"picked":"SKIP","floor":5},{"not_picked":["Deflect","Bane","Prepared"],"picked":"SKIP","floor":6},{"not_picked":["Die Die Die","Bane","Dodge and Roll","Skewer"],"picked":"SKIP","floor":7}],"player_experience":73440,"relics_obtained":[{"floor":6,"key":"Question Card"},{"floor":9,"key":"Regal Pillow"}],"event_choices":[{"cards_removed":["Defend_G"],"damage_healed":0,"gold_gain":0,"player_choice":"Card Removal","damage_taken":0,"max_hp_gain":0,"max_hp_loss":0,"event_name":"The Cleric","floor":2,"gold_loss":50},{"cards_removed":["Strike_G"],"damage_healed":0,"gold_gain":0,"player_choice":"Card Removal","damage_taken":7,"max_hp_gain":0,"max_hp_loss":0,"event_name":"Golden Wing","floor":4,"gold_loss":0},{"damage_healed":0,"gold_gain":0,"player_choice":"Left Gold","damage_taken":0,"max_hp_gain":0,"max_hp_loss":0,"event_name":"World of Goop","floor":10,"gold_loss":29}],"is_beta":false,"boss_relics":[],"items_purged_floors":[8],"is_endless":false,"potions_floor_spawned":[5,6,7],"killed_by":"Lots of Slimes","ascension_level":2}