{"gold_per_floor":[113,113,113,38,38,38,74,74,125,168,244,267,283,301,301,427,427,442,455,455,33,56,56,94,94,148,191,191,191,66,91,91,210,210,231,231,300,28,28,28,28,61,61,102,116,116,116,140,140,140],"floor_reached":51,"playtime":3131,"items_purged":["Injury","Strike_G","Strike_G"],"score":1311,"play_id":"b313e994-f077-442b-84fc-e2e1af600175","local_time":"20180721154400","is_ascension_mode":true,"campfire_choices":[{"data":"Neutralize","floor":6,"key":"SMITH"},{"floor":8,"key":"REST"},{"data":"Backflip","floor":15,"key":"SMITH"},{"data":"Phantasmal Killer","floor":23,"key":"SMITH"},{"data":"Blade Dance","floor":25,"key":"SMITH"},{"data":"Well Laid Plans","floor":29,"key":"SMITH"},{"data":"Footwork","floor":32,"key":"SMITH"},{"data":"Finisher","floor":40,"key":"SMITH"},{"floor":49,"key":"REST"}],"neow_cost":"NONE","seed_source_timestamp":84347765857861,"circlet_count":0,"master_deck":["Defend_G","Defend_G+1","Defend_G","Defend_G+1","Defend_G+1","Strike_G","Strike_G","Survivor+1","Neutralize+1","Crippling Poison","Predator","Slice","Backflip+1","Phantasmal Killer+1","Poisoned Stab","Quick Slash+1","Blade Dance+1","Well Laid Plans+1","Slice+1","Quick Slash","Footwork+1","Adrenaline","Madness","Madness","Dagger Spray","Finisher+1","Endless Agony+1","Writhe","Backflip+1","Backstab"],"relics":["Ring of the Serpent","NeowsBlessing","Golden Idol","Dream Catcher","Pen Nib","Shuriken","Omamori","Cursed Key","Kunai","War Paint","Tiny Chest","Mango","Nunchaku","Ninja Scroll","Bird Faced Urn","Juzu Bracelet","Orichalcum","Anchor"],"potions_floor_usage":[13,22,27,33,37,42,50,50,50],"damage_taken":[{"damage":0,"enemies":"Small Slimes","floor":1,"turns":1},{"damage":0,"enemies":"Gremlin Nob","floor":7,"turns":1},{"damage":0,"enemies":"Lagavulin","floor":10,"turns":1},{"damage":22,"enemies":"3 Sentries","floor":11,"turns":9},{"damage":4,"enemies":"Jaw Worm","floor":12,"turns":3},{"damage":0,"enemies":"2 Louse","floor":13,"turns":1},{"damage":0,"enemies":"Looter","floor":14,"turns":2},{"damage":26,"enemies":"The Guardian","floor":16,"turns":14},{"damage":3,"enemies":"3 Byrds","floor":18,"turns":7},{"damage":7,"enemies":"Chosen","floor":19,"turns":5},{"damage":13,"enemies":"Snecko","floor":22,"turns":4},{"damage":15,"enemies":"Book of Stabbing","floor":24,"turns":6},{"damage":0,"enemies":"Gremlin Leader","floor":27,"turns":5},{"damage":0,"enemies":"Sentry and Sphere","floor":31,"turns":4},{"damage":7,"enemies":"Automaton","floor":33,"turns":8},{"damage":6,"enemies":"3 Shapes","floor":35,"turns":5},{"damage":14,"floor":37,"turns":5},{"damage":0,"floor":39,"turns":3},{"damage":22,"enemies":"2 Orb Walkers","floor":42,"turns":3},{"damage":7,"enemies":"Nemesis","floor":44,"turns":3},{"damage":0,"enemies":"3 Darklings","floor":45,"turns":3},{"damage":8,"enemies":"Flame Bruiser 2 Orb","floor":48,"turns":4},{"damage":0,"enemies":"Donu and Deca","floor":50,"turns":6}],"seed_played":"-1861787765551486899","potions_obtained":[{"floor":7,"key":"Weak Potion"},{"floor":11,"key":"AttackPotion"},{"floor":16,"key":"Regen Potion"},{"floor":19,"key":"Energy Potion"},{"floor":33,"key":"SpeedPotion"},{"floor":37,"key":"Dexterity Potion"},{"floor":39,"key":"SneckoOil"},{"floor":42,"key":"Strength Potion"},{"floor":48,"key":"SkillPotion"}],"is_trial":false,"path_per_floor":["M","?","?","$","?","R","E","R","T","E","?","M","M","M","R","B",null,"M","M","?","$","M","R","E","R","T","E","?","R","$","M","R","B",null,"M","?","?","$","?","R","?","E","T","E","M","?","T","M","R","B"],"character_chosen":"THE_SILENT","items_purchased":["Kunai","Blade Dance","Ninja Scroll","Finisher"],"campfire_rested":2,"item_purchase_floors":[21,21,38,38],"current_hp_per_floor":[70,56,56,56,56,56,56,70,70,70,48,44,44,44,44,18,70,67,60,60,60,59,59,44,44,44,58,58,58,58,58,58,51,84,78,67,53,53,53,53,53,35,35,30,32,32,32,26,51,55],"gold":140,"neow_bonus":"THREE_ENEMY_KILL","is_prod":false,"is_daily":false,"chose_seed":false,"campfire_upgraded":7,"win_rate":0,"timestamp":1532205840,"path_taken":["M","?","?","$","?","R","E","R","T","E","?","M","M","M","R","BOSS","M","?","?","?","M","R","E","R","T","E","?","R","$","M","R","BOSS","M","?","?","$","?","R","?","E","T","E","M","?","?","M","R","BOSS"],"build_version":"2018-07-19v2","purchased_purges":3,"victory":true,"max_hp_per_floor":[70,70,70,70,70,70,70,70,70,70,70,70,70,70,70,70,70,70,70,70,70,70,70,70,70,70,84,84,84,84,84,84,84,84,84,84,84,84,84,84,84,84,84,84,84,84,84,84,84,84],"card_choices":[{"not_picked":["Deadly Poison","Flying Knee","Dagger Throw"],"picked":"SKIP","floor":1},{"not_picked":["Bane","Prepared","Deflect"],"picked":"SKIP","floor":7},{"not_picked":["Endless Agony","Dagger Spray"],"picked":"Crippling Poison","floor":10},{"not_picked":["After Image","Masterful Stab"],"picked":"Predator","floor":11},{"not_picked":["Prepared","Noxious Fumes"],"picked":"Slice","floor":12},{"not_picked":["Slice","Dagger Throw"],"picked":"Backflip","floor":13},{"not_picked":["Underhanded Strike","Outmaneuver","Finisher"],"picked":"SKIP","floor":14},{"not_picked":["Doppelganger","Venomology"],"picked":"Phantasmal Killer","floor":16},{"not_picked":["Tactician","Calculated Gamble+1"],"picked":"Poisoned Stab","floor":18},{"not_picked":["Crippling Poison","Acrobatics+1"],"picked":"Quick Slash+1","floor":19},{"not_picked":["Underhanded Strike+1","Bane"],"picked":"Well Laid Plans","floor":22},{"not_picked":["Bane","PiercingWail"],"picked":"Slice+1","floor":24},{"not_picked":["Flying Knee","Dash"],"picked":"Quick Slash","floor":27},{"not_picked":["Expertise","Acrobatics"],"picked":"Footwork","floor":31},{"not_picked":["Venomology","Night Terror"],"picked":"Adrenaline","floor":33},{"not_picked":["Sucker Punch+1","Poisoned Stab","Deflect+1"],"picked":"SKIP","floor":35},{"not_picked":["Dodge and Roll","Reflex"],"picked":"Dagger Spray","floor":37},{"not_picked":["Catalyst+1","Underhanded Strike"],"picked":"Endless Agony+1","floor":42},{"not_picked":["Caltrops","Slice"],"picked":"Backflip+1","floor":44},{"not_picked":["Dodge and Roll","Wraith Form v2","Bane"],"picked":"SKIP","floor":45},{"not_picked":["Flying Knee","Flechettes+1"],"picked":"Backstab","floor":48}],"player_experience":295099,"relics_obtained":[{"floor":7,"key":"Dream Catcher"},{"floor":9,"key":"Pen Nib"},{"floor":10,"key":"Shuriken"},{"floor":11,"key":"Omamori"},{"floor":24,"key":"War Paint"},{"floor":26,"key":"Tiny Chest"},{"floor":27,"key":"Mango"},{"floor":37,"key":"Nunchaku"},{"floor":39,"key":"Bird Faced Urn"},{"floor":42,"key":"Juzu Bracelet"},{"floor":43,"key":"Orichalcum"},{"floor":44,"key":"Anchor"}],"event_choices":[{"event_name":"Shining Light","player_choice":"Entered Light","floor":2,"damage_taken":0},{"event_name":"Golden Idol","player_choice":"Take Wound","floor":3,"damage_taken":0},{"event_name":"Wheel of Change","player_choice":"Curse","floor":5,"damage_taken":0},{"event_name":"Dead Adventurer","player_choice":"Searched \u00272\u0027 times","floor":11,"damage_taken":0},{"event_name":"Transmorgrifier","player_choice":"Transform","floor":20,"damage_taken":0},{"event_name":"Ghosts","player_choice":"Ignored","floor":28,"damage_taken":0},{"event_name":"Winding Halls","player_choice":"Embrace Madness","floor":36,"damage_taken":0},{"event_name":"Mysterious Sphere","player_choice":"Fight","floor":37,"damage_taken":0},{"event_name":"MindBloom","player_choice":"Fight","floor":39,"damage_taken":0},{"event_name":"Bonfire Elementals","player_choice":"BASIC","floor":41,"damage_taken":0},{"event_name":"Accursed Blacksmith","player_choice":"Ignore","floor":46,"damage_taken":0}],"is_beta":false,"boss_relics":[{"not_picked":["Philosopher\u0027s Stone","Runic Dome"],"picked":"Cursed Key"},{"not_picked":["Coffee Dripper","HoveringKite"],"picked":"Ring of the Serpent"}],"items_purged_floors":[4,21,30],"is_endless":false,"potions_floor_spawned":[7,11,16,19,33,37,39,42,48],"ascension_level":4}