{"gold_per_floor":[112,126,126,126,138,163,163,193,216,236,236,251,235,34,34,138,138,155,168,22,22,38,38,38,63,110,110],"floor_reached":27,"playtime":2019,"items_purged":["Pain"],"score":279,"play_id":"71e67c9b-4ae6-46ab-907f-4513f07f3e9f","local_time":"20180714131814","is_ascension_mode":true,"campfire_choices":[{"data":"Storm of Steel","floor":7,"key":"SMITH"},{"data":"Noxious Fumes","floor":11,"key":"SMITH"},{"floor":15,"key":"REST"},{"data":"Footwork","floor":23,"key":"SMITH"}],"neow_cost":"","seed_source_timestamp":3469016958102,"circlet_count":0,"master_deck":["Defend_G","Defend_G+1","Defend_G","Defend_G","Defend_G","Strike_G","Strike_G+1","Strike_G","Strike_G","Strike_G","Survivor","Neutralize","Noxious Fumes+1","Terror","Storm of Steel+1","Infinite Blades","Footwork+1","Escape Plan","Corpse Explosion","Regret","Injury","Accuracy","After Image"],"relics":["Ring of the Snake","Strawberry","Potion Belt","Oddly Smooth Stone","TwistedFunnel","Calling Bell","Boot","Incense Burner","Shuriken","Letter Opener","Pen Nib"],"potions_floor_usage":[6,13,16,18,25,25,25,25],"damage_taken":[{"damage":0,"enemies":"Cultist","floor":1,"turns":4},{"damage":5,"enemies":"2 Louse","floor":2,"turns":3},{"damage":0,"enemies":"Small Slimes","floor":5,"turns":3},{"damage":20,"enemies":"Gremlin Nob","floor":6,"turns":4},{"damage":19,"enemies":"3 Sentries","floor":8,"turns":10},{"damage":2,"enemies":"Looter","floor":10,"turns":3},{"damage":1,"enemies":"Blue Slaver","floor":12,"turns":5},{"damage":9,"enemies":"Exordium Thugs","floor":13,"turns":5},{"damage":17,"enemies":"Slime Boss","floor":16,"turns":7},{"damage":25,"enemies":"Chosen","floor":18,"turns":6},{"damage":18,"enemies":"Shell Parasite","floor":19,"turns":5},{"damage":12,"enemies":"3 Cultists","floor":22,"turns":5},{"damage":35,"enemies":"Slavers","floor":25,"turns":3},{"damage":1,"enemies":"Sentry and Sphere","floor":27,"turns":1}],"seed_played":"1245114972308025539","potions_obtained":[{"floor":1,"key":"Weak Potion"},{"floor":6,"key":"Strength Potion"},{"floor":8,"key":"SteroidPotion"},{"floor":12,"key":"FearPotion"},{"floor":16,"key":"SkillPotion"},{"floor":18,"key":"GamblersBrew"},{"floor":19,"key":"Regen Potion"},{"floor":22,"key":"SkillPotion"}],"is_trial":false,"path_per_floor":["M","M","?","?","M","E","R","E","T","M","R","M","M","$","R","B",null,"M","M","$","?","M","R","?","E","T"],"character_chosen":"THE_SILENT","items_purchased":["TwistedFunnel","Accuracy"],"campfire_rested":1,"item_purchase_floors":[14,20],"current_hp_per_floor":[70,65,70,55,55,42,42,23,23,21,21,20,11,11,35,18,82,57,39,39,39,27,27,27,1,1,0],"gold":110,"neow_bonus":"","is_prod":false,"is_daily":false,"chose_seed":false,"campfire_upgraded":3,"win_rate":0,"timestamp":1531592294,"path_taken":["M","?","?","?","M","E","R","E","T","M","R","M","M","$","R","BOSS","M","M","?","?","?","R","?","E","T","M"],"build_version":"2018-07-12","purchased_purges":1,"victory":false,"max_hp_per_floor":[70,70,75,75,75,82,82,82,82,82,82,82,82,82,82,82,82,82,82,82,82,82,82,82,82,82,82],"card_choices":[{"not_picked":["All Out Attack","Underhanded Strike"],"picked":"Noxious Fumes","floor":1},{"not_picked":["Underhanded Strike","Bane"],"picked":"Terror","floor":2},{"not_picked":["Outmaneuver","Dodge and Roll","Crippling Poison"],"picked":"SKIP","floor":5},{"not_picked":["Acrobatics","Quick Slash"],"picked":"Storm of Steel","floor":6},{"not_picked":["Cloak And Dagger","Outmaneuver"],"picked":"Infinite Blades","floor":8},{"not_picked":["Endless Agony","Dagger Throw"],"picked":"Footwork","floor":10},{"not_picked":["Underhanded Strike","All Out Attack"],"picked":"Escape Plan","floor":12},{"not_picked":["Dodge and Roll","Bane","Leg Sweep"],"picked":"SKIP","floor":13},{"not_picked":["After Image","Phantasmal Killer"],"picked":"Corpse Explosion","floor":16},{"not_picked":["Riddle With Holes","Poisoned Stab","Sucker Punch"],"picked":"SKIP","floor":18},{"not_picked":["Outmaneuver","Concentrate","Sucker Punch"],"picked":"SKIP","floor":19},{"not_picked":["Finisher","Underhanded Strike+1","Prepared"],"picked":"SKIP","floor":22},{"not_picked":["Blade Dance","Deflect"],"picked":"After Image","floor":25}],"player_experience":277779,"relics_obtained":[{"floor":6,"key":"Strawberry"},{"floor":8,"key":"Potion Belt"},{"floor":9,"key":"Oddly Smooth Stone"},{"floor":17,"key":"Boot"},{"floor":17,"key":"Incense Burner"},{"floor":17,"key":"Shuriken"},{"floor":25,"key":"Letter Opener"},{"floor":26,"key":"Pen Nib"}],"event_choices":[{"event_name":"Big Fish","player_choice":"Donut","floor":3,"damage_taken":0},{"event_name":"Shining Light","player_choice":"Entered Light","floor":4,"damage_taken":0},{"event_name":"Beggar","player_choice":"Ignored","floor":21,"damage_taken":0},{"event_name":"Addict","player_choice":"Ignored","floor":24,"damage_taken":0}],"boss_relics":[{"not_picked":["Snecko Eye","Astrolabe"],"picked":"Calling Bell"}],"items_purged_floors":[20],"is_endless":false,"potions_floor_spawned":[1,6,8,12,16,18,19,22],"killed_by":"Sentry and Sphere","ascension_level":3}