{"gold_per_floor":[527,527,556,589,632,644,227,227,260,294,320,320,66,66,66],"floor_reached":15,"playtime":812,"items_purged":["Strike_B","Strike_B"],"score":135,"play_id":"34b8ed63-04d2-4c13-a357-bd11c4fc935b","local_time":"20190418224515","daily_mods":["CTS - Gold Difficulty","CTS - Elite Rush","Uncertain Future"],"is_ascension_mode":false,"campfire_choices":[{"data":"Zap","floor":2,"key":"SMITH"},{"data":"Darkness","floor":8,"key":"SMITH"},{"floor":14,"key":"REST"}],"neow_cost":"","seed_source_timestamp":0,"circlet_count":0,"master_deck":["AscendersBane","Strike_B","Strike_B","Defend_B","Defend_B","Defend_B+1","Defend_B+1","Zap+1","Dualcast","Core Surge","Loop","Ball Lightning","Darkness+1","Barrage","Capacitor","Hologram","FTL","Cold Snap","Undo","Defragment"],"relics":["FrozenCore","Black Star","Sling","PreservedInsect","Emotion Chip","Letter Opener","MawBank","War Paint","Shovel","Ginger","Cursed Key","Lee\u0027s Waffle","Blood Vial","Orichalcum","Symbiotic Virus","Pocketwatch","Blue Candle","Bottled Flame","Anchor"],"potions_floor_usage":[11],"damage_taken":[{"damage":8,"enemies":"Gremlin Nob","floor":3,"turns":3},{"damage":10,"enemies":"Lagavulin","floor":4,"turns":3},{"damage":24,"enemies":"3 Sentries","floor":5,"turns":6},{"damage":37,"enemies":"Gremlin Leader","floor":9,"turns":5},{"damage":33,"enemies":"Slavers","floor":10,"turns":4},{"damage":5,"enemies":"Book of Stabbing","floor":11,"turns":3},{"damage":35,"enemies":"Giant Head","floor":15,"turns":6}],"seed_played":"2440311059936110622","potions_obtained":[{"floor":3,"key":"FocusPotion"},{"floor":4,"key":"Ancient Potion"},{"floor":11,"key":"Strength Potion"}],"is_trial":true,"path_per_floor":["$","R","E","E","E","T","$","R","E","E","E","T","$","R","E"],"character_chosen":"DEFECT","items_purchased":["Core Surge","Loop","Capacitor","Hologram","FTL","Lee\u0027s Waffle","Anchor"],"campfire_rested":1,"item_purchase_floors":[1,1,7,7,7,7,13],"current_hp_per_floor":[64,64,56,46,22,22,78,78,41,10,7,7,7,30,0],"gold":66,"neow_bonus":"","is_prod":false,"is_daily":false,"chose_seed":false,"campfire_upgraded":2,"win_rate":0,"timestamp":1555645515,"path_taken":["$","R","E","E","E","T","$","R","E","E","E","T","$","R","E"],"build_version":"2019-01-23","purchased_purges":2,"victory":false,"max_hp_per_floor":[71,71,71,71,71,71,78,78,78,78,78,78,78,78,78],"card_choices":[{"not_picked":["Static Discharge","Beam Cell"],"picked":"Ball Lightning","floor":3},{"not_picked":["Static Discharge","Tempest"],"picked":"Darkness","floor":4},{"not_picked":["Gash","Leap"],"picked":"Barrage","floor":5},{"not_picked":["Loop","Consume"],"picked":"Cold Snap","floor":9},{"not_picked":["Conserve Battery","Auto Shields"],"picked":"Undo","floor":10},{"not_picked":["Reboot","Redo"],"picked":"Defragment","floor":11}],"player_experience":777436,"relics_obtained":[{"floor":3,"key":"Emotion Chip"},{"floor":3,"key":"Letter Opener"},{"floor":4,"key":"MawBank"},{"floor":4,"key":"War Paint"},{"floor":5,"key":"Shovel"},{"floor":5,"key":"Ginger"},{"floor":9,"key":"Blood Vial"},{"floor":9,"key":"Orichalcum"},{"floor":10,"key":"Symbiotic Virus"},{"floor":10,"key":"Pocketwatch"},{"floor":11,"key":"Blue Candle"},{"floor":11,"key":"Bottled Flame"}],"event_choices":[],"is_beta":false,"boss_relics":[{"not_picked":["Pandora\u0027s Box","Orrery"],"picked":"Cursed Key"},{"not_picked":["Tiny House","Eternal Feather"],"picked":"FrozenCore"}],"items_purged_floors":[7,13],"is_endless":false,"potions_floor_spawned":[3,4,11],"killed_by":"Giant Head","ascension_level":14}