{"gold_per_floor":[118,193,38,38,50,83,83,99,99,124,137,156,156,169,169,271,271,284,284,284,304,316,316,328,328,328,328,340,351,276,292,292,387,387,398,411,421,421],"floor_reached":38,"playtime":2653,"items_purged":["Strike_G+1"],"score":392,"play_id":"becb3843-de87-4ffc-bd22-6713c2cd3c18","local_time":"20181007005219","is_ascension_mode":false,"campfire_choices":[{"data":"Corpse Explosion","floor":7.0,"key":"SMITH"},{"floor":13.0,"key":"REST"},{"data":"Catalyst","floor":15.0,"key":"SMITH"},{"floor":23.0,"key":"REST"},{"floor":25.0,"key":"REST"},{"floor":27.0,"key":"REST"},{"floor":32,"key":"REST"}],"neow_cost":"PERCENT_DAMAGE","seed_source_timestamp":0,"circlet_count":0,"master_deck":["Defend_G+1","Defend_G+1","Defend_G+1","Defend_G+1","Defend_G+1","Strike_G+1","Strike_G+1","Strike_G+1","Survivor","Neutralize","Corpse Explosion+1","Escape Plan","Dagger Throw","Blur","Catalyst+1","Well Laid Plans","Poisoned Stab","Backflip","Envenom","Dodge and Roll","Deadly Poison","Backflip","Deadly Poison","Cloak And Dagger","Poisoned Stab+1","Noxious Fumes","Dodge and Roll+1","Footwork","Footwork+1","After Image","Dash","Poisoned Stab"],"special_seed":0,"relics":["Ring of the Snake","Bronze Scales","Boot","Ornamental Fan","Shuriken","Orrery","Question Card","White Beast Statue"],"potions_floor_usage":[29,33,33],"damage_taken":[{"damage":0.0,"enemies":"Small Slimes","floor":1.0,"turns":4.0},{"damage":0.0,"enemies":"2 Louse","floor":5.0,"turns":2.0},{"damage":9.0,"enemies":"3 Sentries","floor":6.0,"turns":3.0},{"damage":0.0,"enemies":"Cultist","floor":8.0,"turns":3.0},{"damage":10.0,"enemies":"Lagavulin","floor":10.0,"turns":5.0},{"damage":0.0,"enemies":"2 Fungi Beasts","floor":11.0,"turns":2.0},{"damage":7.0,"enemies":"Exordium Thugs","floor":12.0,"turns":4.0},{"damage":7.0,"enemies":"Blue Slaver","floor":14.0,"turns":3.0},{"damage":5.0,"enemies":"Hexaghost","floor":16.0,"turns":7.0},{"damage":16.0,"enemies":"Spheric Guardian","floor":18.0,"turns":7.0},{"damage":7.0,"enemies":"2 Thieves","floor":21.0,"turns":3.0},{"damage":25.0,"enemies":"Cultist and Chosen","floor":22.0,"turns":4.0},{"damage":23.0,"enemies":"Shelled Parasite and Fungi","floor":24.0,"turns":6.0},{"damage":9.0,"enemies":"Centurion and Healer","floor":28.0,"turns":6.0},{"damage":17,"enemies":"Chosen and Byrds","floor":29,"turns":7},{"damage":17,"enemies":"Sentry and Sphere","floor":31,"turns":9},{"damage":22,"enemies":"Automaton","floor":33,"turns":13},{"damage":18,"enemies":"3 Shapes","floor":35,"turns":3},{"damage":6,"enemies":"Orb Walker","floor":36,"turns":7},{"damage":71,"enemies":"Transient","floor":37,"turns":5},{"damage":10,"enemies":"Maw","floor":38,"turns":4}],"seed_played":"-7079540178200101786","potions_obtained":[{"floor":1.0,"key":"SkillPotion"},{"floor":6.0,"key":"SteroidPotion"},{"floor":10.0,"key":"Swift Potion"},{"floor":11.0,"key":"PowerPotion"},{"floor":12.0,"key":"Weak Potion"},{"floor":22.0,"key":"Weak Potion"},{"floor":35,"key":"Weak Potion"},{"floor":36,"key":"FairyPotion"},{"floor":37,"key":"Block Potion"}],"is_trial":false,"path_per_floor":["M","?","$","?","M","E","R","M","T","E","M","M","R","M","R","B",null,"M","?","?","M","M","R","M","R","T","R","M","M","$","M","R","B",null,"M","M","M"],"character_chosen":"THE_SILENT","items_purchased":["Bronze Scales"],"campfire_rested":5,"item_purchase_floors":[3],"current_hp_per_floor":[49,38,38,38,38,29,29,29,29,19,19,12,33,26,26,21,70,54,54,41,34,9,31,8,30,30,52,43,26,26,9,31,9,75,57,51,7,0],"gold":421,"neow_bonus":"THREE_RARE_CARDS","is_prod":false,"is_daily":false,"chose_seed":false,"campfire_upgraded":2,"win_rate":0,"timestamp":1538898739,"path_taken":["M","?","$","?","M","E","R","?","T","E","?","M","R","M","R","BOSS","M","?","?","M","?","R","M","R","T","R","M","M","$","?","R","BOSS","M","?","?","M"],"build_version":"2018-10-04v2","purchased_purges":1,"victory":false,"max_hp_per_floor":[70,70,70,70,70,70,70,70,70,70,70,70,70,70,70,70,70,70,70,75,75,75,75,75,75,75,75,75,75,75,75,75,75,75,75,75,75,75],"card_choices":[{"not_picked":["Wraith Form v2","Die Die Die"],"picked":"Corpse Explosion","floor":0.0},{"not_picked":["Heel Hook","Sucker Punch"],"picked":"Escape Plan","floor":1.0},{"not_picked":["Reflex","Accuracy","Tactician"],"picked":"SKIP","floor":5.0},{"not_picked":["Doppelganger","Slice","Setup"],"picked":"SKIP","floor":6.0},{"not_picked":["Terror","Dagger Spray"],"picked":"Blur","floor":8.0},{"not_picked":["Blur","Endless Agony"],"picked":"Catalyst","floor":10.0},{"not_picked":["Slice","Quick Slash"],"picked":"Well Laid Plans","floor":11.0},{"not_picked":["Deflect","Acrobatics"],"picked":"Poisoned Stab","floor":12.0},{"not_picked":["Poisoned Stab","Flying Knee"],"picked":"Backflip","floor":14.0},{"not_picked":["A Thousand Cuts","Grand Finale"],"picked":"Envenom","floor":16.0},{"not_picked":["Slice","Deflect"],"picked":"Dodge and Roll","floor":17.0},{"not_picked":["Calculated Gamble","Reflex"],"picked":"Deadly Poison","floor":17.0},{"not_picked":["Slice","Flying Knee"],"picked":"Backflip","floor":17.0},{"not_picked":["Terror","Backflip"],"picked":"Deadly Poison","floor":17.0},{"not_picked":["Eviscerate","Outmaneuver"],"picked":"Cloak And Dagger","floor":17.0},{"not_picked":["Skewer+1","Slice","Blade Dance"],"picked":"SKIP","floor":18.0},{"not_picked":["Envenom","Acrobatics"],"picked":"Poisoned Stab+1","floor":21.0},{"not_picked":["Poisoned Stab","Backflip"],"picked":"Noxious Fumes","floor":22.0},{"not_picked":["Underhanded Strike+1","Blade Dance","Riddle With Holes"],"picked":"SKIP","floor":24.0},{"not_picked":["Flying Knee","Blur","Flechettes"],"picked":"Dodge and Roll+1","floor":28.0},{"not_picked":["Skewer","Reflex+1","Dodge and Roll"],"picked":"Footwork","floor":29},{"not_picked":["Leg Sweep+1","Dagger Throw+1","PiercingWail"],"picked":"Footwork+1","floor":31},{"not_picked":["Bullet Time","Phantasmal Killer","Die Die Die"],"picked":"After Image","floor":33},{"not_picked":["Reflex","Flying Knee","Acrobatics","Sucker Punch+1"],"picked":"SKIP","floor":35},{"not_picked":["Underhanded Strike+1","Leg Sweep+1","Poisoned Stab"],"picked":"Dash","floor":36},{"not_picked":["Reflex+1","Dagger Throw","Quick Slash"],"picked":"Poisoned Stab","floor":37}],"player_experience":900150,"relics_obtained":[{"floor":6.0,"key":"Boot"},{"floor":9.0,"key":"Ornamental Fan"},{"floor":10.0,"key":"Shuriken"},{"floor":26.0,"key":"Question Card"}],"event_choices":[{"event_name":"World of Goop","player_choice":"Gather Gold","floor":2.0,"damage_taken":0.0},{"event_name":"Living Wall","player_choice":"Change","floor":4.0,"damage_taken":0.0},{"event_name":"Back to Basics","player_choice":"Simplicity","floor":19.0,"damage_taken":0.0},{"event_name":"Forgotten Altar","player_choice":"Shed Blood","floor":20.0,"damage_taken":0.0}],"is_beta":false,"boss_relics":[{"not_picked":["HoveringKite","Empty Cage"],"picked":"Orrery"},{"not_picked":["WristBlade","Pandora\u0027s Box"],"picked":"White Beast Statue"}],"items_purged_floors":[30],"is_endless":false,"potions_floor_spawned":[1,6,10,11,12,22,24,35,36,37],"killed_by":"Maw","ascension_level":0}