{"gold_per_floor":[113,38,213,223,25,37,37,50,50,68,68,68,94,127,127,228,228,248,264,0,0,0,0,0,0,0,10,10,29,45,57,57,57],"floor_reached":33,"playtime":802,"items_purged":["Defend_R","Doubt"],"score":247,"play_id":"32e552db-a6d2-4f27-9c39-4315fefbc472","local_time":"20180807204049","is_ascension_mode":false,"campfire_choices":[{"data":"Flex","floor":7,"key":"SMITH"},{"data":"Uppercut","floor":12,"key":"SMITH"},{"data":"Pommel Strike","floor":15,"key":"SMITH"},{"data":"Rage","floor":23,"key":"SMITH"},{"data":"Flex","floor":25,"key":"SMITH"},{"floor":32,"key":"REST"}],"neow_cost":"NONE","seed_source_timestamp":16774888747433,"circlet_count":0,"master_deck":["Strike_R","Strike_R","Strike_R","Strike_R","Strike_R","Defend_R","Defend_R","Defend_R","Bash","Clash","Flex+1","Thunderclap","Rage+1","Pommel Strike+1","Uppercut+1","Shrug It Off","Flex+1","Offering+1"],"relics":["Sozu","Nunchaku","Odd Mushroom","Torii","Mark of Pain","Toxic Egg 2"],"potions_floor_usage":[],"damage_taken":[{"damage":1,"enemies":"Jaw Worm","floor":1,"turns":3},{"damage":2,"enemies":"2 Louse","floor":4,"turns":2},{"damage":0,"enemies":"Cultist","floor":6,"turns":2},{"damage":0,"enemies":"Large Slime","floor":8,"turns":5},{"damage":5,"enemies":"Looter","floor":10,"turns":2},{"damage":6,"floor":13,"turns":3},{"damage":4,"enemies":"Lagavulin","floor":14,"turns":3},{"damage":14,"enemies":"Hexaghost","floor":16,"turns":8},{"damage":9,"enemies":"3 Byrds","floor":18,"turns":5},{"damage":0,"enemies":"Shell Parasite","floor":19,"turns":2},{"damage":14,"enemies":"Centurion and Healer","floor":27,"turns":5},{"damage":11,"enemies":"Sentry and Sphere","floor":29,"turns":4},{"damage":5,"enemies":"Snecko","floor":30,"turns":3},{"damage":11,"enemies":"Chosen and Byrds","floor":31,"turns":6},{"damage":54,"enemies":"Champ","floor":33,"turns":10}],"seed_played":"4681845620436517628","potions_obtained":[],"is_trial":false,"path_per_floor":["M","$","?","M","$","M","R","M","T","M","?","R","?","E","R","B",null,"M","M","?","$","$","R","$","R","T","M","?","M","M","M","R"],"character_chosen":"IRONCLAD","items_purchased":["Flex","Thunderclap"],"campfire_rested":1,"item_purchase_floors":[5,5],"current_hp_per_floor":[79,79,79,77,77,77,77,77,77,72,72,72,66,62,62,48,80,71,71,71,71,71,71,71,71,71,57,57,46,41,30,54,0],"gold":57,"neow_bonus":"BOSS_RELIC","is_prod":false,"is_daily":false,"chose_seed":false,"campfire_upgraded":5,"win_rate":0,"timestamp":1533692449,"path_taken":["M","$","?","?","$","M","R","M","T","M","?","R","?","E","R","BOSS","M","?","?","?","$","R","$","R","T","?","?","M","M","M","R","BOSS"],"build_version":"2018-08-02","purchased_purges":2,"victory":false,"max_hp_per_floor":[80,80,80,80,80,80,80,80,80,80,80,80,80,80,80,80,80,80,80,80,80,80,80,80,80,80,80,80,80,80,80,80,80],"card_choices":[{"not_picked":["Iron Wave","Cleave","Clothesline"],"picked":"SKIP","floor":1},{"not_picked":["Entrench","Spot Weakness"],"picked":"Clash","floor":4},{"not_picked":["Heavy Blade","Impervious"],"picked":"Rage","floor":6},{"not_picked":["Armaments","Warcry"],"picked":"Pommel Strike","floor":8},{"not_picked":["Spot Weakness","Rage"],"picked":"Uppercut","floor":10},{"not_picked":["Sword Boomerang","Pommel Strike"],"picked":"Shrug It Off","floor":14},{"not_picked":["Headbutt","Wild Strike","Bloodletting+1"],"picked":"SKIP","floor":18},{"not_picked":["Clash+1","Iron Wave+1"],"picked":"Flex","floor":19},{"not_picked":["Heavy Blade","Havoc+1","Carnage"],"picked":"SKIP","floor":27},{"not_picked":["Thunderclap","Wild Strike"],"picked":"Offering+1","floor":29},{"not_picked":["Thunderclap","Body Slam+1","Headbutt"],"picked":"SKIP","floor":30},{"not_picked":["Headbutt+1","Sentinel+1","Burning Pact+1"],"picked":"SKIP","floor":31}],"player_experience":336798,"relics_obtained":[{"floor":9,"key":"Nunchaku"},{"floor":13,"key":"Odd Mushroom"},{"floor":14,"key":"Torii"},{"floor":26,"key":"Toxic Egg 2"}],"event_choices":[{"event_name":"Liars Game","player_choice":"agreed","floor":3,"damage_taken":0},{"event_name":"Dead Adventurer","player_choice":"Searched \u00270\u0027 times","floor":11,"damage_taken":0},{"event_name":"Mushrooms","player_choice":"Fought Mushrooms","floor":13,"damage_taken":0},{"event_name":"Masked Bandits","player_choice":"Paid Bandits 264 gold","floor":20,"damage_taken":0},{"event_name":"Drug Dealer","player_choice":"Ignored","floor":28,"damage_taken":0}],"is_beta":false,"boss_relics":[{"not_picked":["Runic Pyramid","Eternal Feather"],"picked":"Mark of Pain"}],"items_purged_floors":[2,5],"is_endless":false,"potions_floor_spawned":[1,6,13,14,27,29,30],"killed_by":"Champ","ascension_level":0}