{"gold_per_floor":[111,130,130,130,144,174,174,174,200,200,214,228,33,62,62,160,160,177,187,187,187,187,187,221,253,265,304,316,12,12,41,41,141,141,157,204,204,27,54,54,80,80,80,106,124,140,172,172,172,172,172,172,22,52,52],"floor_reached":55,"playtime":5260,"items_purged":["Strike_G","Shame","Strike_G","Writhe"],"score":1126,"play_id":"c076907f-904f-4653-8527-776c3eb46b56","local_time":"20190131000924","is_ascension_mode":true,"campfire_choices":[{"data":"Terror","floor":8.0,"key":"SMITH"},{"data":"Glass Knife","floor":10.0,"key":"SMITH"},{"data":"Well Laid Plans","floor":15.0,"key":"SMITH"},{"data":"After Image","floor":23.0,"key":"SMITH"},{"data":"Noxious Fumes","floor":28.0,"key":"SMITH"},{"data":"Backflip","floor":32.0,"key":"SMITH"},{"data":"Tools of the Trade","floor":40.0,"key":"SMITH"},{"floor":49.0,"key":"RECALL"},{"data":"Caltrops","floor":52.0,"key":"SMITH"}],"neow_cost":"NONE","seed_source_timestamp":35458879038499,"circlet_count":0,"master_deck":["Defend_G","Defend_G","Defend_G","Defend_G","Strike_G","Strike_G","Survivor","Neutralize+1","Terror+1","PiercingWail","Dash","Glass Knife+1","Dagger Spray","Well Laid Plans+1","Endless Agony","Caltrops","After Image+1","Dodge and Roll+1","Cloak And Dagger+1","Noxious Fumes+1","Backflip+1","Master of Strategy","Tools of the Trade+1","Caltrops+1","Acrobatics","Footwork","Parasite","Blade Dance+1","Bouncing Flask","PiercingWail+1"],"special_seed":0,"relics":["Ring of the Snake","Anchor","Oddly Smooth Stone","Blood Vial","Happy Flower","Cursed Key","MutagenicStrength","MawBank","Kunai","Red Mask","Calipers","Philosopher\u0027s Stone","Du-Vu Doll","Snake Skull","Meat on the Bone","Tingsha","Incense Burner","Pantograph"],"potions_floor_usage":[],"damage_taken":[{"damage":0.0,"enemies":"2 Louse","floor":1.0,"turns":3.0},{"damage":2.0,"enemies":"Small Slimes","floor":2.0,"turns":3.0},{"damage":2.0,"enemies":"Jaw Worm","floor":5.0,"turns":4.0},{"damage":28.0,"enemies":"Lagavulin","floor":6.0,"turns":9.0},{"damage":0.0,"enemies":"2 Fungi Beasts","floor":11.0,"turns":3.0},{"damage":0.0,"enemies":"Large Slime","floor":12.0,"turns":3.0},{"damage":0.0,"enemies":"3 Sentries","floor":14.0,"turns":6.0},{"damage":8.0,"enemies":"Slime Boss","floor":16.0,"turns":8.0},{"damage":0.0,"enemies":"3 Byrds","floor":18.0,"turns":5.0},{"damage":0.0,"enemies":"Shell Parasite","floor":19.0,"turns":3.0},{"damage":12.0,"enemies":"Slavers","floor":24.0,"turns":7.0},{"damage":1.0,"enemies":"Snake Plant","floor":25.0,"turns":3.0},{"damage":0.0,"enemies":"Masked Bandits","floor":27.0,"turns":4.0},{"damage":5.0,"enemies":"Book of Stabbing","floor":31.0,"turns":5.0},{"damage":10.0,"enemies":"Champ","floor":33.0,"turns":12.0},{"damage":0.0,"enemies":"3 Shapes","floor":35.0,"turns":5.0},{"damage":0.0,"enemies":"2 Orb Walkers","floor":36.0,"turns":5.0},{"damage":0.0,"enemies":"Reptomancer","floor":41.0,"turns":7.0},{"damage":0.0,"enemies":"Giant Head","floor":44.0,"turns":8.0},{"damage":0.0,"enemies":"3 Darklings","floor":45.0,"turns":5.0},{"damage":0.0,"enemies":"4 Shapes","floor":46.0,"turns":5.0},{"damage":12.0,"enemies":"Nemesis","floor":47.0,"turns":7.0},{"damage":16.0,"enemies":"Time Eater","floor":50.0,"turns":11.0},{"damage":0.0,"enemies":"Shield and Spear","floor":54.0,"turns":7.0},{"damage":77,"enemies":"The Heart","floor":55,"turns":3}],"seed_played":"-2865976242458224357","potions_obtained":[{"floor":5.0,"key":"GhostInAJar"},{"floor":6.0,"key":"Swift Potion"},{"floor":12.0,"key":"SmokeBomb"},{"floor":19.0,"key":"PowerPotion"},{"floor":25.0,"key":"Energy Potion"},{"floor":27.0,"key":"Explosive Potion"}],"is_trial":false,"path_per_floor":["M","M","?","?","M","E","?","R","T","R","M","M","$","E","R","B",null,"M","M","?","?","?","R","E","M","T","?","R","$","$","E","R","B",null,"M","?","?","$","T","R","E","$","T","E","M","M","E","?","R","B",null,"R","$","E","B"],"character_chosen":"THE_SILENT","items_purchased":["Well Laid Plans","Endless Agony","Backflip","Master of Strategy","PowerPotion"],"campfire_rested":0,"item_purchase_floors":[13,13,29,29,38],"current_hp_per_floor":[63,61,61,49,47,19,42,42,42,42,44,46,46,48,48,42,63,65,67,67,67,67,67,57,58,58,60,60,60,60,57,57,49,65,67,69,66,66,66,66,66,66,66,66,66,66,54,54,54,40,60,60,60,62,0],"gold":52,"neow_bonus":"UPGRADE_CARD","is_prod":false,"is_daily":false,"chose_seed":false,"campfire_upgraded":8,"win_rate":0,"timestamp":1548914964,"path_taken":["M","M","?","?","M","E","?","R","T","R","?","M","$","E","R","BOSS","M","M","?","?","?","R","E","M","T","?","R","$","?","E","R","BOSS","M","?","?","$","?","R","E","?","T","E","M","?","E","?","R","BOSS","R","$","E","BOSS"],"build_version":"2019-01-23","purchased_purges":4,"victory":false,"max_hp_per_floor":[70,70,70,70,70,70,70,70,70,70,70,70,70,70,70,70,70,70,70,70,70,70,70,70,70,70,70,70,70,70,70,70,70,70,70,70,66,66,66,66,66,66,66,66,66,66,66,66,66,66,66,66,66,66,66],"card_choices":[{"not_picked":["Dagger Spray","Bane"],"picked":"Terror","floor":1.0},{"not_picked":["Poisoned Stab","Flying Knee"],"picked":"PiercingWail","floor":2.0},{"not_picked":["Calculated Gamble","Slice"],"picked":"Dash","floor":5.0},{"not_picked":["Dagger Spray","Underhanded Strike"],"picked":"Glass Knife","floor":6.0},{"not_picked":["Acrobatics","Skewer","Outmaneuver"],"picked":"SKIP","floor":11.0},{"not_picked":["Acrobatics","Skewer","Outmaneuver"],"picked":"SKIP","floor":11.0},{"not_picked":["Reflex","Poisoned Stab"],"picked":"Dagger Spray","floor":12.0},{"not_picked":["Reflex","Deflect"],"picked":"Caltrops","floor":14.0},{"not_picked":["Envenom","Unload"],"picked":"After Image","floor":16.0},{"not_picked":["Sucker Punch","Distraction+1"],"picked":"Dodge and Roll+1","floor":18.0},{"not_picked":["Caltrops","All Out Attack","Predator"],"picked":"SKIP","floor":19.0},{"not_picked":["Deadly Poison+1","Bane"],"picked":"Cloak And Dagger+1","floor":24.0},{"not_picked":["Outmaneuver","Underhanded Strike","Sucker Punch+1"],"picked":"SKIP","floor":25.0},{"not_picked":["Outmaneuver","Underhanded Strike","Sucker Punch+1"],"picked":"SKIP","floor":25.0},{"not_picked":["Acrobatics","Choke"],"picked":"Noxious Fumes","floor":27.0},{"not_picked":["Choke","Acrobatics","Predator+1"],"picked":"SKIP","floor":31.0},{"not_picked":["Grand Finale","Phantasmal Killer"],"picked":"Tools of the Trade","floor":33.0},{"not_picked":["Accuracy","Bane+1"],"picked":"Caltrops","floor":35.0},{"not_picked":["Outmaneuver+1","Flying Knee"],"picked":"Acrobatics","floor":36.0},{"not_picked":["Deadly Poison","Slice+1"],"picked":"Footwork","floor":41.0},{"not_picked":["Finisher+1","Venomology"],"picked":"Blade Dance+1","floor":44.0},{"not_picked":["Noxious Fumes","PiercingWail"],"picked":"Bouncing Flask","floor":45.0},{"not_picked":["Riddle With Holes","Eviscerate"],"picked":"Noxious Fumes","floor":46.0},{"not_picked":["Reflex","Blur+1"],"picked":"PiercingWail+1","floor":47.0},{"not_picked":["Slice+1","Eviscerate+1","Backflip"],"picked":"SKIP","floor":54.0}],"player_experience":524519,"relics_obtained":[{"floor":6.0,"key":"Oddly Smooth Stone"},{"floor":9.0,"key":"Blood Vial"},{"floor":14.0,"key":"Happy Flower"},{"floor":24.0,"key":"MawBank"},{"floor":26.0,"key":"Kunai"},{"floor":27.0,"key":"Red Mask"},{"floor":31.0,"key":"Calipers"},{"floor":36.0,"key":"Du-Vu Doll"},{"floor":41.0,"key":"Snake Skull"},{"floor":43.0,"key":"Meat on the Bone"},{"floor":44.0,"key":"Tingsha"},{"floor":47.0,"key":"Incense Burner"},{"floor":54.0,"key":"Pantograph"}],"event_choices":[{"cards_removed":["Strike_G"],"damage_healed":0.0,"max_hp_gain":0.0,"max_hp_loss":0.0,"gold_gain":0.0,"event_name":"Living Wall","player_choice":"Forget","floor":3.0,"gold_loss":0.0,"damage_taken":0.0},{"damage_healed":0.0,"max_hp_gain":0.0,"max_hp_loss":0.0,"gold_gain":0.0,"event_name":"Scrap Ooze","player_choice":"Success","floor":4.0,"gold_loss":0.0,"damage_taken":12.0,"relics_obtained":["Anchor"]},{"damage_healed":23.0,"max_hp_gain":0.0,"max_hp_loss":0.0,"gold_gain":0.0,"event_name":"Big Fish","player_choice":"Banana","floor":7.0,"gold_loss":0.0,"damage_taken":0.0},{"damage_healed":0.0,"max_hp_gain":0.0,"max_hp_loss":0.0,"gold_gain":0.0,"event_name":"Ghosts","player_choice":"Ignored","floor":20.0,"gold_loss":0.0,"damage_taken":0.0},{"cards_removed":["Defend_G"],"damage_healed":0.0,"max_hp_gain":0.0,"max_hp_loss":0.0,"gold_gain":0.0,"event_name":"Back to Basics","player_choice":"Elegance","floor":21.0,"gold_loss":0.0,"damage_taken":0.0},{"damage_healed":0.0,"max_hp_gain":0.0,"max_hp_loss":0.0,"gold_gain":0.0,"event_name":"Drug Dealer","player_choice":"Inject Mutagens","floor":22.0,"gold_loss":0.0,"damage_taken":0.0,"relics_obtained":["MutagenicStrength"]},{"damage_healed":0.0,"max_hp_gain":0.0,"max_hp_loss":0.0,"gold_gain":0.0,"event_name":"Masked Bandits","player_choice":"Fought Bandits","floor":27.0,"gold_loss":0.0,"damage_taken":0.0},{"damage_healed":0.0,"max_hp_gain":0.0,"max_hp_loss":0.0,"gold_gain":0.0,"event_name":"Mysterious Sphere","player_choice":"Fight","floor":36.0,"gold_loss":0.0,"damage_taken":0.0},{"damage_healed":0.0,"max_hp_gain":0.0,"max_hp_loss":4.0,"gold_gain":0.0,"event_name":"Winding Halls","player_choice":"Max HP","floor":37.0,"gold_loss":0.0,"damage_taken":0.0},{"cards_removed":["Noxious Fumes"],"damage_healed":0.0,"max_hp_gain":0.0,"max_hp_loss":0.0,"gold_gain":0.0,"event_name":"Falling","player_choice":"Removed Power","floor":48.0,"gold_loss":0.0,"damage_taken":0.0}],"is_beta":false,"boss_relics":[{"not_picked":["Black Star","Ring of the Serpent"],"picked":"Cursed Key"},{"not_picked":["Busted Crown","Velvet Choker"],"picked":"Philosopher\u0027s Stone"}],"items_purged_floors":[13,29,38,53],"is_endless":false,"potions_floor_spawned":[5,6,12,19,25,27,41,44],"killed_by":"The Heart","ascension_level":6}