{"gold_per_floor":[12,12,25,37,54,54,79,98,151,1,13,33,47,47,47,47],"floor_reached":16,"playtime":1475,"items_purged":["Strike_G"],"score":212,"play_id":"60991384-fb88-4a7b-a657-fca17a05869f","local_time":"20190316195701","is_ascension_mode":true,"campfire_choices":[{"data":"Neutralize","floor":6.0,"key":"SMITH"},{"data":"Dash","floor":15,"key":"SMITH"}],"neow_cost":"NO_GOLD","seed_source_timestamp":13863247952915,"circlet_count":0,"master_deck":["AscendersBane","Defend_G","Defend_G+1","Defend_G","Defend_G","Strike_G","Strike_G","Survivor+1","Neutralize+1","Dash","Predator","Cloak And Dagger","Infinite Blades","Dash+1","Well Laid Plans"],"special_seed":0,"relics":["Ring of the Snake","Boot","War Paint"],"potions_floor_usage":[16,16],"damage_taken":[{"damage":1.0,"enemies":"Small Slimes","floor":1.0,"turns":5.0},{"damage":1.0,"enemies":"Cultist","floor":3.0,"turns":5.0},{"damage":1.0,"enemies":"2 Louse","floor":4.0,"turns":3.0},{"damage":4.0,"enemies":"2 Fungi Beasts","floor":5.0,"turns":4.0},{"damage":22.0,"enemies":"3 Sentries","floor":7.0,"turns":12.0},{"damage":0.0,"enemies":"Blue Slaver","floor":8.0,"turns":4.0},{"damage":0.0,"enemies":"3 Louse","floor":11.0,"turns":3.0},{"damage":5.0,"enemies":"Exordium Thugs","floor":12.0,"turns":6.0},{"damage":0.0,"enemies":"Red Slaver","floor":13.0,"turns":4.0},{"damage":40,"enemies":"Slime Boss","floor":16,"turns":10}],"seed_played":"4119424076308015414","potions_obtained":[{"floor":1.0,"key":"Swift Potion"},{"floor":5.0,"key":"AttackPotion"},{"floor":8.0,"key":"Swift Potion"},{"floor":12.0,"key":"Dexterity Potion"},{"floor":13.0,"key":"SkillPotion"}],"is_trial":false,"path_per_floor":["M","?","M","M","M","R","E","M","T","$","M","M","M","?","R","B"],"character_chosen":"THE_SILENT","items_purchased":["Dash"],"campfire_rested":0,"item_purchase_floors":[10],"current_hp_per_floor":[58,58,57,56,52,52,30,30,30,30,30,25,25,30,30,0],"gold":47,"neow_bonus":"REMOVE_TWO","is_prod":false,"is_daily":false,"chose_seed":false,"campfire_upgraded":2,"win_rate":0,"timestamp":1552791421,"path_taken":["M","?","M","?","M","R","E","M","T","$","M","M","M","?","R","BOSS"],"build_version":"2019-01-23","purchased_purges":1,"victory":false,"max_hp_per_floor":[66,66,66,66,66,66,66,66,66,66,66,66,66,71,71,71],"card_choices":[{"not_picked":["Tactician","Prepared","Underhanded Strike"],"picked":"SKIP","floor":1.0},{"not_picked":["Deflect","Masterful Stab"],"picked":"Predator","floor":3.0},{"not_picked":["Skewer","Caltrops"],"picked":"Cloak And Dagger","floor":4.0},{"not_picked":["Flechettes","Blade Dance","Dagger Throw"],"picked":"SKIP","floor":5.0},{"not_picked":["Distraction","Well Laid Plans"],"picked":"Infinite Blades","floor":7.0},{"not_picked":["Sucker Punch","Terror","Storm of Steel"],"picked":"SKIP","floor":8.0},{"not_picked":["Poisoned Stab","Underhanded Strike","Outmaneuver"],"picked":"SKIP","floor":11.0},{"not_picked":["Riddle With Holes","Flying Knee"],"picked":"Well Laid Plans","floor":12.0},{"not_picked":["Calculated Gamble","Quick Slash","Bouncing Flask"],"picked":"SKIP","floor":13.0}],"player_experience":1253915,"relics_obtained":[{"floor":7.0,"key":"Boot"},{"floor":9.0,"key":"War Paint"}],"event_choices":[{"damage_healed":0.0,"max_hp_gain":0.0,"max_hp_loss":0.0,"gold_gain":0.0,"cards_transformed":["Defend_G"],"event_name":"Transmorgrifier","player_choice":"Transformed","floor":2.0,"gold_loss":0.0,"damage_taken":0.0,"cards_obtained":["Dash"]},{"damage_healed":0,"gold_gain":0,"player_choice":"Donut","damage_taken":0,"max_hp_gain":5,"max_hp_loss":0,"event_name":"Big Fish","floor":14,"gold_loss":0}],"is_beta":false,"boss_relics":[],"items_purged_floors":[10],"is_endless":false,"potions_floor_spawned":[1,5,8,12,13],"killed_by":"Slime Boss","ascension_level":20}