{"path_per_floor":["M","T","$","?","$","E","R","E","T","M","E","?","M","?","R","B",null,"M","?","?","?","M","R","E","M","T","E","$","M","R","?","R","B",null,"M","M","$","M","M","E","R","E","T","E","R","$","E","M","R","B"],"character_chosen":"THE_SILENT","items_purchased":["Shuriken","Dagger Throw","Accuracy","Cloak And Dagger"],"gold_per_floor":[119,119,44,44,44,78,78,104,131,141,176,176,194,194,194,290,290,309,234,234,234,249,249,274,288,340,374,274,284,284,284,284,385,385,404,424,14,32,46,79,79,112,137,166,166,80,113,129,129,129],"floor_reached":51,"campfire_rested":3,"playtime":3695,"current_hp_per_floor":[70,70,70,56,56,56,56,56,56,56,60,60,60,53,53,25,70,70,70,54,54,54,54,37,37,37,30,30,24,24,11,33,17,75,75,72,72,59,59,48,70,54,54,49,78,78,82,82,82,30],"items_purged":["Strike_G","Strike_G","Strike_G"],"gold":129,"score":1033,"play_id":"29d141f1-b8a4-4ee0-8d57-fa7f9ce71651","local_time":"20180410155347","is_prod":false,"is_daily":false,"is_ascension_mode":true,"campfire_upgraded":5,"timestamp":1523400827,"path_taken":["M","?","?","?","$","E","R","E","T","M","E","?","?","?","R","BOSS","M","?","?","?","M","R","E","M","T","E","$","M","R","?","R","BOSS","M","M","$","M","M","E","R","E","T","E","R","$","E","M","R","BOSS"],"build_version":"2018-04-05v2","purchased_purges":3,"victory":true,"master_deck":["Defend_G+1","Defend_G","Defend_G","Defend_G","Defend_G+1","Survivor","Neutralize+1","Backstab+1","Finisher","Slice","Crippling Poison","Neutralize+1","Backflip","Glass Knife+1","Footwork+1","Deflect+1","Flying Knee+1","Choke+1","Backflip+1","Distraction+1","Dagger Throw","Quick Slash","Well Laid Plans+1","Deflect","Backflip+1","Infinite Blades+1","Heel Hook+1","Terror+1","Accuracy","Cloak And Dagger","A Thousand Cuts+1","Caltrops+1"],"max_hp_per_floor":[70,70,70,70,70,70,70,70,70,70,70,70,70,70,70,70,70,70,70,70,70,70,70,70,70,70,70,70,70,70,75,75,75,75,75,75,75,75,75,75,75,85,85,99,99,99,106,106,106,106],"relics":["Ring of the Snake","NeowsBlessing","Lantern","Bag of Marbles","Anchor","Omamori","Vajra","Cursed Key","Nilry\u0027s Codex","Bottled Tornado","Dream Catcher","Oddly Smooth Stone","Lizard Tail","Shuriken","Snake Skull","Pear","Art of War","Mango","Strawberry"],"card_choices":[{"not_picked":["Heel Hook","Acrobatics"],"picked":"Backstab","floor":6},{"not_picked":["Bane","Storm of Steel"],"picked":"Finisher","floor":8},{"not_picked":["Malaise","Deflect"],"picked":"Slice","floor":11},{"not_picked":["Bane","PiercingWail"],"picked":"Backflip","floor":13},{"not_picked":["Storm of Steel","Corpse Explosion"],"picked":"Glass Knife","floor":16},{"not_picked":["Deflect","Dodge and Roll"],"picked":"Footwork","floor":22},{"not_picked":["Dagger Spray","Acrobatics"],"picked":"Deflect","floor":25},{"not_picked":["Concentrate","Outmaneuver"],"picked":"Flying Knee","floor":27},{"not_picked":["Leg Sweep","Sucker Punch"],"picked":"Choke","floor":29},{"not_picked":["Blur","Poisoned Stab"],"picked":"Backflip","floor":35},{"not_picked":["Blade Dance","Quick Slash"],"picked":"Distraction","floor":36},{"not_picked":["Dash","Expertise"],"picked":"Quick Slash","floor":38},{"not_picked":["Bane","Underhanded Strike"],"picked":"Well Laid Plans","floor":39},{"not_picked":["Caltrops","Acrobatics"],"picked":"Deflect","floor":40},{"not_picked":["Dagger Throw","Dodge and Roll"],"picked":"Backflip","floor":41},{"not_picked":["Prepared","Underhanded Strike"],"picked":"Infinite Blades","floor":42},{"not_picked":["All Out Attack","A Thousand Cuts"],"picked":"Heel Hook","floor":44},{"not_picked":["Flechettes","Prepared"],"picked":"Terror","floor":45},{"not_picked":["Crippling Poison","Flying Knee"],"picked":"A Thousand Cuts","floor":47},{"not_picked":["Catalyst","Poisoned Stab"],"picked":"Caltrops","floor":48}],"player_experience":259317,"potions_floor_usage":[11,16,16,29,33,33,42,47,50,50,50],"damage_taken":[{"damage":0,"enemies":"Cultist","floor":1,"turns":1},{"damage":0,"enemies":"Lagavulin","floor":6,"turns":1},{"damage":0,"enemies":"3 Sentries","floor":8,"turns":1},{"damage":0,"enemies":"Small Slimes","floor":10,"turns":1},{"damage":5,"enemies":"Gremlin Nob","floor":11,"turns":4},{"damage":0,"enemies":"2 Louse","floor":13,"turns":1},{"damage":43,"enemies":"Slime Boss","floor":16,"turns":10},{"damage":0,"enemies":"Shell Parasite","floor":18,"turns":1},{"damage":0,"enemies":"Spheric Guardian","floor":22,"turns":3},{"damage":17,"enemies":"Slavers","floor":24,"turns":7},{"damage":0,"enemies":"Cultist and Chosen","floor":25,"turns":4},{"damage":7,"enemies":"Book of Stabbing","floor":27,"turns":5},{"damage":6,"enemies":"Sentry and Sphere","floor":29,"turns":5},{"damage":16,"enemies":"Collector","floor":33,"turns":11},{"damage":0,"enemies":"Orb Walker","floor":35,"turns":2},{"damage":3,"enemies":"3 Darklings","floor":36,"turns":6},{"damage":13,"enemies":"Sphere and 2 Shapes","floor":38,"turns":5},{"damage":0,"enemies":"Maw","floor":39,"turns":5},{"damage":11,"enemies":"Nemesis","floor":40,"turns":5},{"damage":26,"enemies":"Giant Head","floor":42,"turns":8},{"damage":19,"enemies":"Nemesis","floor":44,"turns":6},{"damage":3,"enemies":"2 Orb Walkers","floor":47,"turns":4},{"damage":0,"enemies":"4 Shapes","floor":48,"turns":6},{"damage":52,"enemies":"Donu and Deca","floor":50,"turns":9}],"event_choices":[{"event_name":"Shining Light","player_choice":"Entered Light","floor":4,"damage_taken":0},{"event_name":"Match and Keep!","player_choice":"2 cards matched","floor":12,"damage_taken":0},{"event_name":"Golden Wing","player_choice":"Card Removal","floor":14,"damage_taken":0},{"event_name":"Beggar","player_choice":"Gave Gold","floor":19,"damage_taken":0},{"event_name":"Cursed Tome","player_choice":"Obtained Book","floor":20,"damage_taken":0},{"event_name":"Upgrade Shrine","player_choice":"Upgraded","floor":21,"damage_taken":0},{"event_name":"Forgotten Altar","player_choice":"Shed Blood","floor":31,"damage_taken":0}],"boss_relics":[{"not_picked":["Calling Bell","Philosopher\u0027s Stone"],"picked":"Cursed Key"},{"not_picked":["Runic Pyramid","Pandora\u0027s Box"],"picked":"Lizard Tail"}],"potions_floor_spawned":[6,10,13,18,24,33,35,36,42,47],"seed_played":"-5324392760123812590","ascension_level":4,"is_trial":false}