{"path_per_floor":["M","?","M","?","M","R","$","R","T","E","R","M","E","M","R","B",null,"M","M","?","$","M","R","E","$","T","$","E","R","M","E","R","B",null,"M","?","?","$","M","E","R","M","T","$","E","?","?","M","R","B"],"character_chosen":"IRONCLAD","items_purchased":["Dark Shackles","Feel No Pain","War Paint","Exhume+1"],"gold_per_floor":[119,119,139,89,104,104,29,29,29,59,59,73,99,110,110,213,213,224,235,235,47,61,61,96,28,28,28,54,54,64,93,93,197,197,215,215,215,215,232,267,267,285,334,40,71,123,123,140,140,140],"floor_reached":51,"campfire_rested":1,"playtime":3388,"item_purchase_floors":[21,25,44,44],"current_hp_per_floor":[80,64,61,61,66,66,66,66,66,72,72,67,61,60,60,53,80,68,63,63,63,65,65,67,67,67,67,54,54,56,58,58,51,80,75,65,65,65,59,39,63,58,58,58,48,58,78,80,80,66],"items_purged":["Strike_R","Havoc"],"gold":140,"score":1070,"play_id":"73adb405-7399-4997-9660-e09d909f8dc3","local_time":"20180603213426","is_prod":false,"is_daily":false,"chose_seed":false,"is_ascension_mode":true,"campfire_upgraded":8,"win_rate":0,"timestamp":1528079666,"campfire_choices":[{"data":"Armaments","floor":6,"key":"SMITH"},{"data":"Bash","floor":8,"key":"SMITH"},{"data":"Immolate","floor":11,"key":"SMITH"},{"data":"Clothesline","floor":15,"key":"SMITH"},{"data":"Offering","floor":23,"key":"SMITH"},{"data":"Feel No Pain","floor":29,"key":"SMITH"},{"data":"Havoc","floor":32,"key":"SMITH"},{"floor":41,"key":"REST"},{"data":"Offering","floor":49,"key":"SMITH"}],"path_taken":["M","?","M","?","M","R","$","R","T","E","R","M","E","?","R","BOSS","M","?","?","$","M","R","E","?","T","$","E","R","M","E","R","BOSS","M","?","?","?","?","E","R","M","T","$","E","?","?","M","R","BOSS"],"build_version":"2018-05-31","seed_source_timestamp":126485228520396,"purchased_purges":2,"victory":true,"master_deck":["Bash+1","Armaments+1","Cleave","Immolate+1","Sever Soul","Seeing Red","Clothesline+1","Offering+1","Warcry","Havoc+1","Sword Boomerang","Anger","Evolve","Anger","Dark Shackles+1","Power Through","Feel No Pain+1","Exhume","Sentinel+1","Offering+1","Panacea+1","Purity","Shrug It Off+1","Exhume+1","Offering+1","Warcry+1","Writhe"],"max_hp_per_floor":[80,80,80,80,80,80,80,80,80,80,80,80,80,80,80,80,80,80,80,80,80,80,80,80,80,80,80,80,80,80,80,80,80,80,80,80,80,80,80,80,80,80,80,80,80,80,80,80,80,80],"relics":["Burning Blood","Ornamental Fan","Meat on the Bone","Art of War","Pandora\u0027s Box","Bag of Marbles","Lantern","Mercury Hourglass","Bottled Lightning","Runic Dome","Toxic Egg 2","Dream Catcher","War Paint","Anchor","Thread and Needle"],"card_choices":[{"not_picked":["Feel No Pain","Warcry"],"picked":"Armaments","floor":1},{"not_picked":["Warcry","Power Through"],"picked":"Cleave","floor":3},{"not_picked":["Bloodletting","Pommel Strike"],"picked":"Immolate","floor":5},{"not_picked":["Cleave","Flame Barrier"],"picked":"Rampage","floor":10},{"not_picked":["Pummel","Warcry"],"picked":"Sever Soul","floor":12},{"not_picked":["Dropkick","Thunderclap"],"picked":"Seeing Red","floor":13},{"not_picked":["Whirlwind","Power Through"],"picked":"Clothesline","floor":14},{"not_picked":["Barricade","Exhume"],"picked":"Offering","floor":16},{"not_picked":["Havoc","Headbutt"],"picked":"Anger","floor":18},{"not_picked":["Armaments","Havoc","Dual Wield"],"picked":"SKIP","floor":19},{"not_picked":["Wild Strike+1","Havoc"],"picked":"Power Through","floor":22},{"not_picked":["Rupture+1","Metallicize","Whirlwind+1"],"picked":"SKIP","floor":24},{"not_picked":["Flex","Hemokinesis","Twin Strike"],"picked":"SKIP","floor":28},{"not_picked":["Twin Strike","Havoc"],"picked":"Exhume","floor":30},{"not_picked":["Clash","Burning Pact"],"picked":"Sentinel+1","floor":31},{"not_picked":["Limit Break","Demon Form"],"picked":"Offering","floor":33},{"not_picked":["Armaments","Dual Wield+1","Iron Wave"],"picked":"SKIP","floor":35},{"not_picked":["Trip","Jack Of All Trades"],"picked":"Panacea","floor":36},{"not_picked":["Jack Of All Trades","Good Instincts"],"picked":"Purity","floor":36},{"not_picked":["Pommel Strike","True Grit+1","Armaments+1"],"picked":"SKIP","floor":39},{"not_picked":["Pommel Strike","True Grit+1","Armaments+1"],"picked":"SKIP","floor":39},{"not_picked":["Pommel Strike","True Grit+1","Armaments+1"],"picked":"SKIP","floor":39},{"not_picked":["Corruption+1","Sword Boomerang+1","Demon Form"],"picked":"SKIP","floor":40},{"not_picked":["Headbutt+1","Blood for Blood+1"],"picked":"Shrug It Off+1","floor":42},{"not_picked":["Metallicize+1","Warcry+1"],"picked":"Offering+1","floor":45},{"not_picked":["Hemokinesis","Flex+1"],"picked":"Warcry+1","floor":46},{"not_picked":["Dual Wield+1","Pummel+1","Sword Boomerang+1"],"picked":"SKIP","floor":48}],"player_experience":175832,"potions_floor_usage":[10,10,16,16,18,22,31,40,50,50,50],"damage_taken":[{"damage":5,"enemies":"2 Louse","floor":1,"turns":3},{"damage":9,"enemies":"Jaw Worm","floor":3,"turns":3},{"damage":1,"enemies":"Cultist","floor":5,"turns":3},{"damage":0,"enemies":"3 Sentries","floor":10,"turns":3},{"damage":11,"enemies":"Exordium Thugs","floor":12,"turns":2},{"damage":12,"enemies":"Lagavulin","floor":13,"turns":5},{"damage":7,"enemies":"Gremlin Gang","floor":14,"turns":2},{"damage":25,"enemies":"Hexaghost","floor":16,"turns":9},{"damage":18,"enemies":"Shell Parasite","floor":18,"turns":3},{"damage":11,"enemies":"Spheric Guardian","floor":19,"turns":3},{"damage":4,"enemies":"Cultist and Chosen","floor":22,"turns":3},{"damage":4,"enemies":"Gremlin Leader","floor":24,"turns":4},{"damage":19,"enemies":"Slavers","floor":28,"turns":2},{"damage":4,"enemies":"Snecko","floor":30,"turns":3},{"damage":4,"enemies":"Gremlin Leader","floor":31,"turns":4},{"damage":13,"enemies":"Automaton","floor":33,"turns":6},{"damage":11,"enemies":"3 Shapes","floor":35,"turns":1},{"damage":12,"enemies":"3 Darklings","floor":39,"turns":1},{"damage":38,"enemies":"Nemesis","floor":40,"turns":5},{"damage":23,"enemies":"Maw","floor":42,"turns":5},{"damage":16,"enemies":"2 Orb Walkers","floor":45,"turns":3},{"damage":8,"enemies":"Mysterious Sphere","floor":46,"turns":1},{"damage":4,"enemies":"4 Shapes","floor":48,"turns":1},{"damage":20,"enemies":"Time Eater","floor":50,"turns":4}],"relics_obtained":[{"floor":9,"key":"Ornamental Fan"},{"floor":10,"key":"Meat on the Bone"},{"floor":13,"key":"Art of War"},{"floor":24,"key":"Bag of Marbles"},{"floor":26,"key":"Lantern"},{"floor":28,"key":"Mercury Hourglass"},{"floor":31,"key":"Bottled Lightning"},{"floor":40,"key":"Toxic Egg 2"},{"floor":43,"key":"Dream Catcher"},{"floor":45,"key":"Anchor"},{"floor":46,"key":"Thread and Needle"}],"event_choices":[{"event_name":"Shining Light","player_choice":"Entered Light","floor":2,"damage_taken":0},{"event_name":"The Cleric","player_choice":"Card Removal","floor":4,"damage_taken":0},{"event_name":"Back to Basics","player_choice":"Elegance","floor":20,"damage_taken":0},{"event_name":"SensoryStone","player_choice":"Memory 3","floor":36,"damage_taken":0},{"event_name":"Mysterious Sphere","player_choice":"Fight","floor":46,"damage_taken":0},{"event_name":"Winding Halls","player_choice":"Writhe","floor":47,"damage_taken":0}],"boss_relics":[{"not_picked":["Orrery","Velvet Choker"],"picked":"Pandora\u0027s Box"},{"not_picked":["Calling Bell","Astrolabe"],"picked":"Runic Dome"}],"items_purged_floors":[7,21],"potions_floor_spawned":[1,10,12,16,18,24,30,33,40,42,45,46],"seed_played":"-6752919484217492856","ascension_level":4,"potions_obtained":[{"floor":1,"key":"Fire Potion"},{"floor":10,"key":"SkillPotion"},{"floor":12,"key":"GamblersBrew"},{"floor":16,"key":"Strength Potion"},{"floor":18,"key":"SkillPotion"},{"floor":24,"key":"Dexterity Potion"},{"floor":30,"key":"GamblersBrew"},{"floor":33,"key":"Swift Potion"},{"floor":40,"key":"SpeedPotion"},{"floor":42,"key":"Strength Potion"},{"floor":45,"key":"EssenceOfSteel"}],"is_trial":false}