{"gold_per_floor":[112,132,143,143,163,163,34,34,110,110,139,139,27,56,56,160,160],"floor_reached":17,"playtime":864,"items_purged":["Strike_G"],"score":261,"play_id":"aca4a6ec-cc6f-4312-aec5-dd86274e00c3","local_time":"20190207120307","is_ascension_mode":true,"campfire_choices":[{"data":"Neutralize","floor":6.0,"key":"SMITH"},{"data":"Adrenaline","floor":8.0,"key":"SMITH"},{"data":"Survivor","floor":10.0,"key":"SMITH"},{"data":"Cloak And Dagger","floor":15.0,"key":"SMITH"}],"neow_cost":"TEN_PERCENT_HP_LOSS","seed_source_timestamp":48917697306198,"circlet_count":0,"master_deck":["AscendersBane","Defend_G","Defend_G","Defend_G","Defend_G","Defend_G","Strike_G","Strike_G","Strike_G","Strike_G","Survivor+1","Neutralize+1","Adrenaline+1","Dagger Throw","Flying Knee","PiercingWail","Masterful Stab","Escape Plan","Well Laid Plans","Cloak And Dagger+1","Corpse Explosion"],"special_seed":0,"relics":["Ring of the Snake","Omamori","Pear","Snake Skull","Tingsha"],"potions_floor_usage":[],"damage_taken":[{"damage":2.0,"enemies":"2 Louse","floor":1.0,"turns":4.0},{"damage":0.0,"enemies":"Jaw Worm","floor":2.0,"turns":5.0},{"damage":0.0,"enemies":"Cultist","floor":3.0,"turns":4.0},{"damage":5.0,"enemies":"2 Fungi Beasts","floor":5.0,"turns":4.0},{"damage":10.0,"enemies":"Lagavulin","floor":11.0,"turns":5.0},{"damage":6.0,"enemies":"Gremlin Nob","floor":14.0,"turns":4.0},{"damage":46.0,"enemies":"The Guardian","floor":16.0,"turns":18.0}],"seed_played":"-1923192846951161590","potions_obtained":[{"floor":1.0,"key":"FearPotion"},{"floor":5.0,"key":"EntropicBrew"},{"floor":16,"key":"SpeedPotion"}],"is_trial":false,"path_per_floor":["M","M","M","?","M","R","$","R","T","R","E","?","$","E","R","B",null],"character_chosen":"THE_SILENT","items_purchased":["Fire Potion","Masterful Stab","Well Laid Plans"],"campfire_rested":0,"item_purchase_floors":[7,7,13],"current_hp_per_floor":[61,61,61,54,49,49,49,49,59,59,49,54,54,48,48,2,2],"gold":160,"neow_bonus":"THREE_RARE_CARDS","is_prod":false,"is_daily":false,"chose_seed":false,"campfire_upgraded":4,"win_rate":0,"timestamp":1549537387,"path_taken":["M","M","M","?","M","R","$","R","T","R","E","?","?","E","R","BOSS","BOSS"],"build_version":"2019-01-23","purchased_purges":1,"victory":false,"max_hp_per_floor":[63,63,63,63,63,63,63,63,73,73,73,78,78,78,78,78,78],"card_choices":[{"not_picked":["Burst","Grand Finale"],"picked":"Adrenaline","floor":0.0},{"not_picked":["Backflip","Quick Slash"],"picked":"Dagger Throw","floor":1.0},{"not_picked":["Slice","Acrobatics","Distraction"],"picked":"SKIP","floor":2.0},{"not_picked":["Terror","Quick Slash"],"picked":"Flying Knee","floor":3.0},{"not_picked":["Distraction","Quick Slash"],"picked":"PiercingWail","floor":5.0},{"not_picked":["Dagger Spray","Bullet Time"],"picked":"Escape Plan","floor":11.0},{"not_picked":["Reflex","Deflect"],"picked":"Cloak And Dagger","floor":14.0},{"not_picked":["Burst","Adrenaline"],"picked":"Corpse Explosion","floor":16}],"player_experience":327143,"relics_obtained":[{"floor":9.0,"key":"Pear"},{"floor":11.0,"key":"Snake Skull"},{"floor":14.0,"key":"Tingsha"}],"event_choices":[{"damage_healed":0.0,"max_hp_gain":0.0,"max_hp_loss":0.0,"gold_gain":0.0,"event_name":"Scrap Ooze","player_choice":"Success","floor":4.0,"gold_loss":0.0,"damage_taken":7.0,"relics_obtained":["Omamori"]},{"damage_healed":0.0,"max_hp_gain":5.0,"max_hp_loss":0.0,"gold_gain":0.0,"event_name":"Big Fish","player_choice":"Donut","floor":12.0,"gold_loss":0.0,"damage_taken":0.0}],"is_beta":false,"boss_relics":[],"items_purged_floors":[13],"is_endless":false,"potions_floor_spawned":[1,5,16],"ascension_level":12}