{"gold_per_floor":[213,138,152,168,68,68,84,113,113,128,128,158,158,193,193,288,288,306,321,68,68,78,107,32,32,55,55,101,4,15,15,15,118,118,137,137,156,156,175,175,108,108],"floor_reached":42,"playtime":2203,"items_purged":["Defend_G","Strike_G","Strike_G"],"score":456,"play_id":"67fe20df-264c-4587-a660-86ae29cb7ea8","local_time":"20190418191328","is_ascension_mode":true,"campfire_choices":[{"data":"Finisher","floor":6,"key":"SMITH"},{"floor":13,"key":"REST"},{"data":"Phantasmal Killer","floor":15,"key":"SMITH"},{"data":"Adrenaline","floor":25,"key":"SMITH"},{"data":"Footwork","floor":27,"key":"SMITH"},{"data":"Footwork","floor":32,"key":"SMITH"},{"floor":40,"key":"RECALL"}],"neow_cost":"NONE","seed_source_timestamp":691597913208652,"circlet_count":0,"master_deck":["Defend_G","Defend_G","Defend_G","Defend_G","Strike_G+1","Strike_G+1","Survivor","Neutralize","Finisher+1","Accuracy","Cloak And Dagger","Dagger Spray","Phantasmal Killer+1","Dagger Spray+1","Adrenaline+1","Footwork+1","Cloak And Dagger","Deadly Poison","Footwork+1","PiercingWail+1","Dash+1","Doppelganger+1","Footwork+1","Blade Dance+1","Cloak And Dagger+1","Leg Sweep+1"],"relics":["Ring of the Snake","Bag of Preparation","Molten Egg 2","Whetstone","Coffee Dripper","Toxic Egg 2","Pen Nib","Bag of Marbles","GremlinMask","Eternal Feather","Anchor"],"potions_floor_usage":[12,14,16,33,42],"damage_taken":[{"damage":0,"enemies":"Small Slimes","floor":1,"turns":4},{"damage":0,"enemies":"2 Louse","floor":3,"turns":2},{"damage":8,"enemies":"Jaw Worm","floor":4,"turns":2},{"damage":2,"enemies":"Blue Slaver","floor":7,"turns":4},{"damage":31,"enemies":"Gremlin Nob","floor":8,"turns":5},{"damage":1,"enemies":"Looter","floor":10,"turns":2},{"damage":24,"enemies":"Lagavulin","floor":12,"turns":6},{"damage":2,"enemies":"Gremlin Nob","floor":14,"turns":4},{"damage":19,"enemies":"Slime Boss","floor":16,"turns":9},{"damage":14,"enemies":"2 Thieves","floor":18,"turns":4},{"damage":0,"enemies":"Spheric Guardian","floor":19,"turns":1},{"damage":3,"enemies":"Cultist and Chosen","floor":22,"turns":4},{"damage":31,"enemies":"Book of Stabbing","floor":23,"turns":7},{"damage":3,"enemies":"Centurion and Healer","floor":30,"turns":6},{"damage":12,"enemies":"Collector","floor":33,"turns":16},{"damage":16,"enemies":"3 Shapes","floor":35,"turns":2},{"damage":2,"enemies":"Orb Walker","floor":37,"turns":3},{"damage":40,"enemies":"4 Shapes","floor":39,"turns":4},{"damage":36,"enemies":"Nemesis","floor":42,"turns":11}],"seed_played":"-3544980214641488471","potions_obtained":[{"floor":3,"key":"SpeedPotion"},{"floor":8,"key":"Fire Potion"},{"floor":10,"key":"EssenceOfSteel"},{"floor":14,"key":"SneckoOil"},{"floor":16,"key":"SkillPotion"},{"floor":33,"key":"Explosive Potion"},{"floor":37,"key":"EssenceOfSteel"},{"floor":39,"key":"SkillPotion"}],"is_trial":false,"path_per_floor":["M","$","M","M","$","R","M","E","T","M","?","E","R","E","R","B",null,"M","M","$","?","M","E","?","R","T","R","T","$","M","?","R","B",null,"M","$","M","?","M","R","$","E"],"character_chosen":"THE_SILENT","items_purchased":["Footwork","Cloak And Dagger","Footwork","PiercingWail+1","Leg Sweep+1"],"campfire_rested":1,"item_purchase_floors":[20,20,29,29,41],"current_hp_per_floor":[70,70,70,62,62,62,60,29,29,28,28,4,25,23,23,4,70,56,56,56,56,53,22,22,22,22,22,22,22,19,19,19,7,70,54,54,52,52,12,27,27,0],"gold":108,"neow_bonus":"HUNDRED_GOLD","is_prod":false,"is_daily":false,"chose_seed":false,"campfire_upgraded":5,"win_rate":0,"timestamp":1555629208,"path_taken":["M","$","M","M","$","R","M","E","T","M","?","E","R","E","R","BOSS","M","M","$","?","M","E","?","R","T","R","?","$","M","?","R","BOSS","M","$","?","?","?","R","$","E"],"build_version":"2019-01-23","purchased_purges":3,"victory":false,"max_hp_per_floor":[70,70,70,70,70,70,70,70,70,70,70,70,70,70,70,70,70,70,70,70,70,70,70,70,70,70,70,70,70,70,70,70,70,70,70,70,70,70,70,70,70,70],"card_choices":[{"not_picked":["Quick Slash","Deflect"],"picked":"Finisher","floor":1},{"not_picked":["Bane","Prepared","Riddle With Holes"],"picked":"SKIP","floor":3},{"not_picked":["Poisoned Stab","Riddle With Holes"],"picked":"Accuracy","floor":4},{"not_picked":["Well Laid Plans","Expertise"],"picked":"Cloak And Dagger","floor":7},{"not_picked":["Deadly Poison","Riddle With Holes"],"picked":"Dagger Spray","floor":8},{"not_picked":["Deadly Poison","Tactician","Dagger Spray"],"picked":"SKIP","floor":10},{"not_picked":["Dagger Spray","PiercingWail"],"picked":"Phantasmal Killer","floor":12},{"not_picked":["Flying Knee+1","Wraith Form v2"],"picked":"Dagger Spray+1","floor":14},{"not_picked":["Bullet Time","Die Die Die+1"],"picked":"Adrenaline","floor":16},{"not_picked":["Dash+1","Dagger Spray+1","Escape Plan"],"picked":"SKIP","floor":18},{"not_picked":["Bane+1","Outmaneuver+1","Accuracy"],"picked":"SKIP","floor":19},{"not_picked":["Flying Knee+1","Bane+1"],"picked":"Deadly Poison","floor":22},{"not_picked":["Dodge and Roll","Envenom","Poisoned Stab+1"],"picked":"SKIP","floor":23},{"not_picked":["Reflex+1","Acrobatics+1"],"picked":"Dash+1","floor":30},{"not_picked":["Night Terror+1","Venomology+1"],"picked":"Doppelganger+1","floor":33},{"not_picked":["Blade Dance+1","Leg Sweep+1"],"picked":"Footwork+1","floor":35},{"not_picked":["Caltrops+1","Backflip+1"],"picked":"Blade Dance+1","floor":37},{"not_picked":["Slice+1","Endless Agony+1"],"picked":"Cloak And Dagger+1","floor":39}],"player_experience":57251,"relics_obtained":[{"floor":8,"key":"Bag of Preparation"},{"floor":12,"key":"Molten Egg 2"},{"floor":14,"key":"Whetstone"},{"floor":23,"key":"Toxic Egg 2"},{"floor":26,"key":"Pen Nib"},{"floor":28,"key":"Bag of Marbles"}],"event_choices":[{"damage_healed":0,"gold_gain":0,"player_choice":"Ignored","damage_taken":0,"max_hp_gain":0,"max_hp_loss":0,"event_name":"Liars Game","floor":11,"gold_loss":0},{"damage_healed":0,"gold_gain":0,"player_choice":"Ignored","damage_taken":0,"max_hp_gain":0,"max_hp_loss":0,"event_name":"Cursed Tome","floor":21,"gold_loss":0},{"cards_removed":["Strike_G"],"damage_healed":0,"gold_gain":0,"player_choice":"Gave Gold","damage_taken":0,"max_hp_gain":0,"max_hp_loss":0,"event_name":"Beggar","floor":24,"gold_loss":75},{"damage_healed":0,"gold_gain":0,"player_choice":"Trade","damage_taken":0,"relics_obtained":["GremlinMask"],"max_hp_gain":0,"max_hp_loss":0,"event_name":"FaceTrader","floor":31,"gold_loss":0},{"damage_healed":0,"gold_gain":0,"player_choice":"Gave Potion","damage_taken":0,"relics_obtained":["Anchor"],"max_hp_gain":0,"max_hp_loss":0,"event_name":"WeMeetAgain","floor":38,"gold_loss":0}],"is_beta":false,"boss_relics":[{"not_picked":["Runic Dome","HoveringKite"],"picked":"Coffee Dripper"},{"not_picked":["Empty Cage","Sozu"],"picked":"Eternal Feather"}],"items_purged_floors":[2,5,20],"is_endless":false,"potions_floor_spawned":[3,8,10,14,16,33,37,39],"killed_by":"Nemesis","ascension_level":1}