{"gold_per_floor":[115,115,134,134,53,92,15,15,15,40,65,84,84,108,108,229,229,247,247,247,270,270,290,290],"floor_reached":24,"playtime":996,"items_purged":[],"score":208,"play_id":"f4690100-78ba-4e33-af56-ddcbf9e92a9e","local_time":"20190417231025","is_ascension_mode":true,"campfire_choices":[{"floor":8,"key":"REST"},{"data":"Accuracy","floor":15,"key":"SMITH"}],"neow_cost":"NONE","seed_source_timestamp":620648663885621,"circlet_count":0,"master_deck":["Defend_G+1","Defend_G+1","Defend_G+1","Defend_G+1","Strike_G+1","Strike_G+1","Strike_G+1","Strike_G+1","Strike_G+1","Survivor","Neutralize","Blade Dance","Infinite Blades","Dagger Spray","Accuracy+1","Infinite Blades","Cloak And Dagger","Phantasmal Killer","Riddle With Holes+1"],"relics":["Ring of the Snake","Bloody Idol","Pantograph","Bottled Flame","Black Star"],"potions_floor_usage":[16,16,21,24],"damage_taken":[{"damage":0,"enemies":"Cultist","floor":1,"turns":3},{"damage":0,"enemies":"Jaw Worm","floor":3,"turns":5},{"damage":40,"enemies":"Gremlin Nob","floor":6,"turns":6},{"damage":0,"enemies":"Small Slimes","floor":10,"turns":3},{"damage":7,"enemies":"Exordium Thugs","floor":11,"turns":4},{"damage":4,"enemies":"Looter","floor":12,"turns":4},{"damage":6,"enemies":"Lots of Slimes","floor":14,"turns":2},{"damage":29,"enemies":"Hexaghost","floor":16,"turns":9},{"damage":22,"enemies":"Spheric Guardian","floor":18,"turns":4},{"damage":10,"enemies":"Chosen","floor":21,"turns":4},{"damage":25,"enemies":"Snake Plant","floor":23,"turns":5},{"damage":11,"enemies":"Book of Stabbing","floor":24,"turns":4}],"seed_played":"-664508068574489297","potions_obtained":[{"floor":1,"key":"Strength Potion"},{"floor":11,"key":"SteroidPotion"},{"floor":14,"key":"LiquidBronze"},{"floor":16,"key":"Explosive Potion"},{"floor":18,"key":"Explosive Potion"}],"is_trial":false,"path_per_floor":["M","?","M","T","$","E","$","R","T","M","M","M","?","M","R","B",null,"M","?","?","M","?","M","E"],"character_chosen":"THE_SILENT","items_purchased":["Infinite Blades","Accuracy"],"campfire_rested":1,"item_purchase_floors":[5,7],"current_hp_per_floor":[70,53,53,53,53,13,13,34,34,34,27,23,23,17,17,13,70,48,48,41,31,31,11,0],"gold":290,"neow_bonus":"THREE_CARDS","is_prod":false,"is_daily":false,"chose_seed":false,"campfire_upgraded":1,"win_rate":0,"timestamp":1555557025,"path_taken":["M","?","M","?","$","E","?","R","T","?","M","M","?","M","R","BOSS","M","?","?","?","?","M","E"],"build_version":"2019-01-23","purchased_purges":0,"victory":false,"max_hp_per_floor":[70,70,70,70,70,70,70,70,70,70,70,70,70,70,70,70,70,70,70,70,70,70,70,70],"card_choices":[{"not_picked":["Dash","Quick Slash"],"picked":"Blade Dance","floor":1},{"not_picked":["Dagger Throw","Bouncing Flask","Quick Slash"],"picked":"SKIP","floor":3},{"not_picked":["Dagger Throw","Corpse Explosion"],"picked":"Dagger Spray","floor":6},{"not_picked":["Riddle With Holes","Dagger Throw","Catalyst"],"picked":"SKIP","floor":10},{"not_picked":["Deadly Poison","Poisoned Stab","Deflect"],"picked":"SKIP","floor":11},{"not_picked":["Acrobatics","Outmaneuver","Dagger Throw"],"picked":"SKIP","floor":12},{"not_picked":["Riddle With Holes","Deflect"],"picked":"Cloak And Dagger","floor":14},{"not_picked":["Envenom","Venomology"],"picked":"Phantasmal Killer","floor":16},{"not_picked":["Footwork","Bouncing Flask","Outmaneuver"],"picked":"SKIP","floor":18},{"not_picked":["Backflip+1","Deadly Poison"],"picked":"Riddle With Holes+1","floor":21},{"not_picked":["Slice+1","Prepared","Deflect+1"],"picked":"SKIP","floor":23}],"player_experience":53865,"relics_obtained":[{"floor":4,"key":"Pantograph"},{"floor":6,"key":"Bottled Flame"}],"event_choices":[{"damage_healed":0,"gold_gain":0,"player_choice":"Take Damage","damage_taken":17,"relics_obtained":["Golden Idol"],"max_hp_gain":0,"max_hp_loss":0,"event_name":"Golden Idol","floor":2,"gold_loss":0},{"damage_healed":0,"gold_gain":0,"cards_transformed":["Defend_G"],"player_choice":"Transformed","damage_taken":0,"max_hp_gain":0,"max_hp_loss":0,"event_name":"Transmorgrifier","floor":13,"gold_loss":0,"cards_obtained":["Infinite Blades"]},{"damage_healed":0,"gold_gain":0,"player_choice":"Simplicity","damage_taken":0,"max_hp_gain":0,"max_hp_loss":0,"event_name":"Back to Basics","floor":19,"gold_loss":0,"cards_upgraded":["Defend_G","Defend_G","Defend_G","Defend_G","Strike_G","Strike_G","Strike_G","Strike_G","Strike_G"]},{"damage_healed":0,"gold_gain":0,"player_choice":"","damage_taken":7,"max_hp_gain":0,"max_hp_loss":0,"event_name":"Knowing Skull","floor":20,"potions_obtained":[],"gold_loss":0,"cards_obtained":[]},{"damage_healed":0,"gold_gain":0,"player_choice":"Gave Idol","damage_taken":0,"relics_obtained":["Bloody Idol"],"max_hp_gain":0,"max_hp_loss":0,"event_name":"Forgotten Altar","floor":22,"relics_lost":["Golden Idol"],"gold_loss":0}],"is_beta":false,"boss_relics":[{"not_picked":["Philosopher\u0027s Stone","Sozu"],"picked":"Black Star"}],"items_purged_floors":[],"is_endless":false,"potions_floor_spawned":[1,11,14,16,18],"killed_by":"Book of Stabbing","ascension_level":1}