{"path_per_floor":["M","?","?","?","M","R","M","M","T","R","E","?","R","?","R"],"character_chosen":"THE_SILENT","items_purchased":[],"gold_per_floor":[118,98,98,173,190,190,201,213,213,213,241,416,416,481,481,481],"floor_reached":16,"campfire_rested":1,"playtime":1228,"current_hp_per_floor":[63,63,60,49,48,48,48,48,48,48,42,42,42,33,69,0],"items_purged":[],"gold":481,"score":123,"play_id":"8714df38-8d1a-46c7-a229-9184f16b7950","local_time":"20180413203944","is_prod":false,"is_daily":false,"chose_seed":false,"is_ascension_mode":true,"campfire_upgraded":3,"timestamp":1523677184,"path_taken":["M","?","?","?","M","R","M","M","T","R","E","?","R","?","R","BOSS"],"build_version":"2018-04-12","seed_source_timestamp":169159525509781,"purchased_purges":0,"victory":false,"master_deck":["Defend_G","Defend_G","Defend_G","Defend_G","Defend_G","Strike_G","Strike_G","Strike_G","Strike_G","Strike_G","Survivor","Neutralize+1","Dodge and Roll+1","Footwork+1","Cloak And Dagger","Escape Plan","Doubt","Quick Slash"],"max_hp_per_floor":[70,70,70,70,70,70,70,70,70,70,70,70,70,70,70,70],"relics":["Ring of the Snake","Ancient Tea Set","Vajra","Juzu Bracelet","Regal Pillow","Blood Vial"],"card_choices":[{"not_picked":["Distraction","Underhanded Strike"],"picked":"Dodge and Roll","floor":1},{"not_picked":["PiercingWail","Accuracy"],"picked":"Footwork","floor":5},{"not_picked":["Sucker Punch","Poisoned Stab"],"picked":"Cloak And Dagger","floor":8},{"not_picked":["Riddle With Holes","Reflex"],"picked":"Escape Plan","floor":11},{"not_picked":["PiercingWail","Predator"],"picked":"Quick Slash","floor":14}],"player_experience":284694,"potions_floor_usage":[14,16,16,16],"damage_taken":[{"damage":7,"enemies":"Jaw Worm","floor":1,"turns":4},{"damage":1,"enemies":"Cultist","floor":5,"turns":4},{"damage":0,"enemies":"2 Louse","floor":7,"turns":3},{"damage":0,"enemies":"Red Slaver","floor":8,"turns":5},{"damage":6,"enemies":"Lagavulin","floor":11,"turns":10},{"damage":11,"enemies":"Gremlin Nob","floor":14,"turns":6},{"damage":73,"enemies":"Slime Boss","floor":16,"turns":24}],"event_choices":[{"event_name":"The Woman in Blue","player_choice":"Bought 1 Potion","floor":2,"damage_taken":0},{"event_name":"Scrap Ooze","player_choice":"success","floor":3,"damage_taken":3},{"event_name":"World of Goop","player_choice":"Gather Gold","floor":4,"damage_taken":0},{"event_name":"Liars Game","player_choice":"agreed","floor":12,"damage_taken":0},{"event_name":"Dead Adventurer","player_choice":"Searched \u00272\u0027 times","floor":14,"damage_taken":0}],"boss_relics":[],"potions_floor_spawned":[1,8,11,14],"seed_played":"8778401689944221240","killed_by":"Slime Boss","ascension_level":5,"is_trial":false}