{"path_per_floor":["M","M","?","$","M","R","M","E","T","E","R","?","$","E","R","B",null,"M","$","M","M","?","E","R","?","T","$","E","M","M","M","R","B",null,"M","?","M","?","M","E","M","R","T","T","R","?","M","$","R","B"],"character_chosen":"THE_SILENT","items_purchased":["War Paint","Slice","Dagger Throw","Good Instincts"],"gold_per_floor":[112,130,130,55,65,65,77,111,111,144,144,319,115,150,150,245,245,245,198,198,198,113,113,113,113,113,113,113,113,113,113,113,113,113,113,113,113,113,113,113,113,113,113,113,113,113,113,8,8,8],"floor_reached":51,"campfire_rested":3,"playtime":3384,"current_hp_per_floor":[70,69,69,69,69,69,67,51,51,38,59,59,59,55,55,32,70,70,70,67,64,71,47,47,47,47,47,53,47,51,53,53,53,53,53,53,53,53,53,36,20,35,35,35,50,43,44,44,44,26],"items_purged":["Decay"],"gold":8,"score":847,"play_id":"c7856a44-4ec5-4366-af5e-114057485c5a","local_time":"20180407041329","is_prod":false,"is_daily":false,"is_ascension_mode":true,"campfire_upgraded":5,"timestamp":1523099609,"path_taken":["M","M","?","$","?","R","M","E","T","E","R","?","$","E","R","BOSS","M","$","M","M","?","E","R","?","T","$","E","M","M","M","R","BOSS","M","?","M","?","M","E","?","R","T","?","R","?","M","?","R","BOSS"],"build_version":"2018-04-05v2","purchased_purges":4,"victory":true,"master_deck":["Defend_G+1","Defend_G+1","Defend_G","Defend_G","Survivor","Neutralize+1","Deflect","All Out Attack","Quick Slash+1","Dagger Spray","Slice","Cloak And Dagger","Deflect","Dagger Throw","Backflip+1","Infinite Blades+1","Dagger Spray+1","Bite+1","Bite","Bite","Bite","Bite","Backflip+1","Dagger Spray+1","Quick Slash+1","Dodge and Roll+1","Cloak And Dagger+1","Deflect+1","Madness","Madness","Terror","Good Instincts+1"],"max_hp_per_floor":[70,70,70,70,70,70,70,70,70,70,70,70,70,70,70,70,70,70,70,70,70,77,77,77,53,53,53,53,53,53,53,53,53,53,53,53,53,53,53,53,53,53,53,53,53,53,53,53,53,53],"relics":["Ring of the Snake","Omamori","Bag of Preparation","Frozen Egg 2","War Paint","Shuriken","Ectoplasm","Strawberry","Oddly Smooth Stone","Anchor","Pen Nib","Sozu","Art of War","Lantern","Juzu Bracelet","Unceasing Top"],"card_choices":[{"not_picked":["Acrobatics","Underhanded Strike"],"picked":"Deflect","floor":0},{"not_picked":["Dagger Throw","Leg Sweep"],"picked":"All Out Attack","floor":1},{"not_picked":["Underhanded Strike","Predator"],"picked":"Quick Slash","floor":2},{"not_picked":["Deadly Poison","Escape Plan"],"picked":"Dagger Spray","floor":7},{"not_picked":["Poisoned Stab","Outmaneuver"],"picked":"Cloak And Dagger","floor":14},{"not_picked":["Setup","Outmaneuver"],"picked":"Deflect","floor":18},{"not_picked":["Deadly Poison","Flying Knee"],"picked":"Backflip","floor":20},{"not_picked":["Setup","Dagger Throw"],"picked":"Infinite Blades","floor":21},{"not_picked":["Endless Agony","Acrobatics"],"picked":"Dagger Spray","floor":23},{"not_picked":["Flying Knee","Prepared"],"picked":"Backflip","floor":29},{"not_picked":["Bouncing Flask","Predator"],"picked":"Dagger Spray","floor":30},{"not_picked":["Well Laid Plans","Dagger Throw"],"picked":"Quick Slash","floor":31},{"not_picked":["Setup","Dagger Spray"],"picked":"Dodge and Roll","floor":37},{"not_picked":["Bane","Caltrops"],"picked":"Cloak And Dagger","floor":39},{"not_picked":["Catalyst","Outmaneuver"],"picked":"Deflect","floor":41},{"not_picked":["Venomology","Dagger Throw"],"picked":"Terror","floor":47}],"player_experience":236686,"potions_floor_usage":[8,10,16,28,33,33,33],"damage_taken":[{"damage":0,"enemies":"2 Louse","floor":1,"turns":5},{"damage":1,"enemies":"Cultist","floor":2,"turns":5},{"damage":0,"enemies":"Jaw Worm","floor":5,"turns":3},{"damage":2,"enemies":"Large Slime","floor":7,"turns":8},{"damage":16,"enemies":"Lagavulin","floor":8,"turns":7},{"damage":13,"enemies":"Gremlin Nob","floor":10,"turns":4},{"damage":4,"enemies":"3 Sentries","floor":14,"turns":4},{"damage":38,"enemies":"Hexaghost","floor":16,"turns":10},{"damage":0,"enemies":"Spheric Guardian","floor":18,"turns":3},{"damage":3,"enemies":"Shell Parasite","floor":20,"turns":5},{"damage":3,"enemies":"Snecko","floor":21,"turns":5},{"damage":24,"enemies":"Book of Stabbing","floor":23,"turns":7},{"damage":0,"enemies":"Gremlin Leader","floor":28,"turns":5},{"damage":6,"enemies":"3 Cultists","floor":29,"turns":3},{"damage":4,"enemies":"Sentry and Sphere","floor":30,"turns":4},{"damage":0,"enemies":"Centurion and Healer","floor":31,"turns":4},{"damage":13,"enemies":"Collector","floor":33,"turns":6},{"damage":3,"enemies":"3 Darklings","floor":35,"turns":3},{"damage":0,"enemies":"Orb Walker","floor":37,"turns":2},{"damage":0,"enemies":"3 Darklings","floor":39,"turns":3},{"damage":28,"enemies":"Nemesis","floor":40,"turns":7},{"damage":20,"enemies":"Sphere and 2 Shapes","floor":41,"turns":4},{"damage":8,"enemies":"Maw","floor":47,"turns":7},{"damage":45,"enemies":"Awakened One","floor":50,"turns":10}],"event_choices":[{"event_name":"Wheel of Change","player_choice":"Curse","floor":3,"damage_taken":0},{"event_name":"Liars Game","player_choice":"agreed","floor":12,"damage_taken":0},{"event_name":"Addict","player_choice":"Obtained Relic","floor":22,"damage_taken":0},{"event_name":"Vampires","player_choice":"Became a vampire","floor":25,"damage_taken":0},{"event_name":"Accursed Blacksmith","player_choice":"Rummage","floor":36,"damage_taken":0},{"event_name":"Winding Halls","player_choice":"Embrace Madness","floor":46,"damage_taken":0}],"boss_relics":[{"not_picked":["Pandora\u0027s Box","Philosopher\u0027s Stone"],"picked":"Ectoplasm"},{"not_picked":["Tiny House","White Beast Statue"],"picked":"Sozu"}],"potions_floor_spawned":[1,8,10,16,18,23,29,30,31,35,40,41],"seed_played":"-4661738706228033669","ascension_level":1,"is_trial":false}