{"gold_per_floor":[112,112,112,112,128,161,161,61,61,61,61,61,61,11,11,87,87,104,6,21,33,51,51,82,82,82,5,5],"floor_reached":28,"playtime":898,"items_purged":["Strike_R","Strike_R","Strike_R","Strike_R"],"score":450,"play_id":"1a12a350-27ac-424c-aa4e-0da91971bc43","local_time":"20180816123201","is_ascension_mode":true,"campfire_choices":[{"data":"Searing Blow","floor":7.0,"key":"SMITH"},{"data":"Searing Blow+1","floor":10.0,"key":"SMITH"},{"data":"Searing Blow+2","floor":12.0,"key":"SMITH"},{"data":"Searing Blow+4","floor":15.0,"key":"SMITH"},{"data":"True Grit","floor":23.0,"key":"SMITH"},{"data":"Searing Blow+5","floor":25.0,"key":"SMITH"}],"neow_cost":"NONE","seed_source_timestamp":0,"circlet_count":0,"master_deck":["Defend_R+1","Defend_R","Defend_R+1","Defend_R","Bash","AscendersBane","Searing Blow+6","Shrug It Off","Warcry","Clothesline","Brutality","Warcry","Shrug It Off","Armaments","True Grit+1","Warcry"],"special_seed":0,"relics":["Burning Blood","NeowsBlessing","Dodecahedron","Smiling Mask","Bottled Lightning","Sozu","Pen Nib","Meat on the Bone"],"potions_floor_usage":[],"damage_taken":[{"damage":0.0,"enemies":"2 Louse","floor":1.0,"turns":1.0},{"damage":0.0,"enemies":"Small Slimes","floor":5.0,"turns":1.0},{"damage":0.0,"enemies":"Gremlin Nob","floor":6.0,"turns":1.0},{"damage":11.0,"enemies":"Slime Boss","floor":16.0,"turns":9.0},{"damage":0.0,"enemies":"Spheric Guardian","floor":18.0,"turns":3.0},{"damage":6.0,"enemies":"2 Thieves","floor":20.0,"turns":5.0},{"damage":18.0,"enemies":"Snake Plant","floor":21.0,"turns":4.0},{"damage":5.0,"enemies":"Snecko","floor":22.0,"turns":5.0},{"damage":31.0,"enemies":"Book of Stabbing","floor":24.0,"turns":6.0},{"damage":38,"enemies":"Slavers","floor":28,"turns":5}],"seed_played":"2705035662270060081","potions_obtained":[{"floor":6.0,"key":"SkillPotion"},{"floor":16.0,"key":"SteroidPotion"}],"is_trial":false,"path_per_floor":["M","?","?","?","M","E","R","$","T","R","?","R","?","$","R","B",null,"M","$","M","M","M","R","E","R","T","$"],"character_chosen":"IRONCLAD","items_purchased":["Clothesline","Shrug It Off","Warcry"],"campfire_rested":0,"item_purchase_floors":[8,19,27],"current_hp_per_floor":[74,74,51,25,31,37,37,37,37,37,37,37,37,37,37,32,64,70,70,70,58,59,59,34,34,34,34,0],"gold":5,"neow_bonus":"THREE_ENEMY_KILL","is_prod":false,"is_daily":false,"chose_seed":false,"campfire_upgraded":6,"win_rate":0,"timestamp":1534447921,"path_taken":["M","?","?","?","?","E","R","$","T","R","?","R","?","$","R","BOSS","M","$","M","M","M","R","E","R","T","$","E"],"build_version":"2018-08-09","purchased_purges":4,"victory":false,"max_hp_per_floor":[75,75,75,75,75,75,75,75,75,75,75,75,75,75,75,75,75,75,75,75,75,75,75,75,75,75,75,75],"card_choices":[{"not_picked":["Armaments","Headbutt","Sword Boomerang"],"picked":"SKIP","floor":1.0},{"not_picked":["Feel No Pain","True Grit"],"picked":"Shrug It Off","floor":5.0},{"not_picked":["Rage","Evolve"],"picked":"Warcry","floor":6.0},{"not_picked":["Immolate","Demon Form"],"picked":"Brutality","floor":16.0},{"not_picked":["Inflame","Rage"],"picked":"Warcry","floor":18.0},{"not_picked":["Sentinel","Sword Boomerang"],"picked":"Armaments","floor":20.0},{"not_picked":["Combust","Anger"],"picked":"True Grit","floor":21.0},{"not_picked":["Cleave","Seeing Red","Perfected Strike"],"picked":"SKIP","floor":22.0},{"not_picked":["Corruption","Rupture","Dark Embrace"],"picked":"SKIP","floor":24.0}],"player_experience":760563,"relics_obtained":[{"floor":6.0,"key":"Smiling Mask"},{"floor":9.0,"key":"Bottled Lightning"},{"floor":24.0,"key":"Pen Nib"},{"floor":26.0,"key":"Meat on the Bone"}],"event_choices":[{"event_name":"Living Wall","player_choice":"Change","floor":2.0,"damage_taken":0.0},{"event_name":"Shining Light","player_choice":"Entered Light","floor":3.0,"damage_taken":0.0},{"event_name":"Scrap Ooze","player_choice":"success","floor":4.0,"damage_taken":26.0},{"event_name":"Dead Adventurer","player_choice":"Searched \u00270\u0027 times","floor":11.0,"damage_taken":0.0},{"event_name":"Upgrade Shrine","player_choice":"Upgraded","floor":13.0,"damage_taken":0.0}],"is_beta":false,"boss_relics":[{"not_picked":["Tiny House","Calling Bell"],"picked":"Sozu"}],"items_purged_floors":[8,14,19,27],"is_endless":false,"potions_floor_spawned":[6,16,18,20,21],"killed_by":"Slavers","ascension_level":15}