{"gold_per_floor":[15,190,190,200,219,219,238,270,270,270,123,153,165,182,182,182],"floor_reached":16,"playtime":930,"items_purged":["Doubt"],"score":164,"play_id":"8da1429b-4a34-45ab-b0f6-95748fcc6a08","local_time":"20180718205028","is_ascension_mode":true,"campfire_choices":[{"data":"Zap","floor":6,"key":"SMITH"},{"data":"Dualcast","floor":10,"key":"SMITH"},{"data":"Chaos","floor":15,"key":"SMITH"}],"neow_cost":"NO_GOLD","seed_source_timestamp":7068651885708,"circlet_count":0,"master_deck":["Strike_B","Strike_B","Defend_B","Defend_B","Defend_B","Defend_B","Zap+1","Dualcast+1","Cold Snap","Conserve Battery","FTL","Coolheaded","Coolheaded","Chaos+1","Redo","Conserve Battery"],"relics":["Cracked Core","Question Card","Letter Opener","Cables","Blue Candle"],"potions_floor_usage":[8,12,14,16],"damage_taken":[{"damage":0,"enemies":"2 Louse","floor":1,"turns":2},{"damage":5,"enemies":"Jaw Worm","floor":4,"turns":5},{"damage":2,"enemies":"Small Slimes","floor":5,"turns":3},{"damage":5,"enemies":"Exordium Wildlife","floor":7,"turns":5},{"damage":13,"enemies":"Gremlin Nob","floor":8,"turns":4},{"damage":0,"enemies":"3 Sentries","floor":12,"turns":5},{"damage":7,"enemies":"Gremlin Gang","floor":13,"turns":3},{"damage":11,"enemies":"Lots of Slimes","floor":14,"turns":2},{"damage":29,"enemies":"Hexaghost","floor":16,"turns":9}],"seed_played":"9219384444585539226","potions_obtained":[{"floor":4,"key":"FocusPotion"},{"floor":7,"key":"EssenceOfSteel"},{"floor":8,"key":"Swift Potion"},{"floor":13,"key":"Fruit Juice"}],"is_trial":false,"path_per_floor":["M","?","?","M","M","R","M","E","T","R","$","E","M","M","R"],"character_chosen":"DEFECT","items_purchased":["Chaos"],"campfire_rested":0,"item_purchase_floors":[11],"current_hp_per_floor":[75,75,63,58,56,56,51,38,38,38,38,38,31,25,25,0],"gold":182,"neow_bonus":"REMOVE_TWO","is_prod":false,"is_daily":false,"chose_seed":false,"campfire_upgraded":3,"win_rate":0,"timestamp":1531972228,"path_taken":["M","?","?","M","M","R","M","E","T","R","$","E","?","M","R","BOSS"],"build_version":"2018-07-12","purchased_purges":1,"victory":false,"max_hp_per_floor":[75,75,75,75,75,75,75,75,75,75,75,75,75,80,80,80],"card_choices":[{"not_picked":["Sweeping Beam","Steam"],"picked":"Cold Snap","floor":1},{"not_picked":["Coolheaded","Skim","Go for the Eyes"],"picked":"Conserve Battery","floor":4},{"not_picked":["Amplify","Steam Power","Static Discharge"],"picked":"FTL","floor":5},{"not_picked":["Leap","Barrage","Melter"],"picked":"Coolheaded","floor":7},{"not_picked":["Reinforced Body","Gash","Aggregate"],"picked":"Coolheaded","floor":8},{"not_picked":["Undo","Steam","Turbo"],"picked":"Redo","floor":12},{"not_picked":["Genetic Algorithm","Rip and Tear","Double Energy"],"picked":"Conserve Battery","floor":13},{"not_picked":["Turbo","Double Energy","Undo","Reprogram"],"picked":"SKIP","floor":14}],"player_experience":633479,"relics_obtained":[{"floor":8,"key":"Letter Opener"},{"floor":9,"key":"Cables"},{"floor":12,"key":"Blue Candle"}],"event_choices":[{"event_name":"Liars Game","player_choice":"agreed","floor":2,"damage_taken":0},{"event_name":"Scrap Ooze","player_choice":"success","floor":3,"damage_taken":12}],"boss_relics":[],"items_purged_floors":[11],"is_endless":false,"potions_floor_spawned":[4,7,8,13],"killed_by":"Hexaghost","ascension_level":4}