{"gold_per_floor":[119,119,65,83,83,83,110,110,157,157,171,171,235,235,235,340,340,356,27,46,64,114,114,144,144,144,144,44,44,6,21,21,121,121,132,147,247,262,280,280,293,293,293,203,215,62,62,37,37,37],"floor_reached":51,"playtime":2985,"items_purged":["Strike_R","Strike_R"],"score":768,"play_id":"1689182f-c33f-4b9b-86aa-e91a9855a212","local_time":"20181201191122","is_ascension_mode":true,"campfire_choices":[{"data":"Shrug It Off","floor":6,"key":"SMITH"},{"data":"Bash","floor":8,"key":"SMITH"},{"data":"Cleave","floor":10,"key":"SMITH"},{"data":"Armaments","floor":12,"key":"SMITH"},{"data":"Reaper","floor":15,"key":"SMITH"},{"data":"Demon Form","floor":23,"key":"SMITH"},{"data":"Demon Form","floor":25,"key":"SMITH"},{"data":"Pommel Strike","floor":27,"key":"SMITH"},{"data":"Anger","floor":29,"key":"SMITH"},{"floor":32,"key":"REST"},{"floor":40,"key":"REST"},{"floor":42,"key":"REST"},{"floor":47,"key":"REST"},{"data":"Limit Break","floor":49,"key":"SMITH"}],"neow_cost":"NONE","seed_source_timestamp":777050726177897,"circlet_count":0,"master_deck":["Strike_R","Strike_R","Defend_R","Defend_R","Defend_R","Bash+1","Shrug It Off+1","Cleave+1","Armaments+1","Reaper+1","Demon Form+1","Carnage+1","Whirlwind","Demon Form+1","Anger+1","Flame Barrier+1","Pommel Strike+1","Carnage+1","Flame Barrier","Metallicize","Metallicize+1","Shrug It Off+1","Uppercut","Flame Barrier","Heavy Blade+1","Anger+1","Heavy Blade+1","Limit Break+1","Double Tap","Armaments"],"relics":["Burning Blood","NeowsBlessing","Pen Nib","PreservedInsect","Tiny Chest","Ornamental Fan","Sozu","Dream Catcher","Pear","Runic Cube","Letter Opener"],"potions_floor_usage":[16,16],"damage_taken":[{"damage":0,"enemies":"Small Slimes","floor":1,"turns":1},{"damage":0,"enemies":"Cultist","floor":4,"turns":1},{"damage":0,"enemies":"Lagavulin","floor":7,"turns":1},{"damage":1,"enemies":"Jaw Worm","floor":11,"turns":3},{"damage":14,"enemies":"3 Sentries","floor":13,"turns":4},{"damage":66,"enemies":"Hexaghost","floor":16,"turns":11},{"damage":1,"enemies":"Chosen","floor":18,"turns":4},{"damage":7,"enemies":"2 Thieves","floor":20,"turns":4},{"damage":32,"enemies":"Centurion and Healer","floor":21,"turns":6},{"damage":29,"enemies":"Book of Stabbing","floor":24,"turns":4},{"damage":9,"enemies":"Sentry and Sphere","floor":31,"turns":5},{"damage":57,"enemies":"Automaton","floor":33,"turns":8},{"damage":22,"enemies":"3 Darklings","floor":35,"turns":6},{"damage":14,"enemies":"Orb Walker","floor":36,"turns":4},{"damage":68,"enemies":"Transient","floor":38,"turns":5},{"damage":22,"enemies":"4 Shapes","floor":39,"turns":6},{"damage":22,"enemies":"Sphere and 2 Shapes","floor":41,"turns":5},{"damage":34,"enemies":"Transient","floor":45,"turns":5},{"damage":87,"enemies":"Donu and Deca","floor":50,"turns":8}],"seed_played":"9102603849909437740","potions_obtained":[{"floor":1,"key":"Poison Potion"},{"floor":4,"key":"Energy Potion"}],"is_trial":false,"path_per_floor":["M","?","$","M","?","R","E","R","T","R","M","R","E","?","R","B",null,"M","$","M","M","?","R","E","R","T","R","$","R","$","M","R","B",null,"M","M","?","M","M","R","M","R","T","?","M","$","R","$","R","B",null],"character_chosen":"IRONCLAD","items_purchased":["Shrug It Off","Whirlwind","Demon Form","Anger","Flame Barrier","Limit Break","Armaments"],"campfire_rested":4,"item_purchase_floors":[3,19,19,19,30,46,48],"current_hp_per_floor":[80,80,80,80,73,73,79,79,79,79,80,80,72,69,69,16,80,80,80,79,70,70,70,47,47,57,57,57,57,57,54,81,53,90,90,90,90,39,33,60,50,77,77,77,66,66,90,90,90,65],"gold":37,"neow_bonus":"THREE_ENEMY_KILL","is_prod":false,"is_daily":false,"chose_seed":false,"campfire_upgraded":10,"win_rate":0,"timestamp":1543687882,"path_taken":["M","?","?","M","?","R","E","R","T","R","M","R","E","?","R","BOSS","M","$","M","M","?","R","E","R","T","R","$","R","?","M","R","BOSS","M","M","?","M","M","R","?","R","T","?","M","?","R","$","R","BOSS"],"build_version":"2018-11-15","purchased_purges":2,"victory":true,"max_hp_per_floor":[80,80,80,80,80,80,80,80,80,80,80,80,80,80,80,80,80,80,80,80,80,80,80,80,80,90,90,90,90,90,90,90,90,90,90,90,90,90,90,90,90,90,90,90,90,90,90,90,90,90],"card_choices":[{"not_picked":["Corruption","Headbutt","Fire Breathing"],"picked":"SKIP","floor":1},{"not_picked":["Perfected Strike","Clash","Headbutt"],"picked":"SKIP","floor":4},{"not_picked":["Sentinel","Blood for Blood"],"picked":"Cleave","floor":7},{"not_picked":["Shrug It Off","Twin Strike"],"picked":"Armaments","floor":11},{"not_picked":["Perfected Strike","Shrug It Off"],"picked":"Reaper","floor":13},{"not_picked":["Bludgeon","Exhume"],"picked":"Demon Form","floor":16},{"not_picked":["Second Wind","Wild Strike"],"picked":"Carnage","floor":18},{"not_picked":["Evolve","Armaments"],"picked":"Flame Barrier+1","floor":20},{"not_picked":["Perfected Strike","Sword Boomerang"],"picked":"Pommel Strike","floor":21},{"not_picked":["Flex","Iron Wave"],"picked":"Carnage+1","floor":24},{"not_picked":["Iron Wave","Searing Blow","Rage+1"],"picked":"SKIP","floor":31},{"not_picked":["Bloodletting","Shrug It Off"],"picked":"Metallicize","floor":32},{"not_picked":["Berserk","Dark Embrace"],"picked":"Demon Form","floor":33},{"not_picked":["Power Through+1","Anger+1","Twin Strike"],"picked":"SKIP","floor":35},{"not_picked":["Clothesline","Perfected Strike"],"picked":"Metallicize+1","floor":36},{"not_picked":["Wild Strike+1","Flex"],"picked":"Shrug It Off+1","floor":38},{"not_picked":["Sword Boomerang+1","Fire Breathing"],"picked":"Uppercut","floor":39},{"not_picked":["Sever Soul+1","Headbutt"],"picked":"Flame Barrier","floor":40},{"not_picked":["Anger","Searing Blow+1"],"picked":"Heavy Blade+1","floor":41},{"not_picked":["Twin Strike+1","Searing Blow"],"picked":"Anger+1","floor":42},{"not_picked":["Warcry+1","Whirlwind"],"picked":"Heavy Blade+1","floor":45},{"not_picked":["Flex","Intimidate+1"],"picked":"Double Tap","floor":47}],"player_experience":134524,"relics_obtained":[{"floor":7,"key":"Pen Nib"},{"floor":9,"key":"PreservedInsect"},{"floor":13,"key":"Tiny Chest"},{"floor":24,"key":"Dream Catcher"},{"floor":26,"key":"Pear"},{"floor":43,"key":"Letter Opener"}],"event_choices":[{"cards_removed":["Strike_R"],"damage_healed":0,"gold_gain":0,"player_choice":"Offered Basic","damage_taken":0,"max_hp_gain":0,"max_hp_loss":0,"event_name":"Bonfire Elementals","floor":2,"gold_loss":0},{"cards_removed":["Defend_R"],"damage_healed":0,"gold_gain":0,"player_choice":"Card Removal","damage_taken":7,"max_hp_gain":0,"max_hp_loss":0,"event_name":"Golden Wing","floor":5,"gold_loss":0},{"damage_healed":0,"gold_gain":0,"player_choice":"Success","damage_taken":3,"relics_obtained":["Ornamental Fan"],"max_hp_gain":0,"max_hp_loss":0,"event_name":"Scrap Ooze","floor":14,"gold_loss":0},{"damage_healed":0,"gold_gain":100,"player_choice":"Bet on Murderer","damage_taken":0,"max_hp_gain":0,"max_hp_loss":0,"event_name":"The Joust","floor":22,"gold_loss":50},{"damage_healed":0,"gold_gain":100,"player_choice":"Pray","damage_taken":0,"max_hp_gain":0,"max_hp_loss":0,"event_name":"Golden Shrine","floor":37,"gold_loss":0},{"cards_removed":["Demon Form"],"damage_healed":0,"gold_gain":0,"player_choice":"Upgrade and Remove","damage_taken":0,"max_hp_gain":0,"max_hp_loss":0,"event_name":"Designer","floor":44,"gold_loss":90,"cards_upgraded":["Carnage"]}],"is_beta":false,"boss_relics":[{"not_picked":["Snecko Eye","Coffee Dripper"],"picked":"Sozu"},{"not_picked":["Calling Bell","Orrery"],"picked":"Runic Cube"}],"items_purged_floors":[19,28],"is_endless":false,"potions_floor_spawned":[1,4,20,21,31,38,45],"ascension_level":3}