{"gold_per_floor":[110,110,125,125,125,159,34,34,34,64,88,110,142,154,166,278,290,320,432,66,86,104,131,151,185,185,185,185,185,54,72,72,168,168,188,188,288,306,324,359,386,404,404,404,404,85,114,149,149,149],"floor_reached":51,"playtime":2744,"items_purged":["Strike_R","Shame","Regret"],"score":1013,"play_id":"7d7671e5-4ceb-4510-9492-db801a6c2fa6","local_time":"20190427221120","is_ascension_mode":false,"campfire_choices":[{"data":"Bash","floor":8,"key":"SMITH"},{"data":"Clothesline","floor":15,"key":"SMITH"},{"data":"Immolate","floor":27,"key":"SMITH"},{"data":"Offering","floor":29,"key":"SMITH"},{"data":"Spot Weakness","floor":32,"key":"SMITH"},{"data":"Shockwave","floor":44,"key":"SMITH"},{"data":"Battle Trance","floor":45,"key":"SMITH"},{"data":"Corruption","floor":49,"key":"SMITH"}],"neow_cost":"NONE","seed_source_timestamp":1335104745881700,"circlet_count":0,"master_deck":["Strike_R","Strike_R","Strike_R","Strike_R","Defend_R","Defend_R","Defend_R","Defend_R","Bash+1","Cleave","Armaments+1","Iron Wave","Spot Weakness+1","Clothesline+1","Anger","Shrug It Off","Metallicize","Immolate+1","Headbutt+1","Headbutt+1","Battle Trance+1","Carnage","Offering+1","Shrug It Off","Armaments+1","PanicButton","PanicButton","Dark Shackles","Master of Strategy","Battle Trance","Metallicize+1","Shockwave+1","Corruption+1","Feel No Pain","Metallicize","Spot Weakness"],"relics":["Burning Blood","Kunai","Letter Opener","MawBank","Singing Bowl","Cursed Key","FossilizedHelix","Meat on the Bone","Art of War","Unceasing Top","Matryoshka","Smiling Mask","Shuriken","Sozu","WingedGreaves","Du-Vu Doll","Darkstone Periapt","Anchor","The Courier","Bag of Marbles","Bottled Flame","Oddly Smooth Stone"],"potions_floor_usage":[10,16,23,23,33,33,33],"damage_taken":[{"damage":6,"enemies":"Jaw Worm","floor":1,"turns":3},{"damage":0,"enemies":"2 Louse","floor":3,"turns":2},{"damage":33,"enemies":"Gremlin Nob","floor":6,"turns":5},{"damage":19,"enemies":"3 Sentries","floor":10,"turns":6},{"damage":0,"enemies":"Small Slimes","floor":11,"turns":3},{"damage":5,"enemies":"Looter","floor":12,"turns":4},{"damage":9,"enemies":"Exordium Wildlife","floor":13,"turns":4},{"damage":6,"enemies":"Slime Boss","floor":16,"turns":9},{"damage":15,"enemies":"2 Thieves","floor":18,"turns":3},{"damage":21,"enemies":"Colosseum Slavers","floor":19,"turns":3},{"damage":18,"enemies":"Colosseum Nobs","floor":19,"turns":4},{"damage":0,"enemies":"Shell Parasite","floor":21,"turns":4},{"damage":0,"enemies":"Sentry and Sphere","floor":22,"turns":3},{"damage":0,"enemies":"Slavers","floor":23,"turns":2},{"damage":5,"enemies":"Chosen and Byrds","floor":24,"turns":3},{"damage":8,"enemies":"Book of Stabbing","floor":25,"turns":4},{"damage":9,"enemies":"3 Cultists","floor":31,"turns":4},{"damage":6,"enemies":"Collector","floor":33,"turns":8},{"damage":0,"enemies":"Orb Walker","floor":35,"turns":3},{"damage":0,"enemies":"Mind Bloom Boss Battle","floor":37,"turns":5},{"damage":0,"enemies":"3 Darklings","floor":38,"turns":1},{"damage":0,"enemies":"Jaw Worm Horde","floor":39,"turns":3},{"damage":32,"enemies":"Giant Head","floor":40,"turns":7},{"damage":0,"enemies":"Reptomancer","floor":41,"turns":4},{"damage":6,"enemies":"Sphere and 2 Shapes","floor":42,"turns":3},{"damage":19,"enemies":"Nemesis","floor":47,"turns":9},{"damage":0,"enemies":"Giant Head","floor":48,"turns":8},{"damage":57,"enemies":"Time Eater","floor":50,"turns":12}],"seed_played":"-6023526960978979701","potions_obtained":[{"floor":10,"key":"SkillPotion"},{"floor":11,"key":"SneckoOil"},{"floor":19,"key":"Energy Potion"},{"floor":21,"key":"Poison Potion"},{"floor":23,"key":"PowerPotion"},{"floor":24,"key":"Poison Potion"}],"is_trial":false,"path_per_floor":["M","?","M","?","?","E","$","R","T","E","M","M","M","T","R","B",null,"M","?","$","M","M","E","M","E","T","R","?","R","$","M","R","B",null,"M","?","?","M","M","E","E","M","T","R","R","$","E","E","R","B",null],"character_chosen":"IRONCLAD","items_purchased":["Spot Weakness","PowerPotion","Battle Trance","Carnage","Art of War","AttackPotion","PanicButton","Bag of Marbles","Corruption","Feel No Pain","Metallicize"],"campfire_rested":0,"item_purchase_floors":[7,7,20,20,20,20,30,46,46,46,46],"current_hp_per_floor":[88,93,93,93,93,66,66,66,66,53,59,60,57,57,57,57,93,84,57,57,65,71,79,80,78,78,78,78,78,78,77,77,79,101,103,93,101,105,107,81,89,89,95,95,95,95,84,90,90,51],"gold":149,"neow_bonus":"TEN_PERCENT_HP_BONUS","is_prod":false,"is_daily":false,"chose_seed":false,"campfire_upgraded":8,"win_rate":1,"timestamp":1556428280,"path_taken":["M","?","M","?","?","E","$","R","T","E","M","M","M","?","R","BOSS","M","?","?","M","?","E","M","E","T","R","?","R","$","M","R","BOSS","M","?","?","M","M","E","E","M","T","R","R","$","E","E","R","BOSS"],"build_version":"2019-01-23","purchased_purges":3,"victory":true,"max_hp_per_floor":[88,93,93,93,93,93,93,93,93,93,93,93,93,93,93,93,93,93,93,93,95,95,97,97,97,97,97,97,97,97,99,99,101,101,103,103,105,105,107,107,109,109,115,115,115,115,117,117,117,117],"card_choices":[{"not_picked":["Heavy Blade","Blood for Blood"],"picked":"Cleave","floor":1},{"not_picked":["Dual Wield","Thunderclap"],"picked":"Armaments","floor":3},{"not_picked":["Heavy Blade","Dual Wield"],"picked":"Iron Wave","floor":6},{"not_picked":["Headbutt","Pommel Strike"],"picked":"Clothesline","floor":10},{"not_picked":["Seeing Red","Power Through"],"picked":"Anger","floor":11},{"not_picked":["Clash","Warcry"],"picked":"Shrug It Off","floor":12},{"not_picked":["Rupture","Clothesline"],"picked":"Metallicize","floor":13},{"not_picked":["Reaper","Bludgeon"],"picked":"Immolate","floor":16},{"not_picked":["Sword Boomerang","Pommel Strike"],"picked":"Headbutt+1","floor":18},{"not_picked":["Seeing Red","Havoc+1"],"picked":"Headbutt+1","floor":19},{"not_picked":["Cleave","Combust+1","Havoc"],"picked":"Singing Bowl","floor":21},{"not_picked":["Wild Strike+1","Havoc"],"picked":"Offering","floor":22},{"not_picked":["Dual Wield","Warcry","Hemokinesis"],"picked":"Singing Bowl","floor":23},{"not_picked":["Anger","Twin Strike"],"picked":"Shrug It Off","floor":24},{"not_picked":["Ghostly Armor","Twin Strike"],"picked":"Armaments+1","floor":25},{"not_picked":["True Grit","Flex","Sentinel+1"],"picked":"Singing Bowl","floor":31},{"not_picked":["Offering","Juggernaut","Berserk"],"picked":"Singing Bowl","floor":33},{"not_picked":["Sword Boomerang","Rupture+1","Perfected Strike"],"picked":"Singing Bowl","floor":35},{"not_picked":["Bandage Up","Jack Of All Trades"],"picked":"PanicButton","floor":36},{"not_picked":["Panacea","Dramatic Entrance"],"picked":"Dark Shackles","floor":36},{"not_picked":["Swift Strike","Metamorphosis"],"picked":"Master of Strategy","floor":36},{"not_picked":["Havoc","Anger+1","Rage"],"picked":"Singing Bowl","floor":37},{"not_picked":["Cleave","Sword Boomerang+1"],"picked":"Battle Trance","floor":38},{"not_picked":["Cleave+1","Flex","Sentinel"],"picked":"Singing Bowl","floor":39},{"not_picked":["Anger","Sword Boomerang+1"],"picked":"Metallicize+1","floor":40},{"not_picked":["Dark Embrace","Second Wind+1","Dropkick"],"picked":"Singing Bowl","floor":41},{"not_picked":["Flex","Pommel Strike"],"picked":"Shockwave","floor":42},{"not_picked":["Twin Strike+1","Hemokinesis","Flex"],"picked":"Singing Bowl","floor":47},{"not_picked":["Warcry+1","Armaments+1"],"picked":"Spot Weakness","floor":48}],"player_experience":636211,"relics_obtained":[{"floor":6,"key":"Kunai"},{"floor":9,"key":"Letter Opener"},{"floor":10,"key":"MawBank"},{"floor":14,"key":"Singing Bowl"},{"floor":19,"key":"FossilizedHelix"},{"floor":19,"key":"Meat on the Bone"},{"floor":23,"key":"Unceasing Top"},{"floor":25,"key":"Matryoshka"},{"floor":26,"key":"Smiling Mask"},{"floor":26,"key":"Shuriken"},{"floor":37,"key":"WingedGreaves"},{"floor":40,"key":"Du-Vu Doll"},{"floor":41,"key":"Darkstone Periapt"},{"floor":43,"key":"Anchor"},{"floor":43,"key":"The Courier"},{"floor":47,"key":"Bottled Flame"},{"floor":48,"key":"Oddly Smooth Stone"}],"event_choices":[{"damage_healed":0,"gold_gain":0,"player_choice":"Donut","damage_taken":0,"max_hp_gain":5,"max_hp_loss":0,"event_name":"Big Fish","floor":2,"gold_loss":0},{"damage_healed":0,"gold_gain":0,"player_choice":"Grow","damage_taken":0,"max_hp_gain":0,"max_hp_loss":0,"event_name":"Living Wall","floor":4,"gold_loss":0,"cards_upgraded":["Armaments"]},{"damage_healed":0,"gold_gain":0,"player_choice":"Ignored","damage_taken":0,"max_hp_gain":0,"max_hp_loss":0,"event_name":"Liars Game","floor":5,"gold_loss":0},{"damage_healed":0,"gold_gain":0,"player_choice":"Fight","damage_taken":0,"max_hp_gain":0,"max_hp_loss":0,"event_name":"Colosseum","floor":19,"gold_loss":0},{"damage_healed":0,"gold_gain":0,"player_choice":"Fought Nobs","damage_taken":0,"max_hp_gain":0,"max_hp_loss":0,"event_name":"Colosseum","floor":19,"gold_loss":0},{"damage_healed":0,"gold_gain":0,"player_choice":"Ignored","damage_taken":0,"max_hp_gain":0,"max_hp_loss":0,"event_name":"Ghosts","floor":28,"gold_loss":0},{"damage_healed":0,"gold_gain":0,"player_choice":"Memory 3","damage_taken":10,"max_hp_gain":0,"max_hp_loss":0,"event_name":"SensoryStone","floor":36,"gold_loss":0},{"damage_healed":0,"gold_gain":0,"player_choice":"Fight","damage_taken":0,"max_hp_gain":0,"max_hp_loss":0,"event_name":"MindBloom","floor":37,"gold_loss":0}],"is_beta":false,"boss_relics":[{"not_picked":["Pandora\u0027s Box","Orrery"],"picked":"Cursed Key"},{"not_picked":["Black Blood","White Beast Statue"],"picked":"Sozu"}],"items_purged_floors":[20,30,46],"is_endless":false,"potions_floor_spawned":[10,11,19,21,23,24,40,42,48],"ascension_level":0}