{"gold_per_floor":[109,33,50,50,50,50,63,77,124,140,140,159,172,210,210,301,301,316,341,362,132,153,153,187,187,267,88,131,152,152,192,192,282,282,301,320,320,341,341,33,33,33],"floor_reached":42,"playtime":2339,"items_purged":["Strike_R","Shame","Metallicize"],"score":855,"play_id":"5dfff837-016e-49c0-b543-71d682dea944","local_time":"20180825120400","is_ascension_mode":true,"campfire_choices":[{"floor":6.0,"key":"REST"},{"data":"Blood for Blood","floor":11.0,"key":"SMITH"},{"floor":15.0,"key":"REST"},{"floor":23.0,"key":"REST"},{"floor":25.0,"key":"REST"},{"data":"Uppercut","floor":30.0,"key":"SMITH"},{"floor":32.0,"key":"REST"},{"floor":41.0,"key":"REST"}],"neow_cost":"CURSE","seed_source_timestamp":0,"circlet_count":0,"master_deck":["Strike_R","Strike_R","Strike_R","Defend_R","Defend_R","Defend_R+1","Defend_R","Bash","AscendersBane","Iron Wave","Feed","Clothesline","Blood for Blood+1","Pommel Strike","Power Through","Shockwave","Wild Strike","Uppercut+1","True Grit+1","Cleave","True Grit","Shrug It Off","Hemokinesis","Bludgeon","Inflame+1","Metallicize","Blood for Blood","Armaments"],"special_seed":0,"relics":["Burning Blood","Golden Idol","Singing Bowl","Boot","Happy Flower","Velvet Choker","War Paint","Kunai","Gremlin Horn","Oddly Smooth Stone","Art of War","Mark of Pain"],"potions_floor_usage":[42],"damage_taken":[{"damage":15.0,"enemies":"Jaw Worm","floor":1.0,"turns":5.0},{"damage":2.0,"enemies":"2 Louse","floor":3.0,"turns":3.0},{"damage":10.0,"enemies":"Cultist","floor":7.0,"turns":5.0},{"damage":21.0,"enemies":"Red Slaver","floor":8.0,"turns":5.0},{"damage":19.0,"enemies":"3 Louse","floor":10.0,"turns":4.0},{"damage":34.0,"enemies":"Exordium Thugs","floor":12.0,"turns":8.0},{"damage":5.0,"enemies":"2 Fungi Beasts","floor":13.0,"turns":6.0},{"damage":24.0,"enemies":"Gremlin Nob","floor":14.0,"turns":4.0},{"damage":23.0,"enemies":"Hexaghost","floor":16.0,"turns":9.0},{"damage":17.0,"enemies":"Shell Parasite","floor":18.0,"turns":7.0},{"damage":21.0,"enemies":"3 Byrds","floor":19.0,"turns":6.0},{"damage":14.0,"enemies":"Centurion and Healer","floor":20.0,"turns":8.0},{"damage":38.0,"enemies":"Snake Plant","floor":22.0,"turns":5.0},{"damage":40.0,"enemies":"Slavers","floor":24.0,"turns":8.0},{"damage":31.0,"enemies":"Book of Stabbing","floor":28.0,"turns":6.0},{"damage":2.0,"enemies":"Cultist and Chosen","floor":29.0,"turns":7.0},{"damage":9.0,"enemies":"Gremlin Leader","floor":31.0,"turns":7.0},{"damage":87.0,"enemies":"Champ","floor":33.0,"turns":15.0},{"damage":15.0,"enemies":"Orb Walker","floor":35.0,"turns":3.0},{"damage":75.0,"enemies":"3 Darklings","floor":36.0,"turns":6.0},{"damage":16.0,"enemies":"Transient","floor":38.0,"turns":5.0},{"damage":84,"enemies":"Giant Head","floor":42,"turns":8}],"seed_played":"-5810539426140182165","potions_obtained":[{"floor":3.0,"key":"Swift Potion"},{"floor":10.0,"key":"Poison Potion"},{"floor":12.0,"key":"Strength Potion"},{"floor":13.0,"key":"AttackPotion"},{"floor":22.0,"key":"AttackPotion"},{"floor":24.0,"key":"Strength Potion"},{"floor":31.0,"key":"Swift Potion"},{"floor":33.0,"key":"Strength Potion"},{"floor":35.0,"key":"Weak Potion"},{"floor":36.0,"key":"Dexterity Potion"}],"is_trial":false,"path_per_floor":["M","$","M","?","T","R","M","M","T","M","R","M","M","E","R","B",null,"M","M","M","$","M","R","E","R","T","$","E","M","R","E","R","B",null,"M","M","?","M","?","$","R"],"character_chosen":"IRONCLAD","items_purchased":["Feed","War Paint","Metallicize","Metallicize","Blood for Blood","Armaments"],"campfire_rested":6,"item_purchase_floors":[2,21,27,40,40,40],"current_hp_per_floor":[73,73,80,48,48,75,71,59,59,49,49,24,30,12,43,28,88,80,68,63,63,33,68,39,76,76,76,54,58,58,55,93,12,98,91,22,24,16,16,16,55,0],"gold":33,"neow_bonus":"TWENTY_PERCENT_HP_BONUS","is_prod":false,"is_daily":false,"chose_seed":false,"campfire_upgraded":2,"win_rate":0,"timestamp":1535223840,"path_taken":["M","$","M","?","?","R","M","M","T","M","R","M","?","E","R","BOSS","M","M","M","?","M","R","E","R","T","$","E","M","R","E","R","BOSS","M","M","?","M","?","$","R","E"],"build_version":"2018-08-23v2","purchased_purges":3,"victory":false,"max_hp_per_floor":[89,89,92,92,92,92,92,95,95,98,98,101,106,106,106,108,108,111,114,117,117,119,119,124,124,124,124,127,127,127,127,127,127,127,129,129,131,133,133,133,133,133],"card_choices":[{"not_picked":["True Grit","Twin Strike"],"picked":"Iron Wave","floor":1.0},{"not_picked":["Inflame","Sentinel"],"picked":"Clothesline","floor":3.0},{"not_picked":["Seeing Red","Headbutt"],"picked":"Blood for Blood","floor":7.0},{"not_picked":["Warcry","Armaments"],"picked":"Pommel Strike","floor":8.0},{"not_picked":["Twin Strike","Reckless Charge"],"picked":"Power Through","floor":10.0},{"not_picked":["Uppercut","Sentinel"],"picked":"Shockwave","floor":12.0},{"not_picked":["Havoc","Combust","Body Slam"],"picked":"Singing Bowl","floor":13.0},{"not_picked":["Fiend Fire","Clash"],"picked":"Wild Strike","floor":14.0},{"not_picked":["Limit Break","Brutality","Dark Embrace"],"picked":"Singing Bowl","floor":16.0},{"not_picked":["Sword Boomerang","Havoc"],"picked":"Uppercut","floor":18.0},{"not_picked":["Ghostly Armor","Anger"],"picked":"True Grit","floor":19.0},{"not_picked":["Bloodletting","Perfected Strike"],"picked":"Cleave","floor":20.0},{"not_picked":["Clothesline","Cleave","Flame Barrier"],"picked":"Singing Bowl","floor":22.0},{"not_picked":["Body Slam+1","Second Wind","Twin Strike+1"],"picked":"Singing Bowl","floor":24.0},{"not_picked":["Flex","Perfected Strike"],"picked":"True Grit","floor":28.0},{"not_picked":["Bloodletting","Rampage"],"picked":"Shrug It Off","floor":29.0},{"not_picked":["Perfected Strike","Cleave"],"picked":"Hemokinesis","floor":31.0},{"not_picked":["Exhume","Juggernaut"],"picked":"Bludgeon","floor":33.0},{"not_picked":["Cleave","Warcry","Havoc"],"picked":"Singing Bowl","floor":35.0},{"not_picked":["Pommel Strike","Anger"],"picked":"Inflame+1","floor":36.0},{"not_picked":["Chrysalis","Good Instincts","Discovery"],"picked":"Singing Bowl","floor":37.0},{"not_picked":["Pommel Strike","Uppercut","Clash+1"],"picked":"Singing Bowl","floor":38.0}],"player_experience":794329,"relics_obtained":[{"floor":5.0,"key":"Singing Bowl"},{"floor":9.0,"key":"Boot"},{"floor":14.0,"key":"Happy Flower"},{"floor":24.0,"key":"Kunai"},{"floor":26.0,"key":"Gremlin Horn"},{"floor":28.0,"key":"Oddly Smooth Stone"},{"floor":31.0,"key":"Art of War"}],"event_choices":[{"event_name":"Golden Idol","player_choice":"Take Damage","floor":4.0,"damage_taken":0.0},{"event_name":"SensoryStone","player_choice":"Memory 1","floor":37.0,"damage_taken":0.0},{"event_name":"Bonfire Elementals","player_choice":"BASIC","floor":39.0,"damage_taken":0.0}],"is_beta":false,"boss_relics":[{"not_picked":["Astrolabe","Snecko Eye"],"picked":"Velvet Choker"},{"not_picked":["Runic Pyramid","Coffee Dripper"],"picked":"Mark of Pain"}],"items_purged_floors":[21,27,40],"is_endless":false,"potions_floor_spawned":[3,10,12,13,22,24,31,33,35,36],"killed_by":"Giant Head","ascension_level":15}