{"gold_per_floor":[382,382,416,450,480,480,10,10,41,66,94,94,45,45,79,106,137,169],"floor_reached":19,"playtime":1892,"items_purged":["Strike_G","Strike_G"],"score":495,"play_id":"d68bcbe9-3e7e-4bfc-956d-bc08596bde14","local_time":"20190407205133","daily_mods":["Uncertain Future"],"is_ascension_mode":false,"campfire_choices":[{"data":"Neutralize","floor":2,"key":"SMITH"},{"data":"Cloak And Dagger","floor":8,"key":"SMITH"},{"data":"Deadly Poison","floor":14,"key":"SMITH"}],"neow_cost":"","seed_source_timestamp":0,"circlet_count":0,"master_deck":["Defend_G","Defend_G+1","Defend_G","Defend_G","Defend_G","Survivor","Neutralize+1","Heel Hook","Cloak And Dagger+1","Escape Plan","Caltrops","Cloak And Dagger+1","Backflip","Footwork","Tactician+1","Dodge and Roll+1","PiercingWail+1","Infinite Blades","Footwork","PiercingWail","Deadly Poison+1","Burst","Crippling Poison"],"relics":["Ring of the Snake","Black Star","Sling","PreservedInsect","Bag of Marbles","Pen Nib","War Paint","Gremlin Horn","Bottled Flame","Omamori","Singing Bowl","Astrolabe","Potion Belt","Strawberry","Bottled Tornado","Pear","Bottled Lightning","Bag of Preparation","Mango","Cursed Key","Letter Opener","Kunai","Art of War","Vajra","Lantern","The Courier","Oddly Smooth Stone","Frozen Egg 2"],"potions_floor_usage":[3,4,5,15,17,18,18,18],"damage_taken":[{"damage":0,"enemies":"Gremlin Nob","floor":3,"turns":3},{"damage":1,"enemies":"3 Sentries","floor":4,"turns":5},{"damage":0,"enemies":"Lagavulin","floor":5,"turns":1},{"damage":2,"enemies":"Gremlin Leader","floor":9,"turns":8},{"damage":0,"enemies":"Slavers","floor":10,"turns":6},{"damage":0,"enemies":"Book of Stabbing","floor":11,"turns":5},{"damage":0,"enemies":"Giant Head","floor":15,"turns":9},{"damage":0,"enemies":"Reptomancer","floor":16,"turns":6},{"damage":11,"enemies":"Nemesis","floor":17,"turns":7},{"damage":2,"enemies":"Shield and Spear","floor":18,"turns":8}],"seed_played":"1494211227954279830","potions_obtained":[{"floor":3,"key":"PowerPotion"},{"floor":4,"key":"SmokeBomb"},{"floor":11,"key":"EssenceOfSteel"}],"is_trial":true,"path_per_floor":["$","R","E","E","E","T","$","R","E","E","E","T","$","R","E","E","E","E",null],"character_chosen":"THE_SILENT","items_purchased":["AttackPotion","Energy Potion","SteroidPotion","Heel Hook","Cloak And Dagger","Escape Plan","Caltrops","Bag of Marbles","Potion Belt","Block Potion","SkillPotion","Strength Potion","Infinite Blades","Deadly Poison"],"campfire_rested":0,"item_purchase_floors":[1,1,1,1,1,1,1,1,7,7,7,7,7,13],"current_hp_per_floor":[70,70,70,69,69,69,69,69,74,84,100,100,100,100,102,102,91,91],"gold":169,"neow_bonus":"","is_prod":false,"is_daily":false,"chose_seed":false,"campfire_upgraded":3,"win_rate":0,"timestamp":1554688293,"path_taken":["$","R","E","E","E","T","$","R","E","E","E","T","$","R","E","E","E","E"],"build_version":"2019-01-23","purchased_purges":2,"victory":true,"max_hp_per_floor":[70,70,70,70,70,70,70,70,77,87,103,103,103,103,105,105,105,107],"card_choices":[{"not_picked":["Catalyst","Underhanded Strike"],"picked":"Cloak And Dagger","floor":3},{"not_picked":["Riddle With Holes","Setup"],"picked":"Backflip","floor":4},{"not_picked":["Bouncing Flask","Deflect"],"picked":"Footwork","floor":5},{"not_picked":["Dagger Throw","Blade Dance"],"picked":"Footwork","floor":9},{"not_picked":["Riddle With Holes","Quick Slash"],"picked":"PiercingWail","floor":10},{"not_picked":["Blade Dance","Tactician","Outmaneuver"],"picked":"Singing Bowl","floor":11},{"not_picked":["Quick Slash","Slice","Dash"],"picked":"Singing Bowl","floor":15},{"not_picked":["Tactician","Dagger Throw"],"picked":"Burst","floor":16},{"not_picked":["Reflex","Poisoned Stab"],"picked":"Crippling Poison","floor":17},{"not_picked":["Outmaneuver","Blade Dance","Prepared"],"picked":"Singing Bowl","floor":18}],"player_experience":706819,"relics_obtained":[{"floor":3,"key":"Pen Nib"},{"floor":3,"key":"War Paint"},{"floor":4,"key":"Gremlin Horn"},{"floor":4,"key":"Bottled Flame"},{"floor":5,"key":"Omamori"},{"floor":5,"key":"Singing Bowl"},{"floor":9,"key":"Strawberry"},{"floor":9,"key":"Bottled Tornado"},{"floor":10,"key":"Pear"},{"floor":10,"key":"Bottled Lightning"},{"floor":11,"key":"Bag of Preparation"},{"floor":11,"key":"Mango"},{"floor":15,"key":"Letter Opener"},{"floor":15,"key":"Kunai"},{"floor":16,"key":"Art of War"},{"floor":16,"key":"Vajra"},{"floor":17,"key":"Lantern"},{"floor":17,"key":"The Courier"},{"floor":18,"key":"Oddly Smooth Stone"},{"floor":18,"key":"Frozen Egg 2"}],"event_choices":[],"is_beta":false,"boss_relics":[{"not_picked":["Snecko Eye","Eternal Feather"],"picked":"Astrolabe"},{"not_picked":["Tiny House","Philosopher\u0027s Stone"],"picked":"Cursed Key"}],"items_purged_floors":[1,7],"is_endless":false,"potions_floor_spawned":[3,4,11],"ascension_level":0}