{"gold_per_floor":[13,33,52,71,71,71,97,97,97,97,97,130,130,149,149,226,226,238,248,266,266,6,6,24,24,49,49,69,104,104,131,131,131],"floor_reached":33,"playtime":2198,"items_purged":["Strike_R"],"score":573,"play_id":"badf628f-2dd2-4516-bd22-e0e854e00b10","local_time":"20190125152221","is_ascension_mode":true,"campfire_choices":[{"data":"Whirlwind","floor":6.0,"key":"SMITH"},{"floor":8.0,"key":"REST"},{"data":"Feed","floor":11.0,"key":"SMITH"},{"floor":15.0,"key":"REST"},{"data":"Immolate","floor":23.0,"key":"SMITH"},{"data":"Flame Barrier","floor":25,"key":"SMITH"},{"floor":27,"key":"REST"},{"data":"Disarm","floor":32,"key":"SMITH"}],"neow_cost":"NO_GOLD","seed_source_timestamp":0,"circlet_count":0,"master_deck":["AscendersBane","Strike_R+1","Strike_R+1","Defend_R+1","Defend_R+1","Defend_R+1","Defend_R+1","Bash","Iron Wave","Feed+1","Whirlwind+1","Reaper","Immolate+1","Iron Wave","Disarm+1","Shrug It Off","Flame Barrier+1","Parasite","Pommel Strike+1"],"special_seed":0,"relics":["Burning Blood","Letter Opener","Blue Candle","Mummified Hand","Sundial","Cursed Key","MutagenicStrength","Lantern","Vajra","Molten Egg 2","Red Mask"],"potions_floor_usage":[29,33,33],"damage_taken":[{"damage":3.0,"enemies":"Cultist","floor":1.0,"turns":5.0},{"damage":1.0,"enemies":"Small Slimes","floor":2.0,"turns":4.0},{"damage":4.0,"enemies":"2 Louse","floor":3.0,"turns":3.0},{"damage":31.0,"enemies":"Red Slaver","floor":4.0,"turns":7.0},{"damage":51.0,"enemies":"Gremlin Nob","floor":7.0,"turns":5.0},{"damage":35.0,"enemies":"3 Sentries","floor":12.0,"turns":7.0},{"damage":12.0,"enemies":"Exordium Thugs","floor":14.0,"turns":3.0},{"damage":47.0,"enemies":"Slime Boss","floor":16.0,"turns":11.0},{"damage":18.0,"enemies":"3 Byrds","floor":18.0,"turns":3.0},{"damage":10.0,"enemies":"Chosen","floor":19.0,"turns":5.0},{"damage":46.0,"enemies":"Centurion and Healer","floor":20.0,"turns":11.0},{"damage":26.0,"enemies":"Shelled Parasite and Fungi","floor":24.0,"turns":7.0},{"damage":23,"enemies":"3 Cultists","floor":28,"turns":6},{"damage":20,"enemies":"Slavers","floor":29,"turns":2},{"damage":0,"enemies":"Masked Bandits","floor":31,"turns":1},{"damage":103,"enemies":"Automaton","floor":33,"turns":12}],"seed_played":"3141467387708549709","potions_obtained":[{"floor":2.0,"key":"LiquidBronze"},{"floor":12.0,"key":"Poison Potion"},{"floor":13.0,"key":"EntropicBrew"},{"floor":13.0,"key":"Regen Potion"},{"floor":19.0,"key":"EssenceOfSteel"},{"floor":28,"key":"Dexterity Potion"},{"floor":31,"key":"AttackPotion"}],"is_trial":false,"path_per_floor":["M","M","M","M","T","R","E","R","T","?","R","E","?","M","R","B",null,"M","M","M","?","$","R","M","R","T","R","M","E","?","?","R","B"],"character_chosen":"IRONCLAD","items_purchased":["Shrug It Off","Lantern"],"campfire_rested":3,"item_purchase_floors":[22,22],"current_hp_per_floor":[71,75,78,56,56,56,14,39,39,39,39,26,26,24,51,39,82,80,84,56,56,56,56,36,36,36,68,70,88,88,94,94,0],"gold":131,"neow_bonus":"REMOVE_TWO","is_prod":false,"is_daily":false,"chose_seed":false,"campfire_upgraded":5,"win_rate":0,"timestamp":1548458541,"path_taken":["M","M","M","M","?","R","E","R","T","?","R","E","?","M","R","BOSS","M","M","M","?","$","R","M","R","T","R","M","E","?","?","R","BOSS"],"build_version":"2019-01-23","purchased_purges":1,"victory":false,"max_hp_per_floor":[75,75,78,81,81,81,84,84,84,84,84,88,88,92,92,96,96,100,104,108,108,108,108,108,108,108,108,112,116,116,116,116,116],"card_choices":[{"not_picked":["Flex","Perfected Strike"],"picked":"Iron Wave","floor":1.0},{"not_picked":["Bloodletting","Fire Breathing"],"picked":"Feed","floor":2.0},{"not_picked":["Rage","Intimidate","Warcry"],"picked":"SKIP","floor":3.0},{"not_picked":["Warcry","Clothesline"],"picked":"Whirlwind","floor":4.0},{"not_picked":["Pummel","Disarm"],"picked":"Reaper","floor":7.0},{"not_picked":["Twin Strike","Body Slam","Havoc"],"picked":"SKIP","floor":12.0},{"not_picked":["Searing Blow","Wild Strike","Warcry"],"picked":"SKIP","floor":14.0},{"not_picked":["Dark Embrace","Barricade"],"picked":"Immolate","floor":16.0},{"not_picked":["Perfected Strike","Fire Breathing"],"picked":"Iron Wave","floor":18.0},{"not_picked":["Clothesline","Infernal Blade"],"picked":"Disarm","floor":19.0},{"not_picked":["Flex","Wild Strike","Clash"],"picked":"SKIP","floor":20.0},{"not_picked":["Shrug It Off","Sword Boomerang"],"picked":"Flame Barrier","floor":24},{"not_picked":["Sword Boomerang","Combust","Dual Wield"],"picked":"SKIP","floor":28},{"not_picked":["Wild Strike","Body Slam","Entrench"],"picked":"SKIP","floor":29},{"not_picked":["Bloodletting+1","Twin Strike+1"],"picked":"Pommel Strike+1","floor":31}],"player_experience":1162382,"relics_obtained":[{"floor":5.0,"key":"Letter Opener"},{"floor":7.0,"key":"Blue Candle"},{"floor":9.0,"key":"Mummified Hand"},{"floor":12.0,"key":"Sundial"},{"floor":26,"key":"Vajra"},{"floor":29,"key":"Molten Egg 2"},{"floor":31,"key":"Red Mask"}],"event_choices":[{"damage_healed":0.0,"max_hp_gain":0.0,"max_hp_loss":0.0,"gold_gain":0.0,"event_name":"Scrap Ooze","player_choice":"Fled","floor":10.0,"gold_loss":0.0,"damage_taken":0.0},{"damage_healed":0.0,"max_hp_gain":0.0,"max_hp_loss":0.0,"gold_gain":0.0,"event_name":"Lab","player_choice":"Got Potions","floor":13.0,"gold_loss":0.0,"damage_taken":0.0},{"damage_healed":0.0,"max_hp_gain":0.0,"max_hp_loss":0.0,"gold_gain":0.0,"event_name":"Drug Dealer","player_choice":"Inject Mutagens","floor":21.0,"gold_loss":0.0,"damage_taken":0.0,"relics_obtained":["MutagenicStrength"]},{"damage_healed":0,"gold_gain":0,"player_choice":"Simplicity","damage_taken":0,"max_hp_gain":0,"max_hp_loss":0,"event_name":"Back to Basics","floor":30,"gold_loss":0,"cards_upgraded":["Strike_R","Strike_R","Defend_R","Defend_R","Defend_R","Defend_R"]},{"damage_healed":0,"gold_gain":0,"player_choice":"Fought Bandits","damage_taken":0,"max_hp_gain":0,"max_hp_loss":0,"event_name":"Masked Bandits","floor":31,"gold_loss":0}],"is_beta":false,"boss_relics":[{"not_picked":["Pandora\u0027s Box","Coffee Dripper"],"picked":"Cursed Key"}],"items_purged_floors":[22],"is_endless":false,"potions_floor_spawned":[2,12,14,16,19,28,31],"killed_by":"Automaton","ascension_level":18}