{"gold_per_floor":[119,119,132,144,158,189,189,189,216,71,90,123,123,138,138,238,238,253,135,149,163,19,19,29,29,29,62,87,99,111,136,148,160],"floor_reached":33,"playtime":2205,"items_purged":[],"score":304,"play_id":"9605b794-cef7-4896-a1c3-5902765a8007","local_time":"20190415224634","is_ascension_mode":false,"campfire_choices":[{"floor":13,"key":"REST"},{"data":"Skewer","floor":15,"key":"SMITH"},{"floor":23,"key":"REST"},{"data":"Infinite Blades","floor":25,"key":"SMITH"},{"floor":30,"key":"REST"},{"floor":32,"key":"REST"}],"neow_cost":"NONE","seed_source_timestamp":445207339957973,"circlet_count":0,"master_deck":["Defend_G","Defend_G","Defend_G","Defend_G","Strike_G","Strike_G","Strike_G","Strike_G","Strike_G","Survivor","Neutralize","Sucker Punch","All Out Attack","Underhanded Strike","Flying Knee","Endless Agony","Skewer+1","All Out Attack","Flying Knee","Heel Hook","Slice","Glass Knife","Quick Slash","Reflex","Underhanded Strike","Eviscerate","Skewer","Glass Knife","Dramatic Entrance","Well Laid Plans","Infinite Blades+1","Prepared","Blade Dance","PanicButton","Deflect+1","A Thousand Cuts","Sucker Punch","Finisher","Prepared"],"relics":["Ring of the Snake","Potion Belt","Centennial Puzzle","Regal Pillow","Happy Flower","Orrery","Orichalcum","MawBank"],"potions_floor_usage":[21,28,28,33,33,33],"damage_taken":[{"damage":0,"enemies":"2 Louse","floor":1,"turns":3},{"damage":0,"enemies":"Cultist","floor":3,"turns":4},{"damage":8,"enemies":"Jaw Worm","floor":4,"turns":3},{"damage":8,"enemies":"Large Slime","floor":5,"turns":4},{"damage":42,"enemies":"Lagavulin","floor":6,"turns":8},{"damage":0,"enemies":"2 Fungi Beasts","floor":11,"turns":2},{"damage":20,"enemies":"Gremlin Nob","floor":12,"turns":4},{"damage":1,"enemies":"Red Slaver","floor":14,"turns":2},{"damage":46,"enemies":"Hexaghost","floor":16,"turns":10},{"damage":17,"enemies":"2 Thieves","floor":18,"turns":4},{"damage":5,"enemies":"Chosen","floor":20,"turns":3},{"damage":29,"enemies":"Snake Plant","floor":21,"turns":4},{"damage":13,"enemies":"Cultist and Chosen","floor":24,"turns":5},{"damage":36,"enemies":"Book of Stabbing","floor":27,"turns":5},{"damage":3,"enemies":"Snecko","floor":28,"turns":4},{"damage":4,"enemies":"Chosen and Byrds","floor":31,"turns":4},{"damage":73,"enemies":"Collector","floor":33,"turns":10}],"seed_played":"3706425955139248048","potions_obtained":[{"floor":1,"key":"Energy Potion"},{"floor":5,"key":"SpeedPotion"},{"floor":6,"key":"SpeedPotion"},{"floor":12,"key":"Explosive Potion"},{"floor":16,"key":"GamblersBrew"},{"floor":20,"key":"Poison Potion"},{"floor":21,"key":"LiquidBronze"}],"is_trial":false,"path_per_floor":["M","?","M","M","M","E","?","?","T","$","M","E","R","M","R","B",null,"M","$","M","M","$","R","M","R","T","E","M","?","R","M","R","B"],"character_chosen":"THE_SILENT","items_purchased":["Skewer","All Out Attack","Dramatic Entrance","Well Laid Plans","Blade Dance","PanicButton"],"campfire_rested":4,"item_purchase_floors":[10,10,19,19,22,22],"current_hp_per_floor":[70,70,70,62,54,12,35,35,35,35,35,15,51,50,50,4,70,53,53,48,19,19,55,42,42,42,6,3,3,39,35,70,0],"gold":160,"neow_bonus":"RANDOM_COMMON_RELIC","is_prod":false,"is_daily":false,"chose_seed":false,"campfire_upgraded":2,"win_rate":0.0,"timestamp":1555382794,"path_taken":["M","?","M","?","?","E","?","?","T","?","M","E","R","M","R","BOSS","M","$","M","M","$","R","M","R","T","E","M","?","R","M","R","BOSS"],"build_version":"2019-01-23","purchased_purges":0,"victory":false,"max_hp_per_floor":[70,70,70,70,70,70,70,70,70,70,70,70,70,70,70,70,70,70,70,70,70,70,70,70,70,70,70,70,70,70,70,70,70],"card_choices":[{"not_picked":["Footwork","Backflip"],"picked":"Sucker Punch","floor":1},{"not_picked":["Flechettes","Dodge and Roll"],"picked":"All Out Attack","floor":3},{"not_picked":["Well Laid Plans","Deadly Poison"],"picked":"Underhanded Strike","floor":4},{"not_picked":["Dagger Throw","Slice"],"picked":"Flying Knee","floor":5},{"not_picked":["Outmaneuver","Calculated Gamble"],"picked":"Endless Agony","floor":6},{"not_picked":["Sucker Punch","Acrobatics"],"picked":"Flying Knee","floor":11},{"not_picked":["Deadly Poison","Distraction"],"picked":"Heel Hook","floor":12},{"not_picked":["Deadly Poison","Dagger Throw"],"picked":"Slice","floor":14},{"not_picked":["Burst","Bullet Time"],"picked":"Glass Knife","floor":16},{"not_picked":["Flechettes","Dash"],"picked":"Quick Slash","floor":17},{"not_picked":["Acrobatics","Tactician"],"picked":"Reflex","floor":17},{"not_picked":["Skewer","Prepared"],"picked":"Underhanded Strike","floor":17},{"not_picked":["Outmaneuver","Blur"],"picked":"Eviscerate","floor":17},{"not_picked":["Footwork","PiercingWail"],"picked":"Skewer","floor":17},{"not_picked":["Underhanded Strike+1","Backstab"],"picked":"Glass Knife","floor":18},{"not_picked":["Eviscerate+1","Deflect"],"picked":"Infinite Blades","floor":20},{"not_picked":["Dodge and Roll","Poisoned Stab"],"picked":"Prepared","floor":21},{"not_picked":["Leg Sweep","Dagger Throw"],"picked":"Deflect+1","floor":24},{"not_picked":["Tactician","Outmaneuver"],"picked":"A Thousand Cuts","floor":27},{"not_picked":["Deadly Poison","Dodge and Roll"],"picked":"Sucker Punch","floor":28},{"not_picked":["Expertise","Bane+1"],"picked":"Prepared","floor":31}],"player_experience":26377,"relics_obtained":[{"floor":6,"key":"Centennial Puzzle"},{"floor":9,"key":"Regal Pillow"},{"floor":12,"key":"Happy Flower"},{"floor":26,"key":"Orichalcum"},{"floor":27,"key":"MawBank"}],"event_choices":[{"cards_removed":["Defend_G"],"damage_healed":0,"gold_gain":0,"player_choice":"Purged","damage_taken":0,"max_hp_gain":0,"max_hp_loss":0,"event_name":"Purifier","floor":2,"gold_loss":0},{"damage_healed":23,"gold_gain":0,"player_choice":"Banana","damage_taken":0,"max_hp_gain":0,"max_hp_loss":0,"event_name":"Big Fish","floor":7,"gold_loss":0},{"damage_healed":0,"gold_gain":0,"player_choice":"Ignored","damage_taken":0,"max_hp_gain":0,"max_hp_loss":0,"event_name":"Liars Game","floor":8,"gold_loss":0},{"damage_healed":0,"gold_gain":0,"player_choice":"Read","damage_taken":0,"max_hp_gain":0,"max_hp_loss":0,"event_name":"The Library","floor":29,"gold_loss":0,"cards_obtained":["Finisher"]}],"is_beta":false,"boss_relics":[{"not_picked":["Philosopher\u0027s Stone","Calling Bell"],"picked":"Orrery"}],"items_purged_floors":[],"is_endless":false,"potions_floor_spawned":[1,5,6,12,16,20,21,24,27],"killed_by":"Collector","ascension_level":0}