{"path_per_floor":["M","?","?","$","?","R","M","R","T","M","M","R","M","$","R","B",null,"M","?","?","M","M","R","E","R","T","$","R","M","$"],"character_chosen":"THE_SILENT","items_purchased":["Noxious Fumes","Bronze Scales","Noxious Fumes"],"gold_per_floor":[116,191,191,43,218,218,229,229,303,321,331,331,349,95,95,197,227,214,214,214,229,247,247,275,275,323,198,198,217,183,183],"floor_reached":31,"campfire_rested":1,"playtime":1849,"item_purchase_floors":[4,14,30],"current_hp_per_floor":[75,64,52,52,52,52,37,37,37,37,33,33,28,28,28,30,76,70,70,70,70,49,75,57,57,57,57,57,42,42,0],"items_purged":["Clumsy","Doubt","Strike_G+1"],"gold":183,"score":402,"play_id":"d83d063e-db4e-4a24-bd2e-1a0d38e9bd48","local_time":"20180525183409","is_prod":false,"is_daily":false,"chose_seed":false,"is_ascension_mode":true,"campfire_upgraded":6,"win_rate":0,"timestamp":1527298449,"campfire_choices":[{"data":"Neutralize","floor":6,"key":"SMITH"},{"data":"Noxious Fumes","floor":8,"key":"SMITH"},{"data":"Deadly Poison","floor":12,"key":"SMITH"},{"data":"Corpse Explosion","floor":15,"key":"SMITH"},{"floor":23,"key":"REST"},{"data":"Deadly Poison","floor":25,"key":"SMITH"},{"data":"Survivor","floor":28,"key":"SMITH"}],"path_taken":["M","?","?","?","?","R","?","R","T","M","M","R","M","$","R","BOSS","M","?","?","M","?","R","E","R","T","?","R","?","$","E"],"build_version":"2018-05-24","seed_source_timestamp":669842645582341,"purchased_purges":3,"victory":false,"master_deck":["Defend_G+1","Defend_G+1","Defend_G+1","Defend_G+1","Defend_G+1","Strike_G+1","Strike_G+1","Strike_G+1","Strike_G+1","Survivor+1","Neutralize+1","AscendersBane","Deadly Poison+1","Noxious Fumes+1","Prepared","Corpse Explosion+1","Deadly Poison+1","Deflect+1","Sucker Punch+1","Malaise+1","Noxious Fumes"],"max_hp_per_floor":[84,84,84,84,84,84,84,84,84,84,84,84,84,84,84,84,89,89,89,89,89,89,89,89,89,89,89,89,89,89,89],"relics":["Ring of the Snake","Pantograph","Mummified Hand","Bronze Scales","Tiny House","Mercury Hourglass","Oddly Smooth Stone","Singing Bowl"],"card_choices":[{"not_picked":["Outmaneuver","Slice"],"picked":"Deadly Poison","floor":1},{"not_picked":["Calculated Gamble","Cloak And Dagger","Outmaneuver"],"picked":"SKIP","floor":7},{"not_picked":["Sucker Punch","Doppelganger"],"picked":"Prepared","floor":10},{"not_picked":["Slice","Dash","Sucker Punch"],"picked":"SKIP","floor":11},{"not_picked":["Cloak And Dagger","Outmaneuver"],"picked":"Corpse Explosion","floor":13},{"not_picked":["Well Laid Plans","Sucker Punch"],"picked":"Deadly Poison","floor":17},{"not_picked":["Dagger Spray","Finisher","Dodge and Roll"],"picked":"SKIP","floor":18},{"not_picked":["PiercingWail","Acrobatics"],"picked":"Deflect+1","floor":21},{"not_picked":["Quick Slash","Heel Hook","Terror"],"picked":"SKIP","floor":22},{"not_picked":["Prepared","Tools of the Trade"],"picked":"Sucker Punch+1","floor":24},{"not_picked":["Underhanded Strike+1","Deadly Poison"],"picked":"Malaise+1","floor":29}],"player_experience":498103,"potions_floor_usage":[16,18,22,24,24],"damage_taken":[{"damage":2,"enemies":"2 Louse","floor":1,"turns":4},{"damage":15,"enemies":"Jaw Worm","floor":7,"turns":5},{"damage":0,"enemies":"Small Slimes","floor":10,"turns":5},{"damage":4,"enemies":"Blue Slaver","floor":11,"turns":4},{"damage":5,"enemies":"3 Louse","floor":13,"turns":4},{"damage":23,"enemies":"Hexaghost","floor":16,"turns":9},{"damage":6,"enemies":"2 Thieves","floor":18,"turns":4},{"damage":0,"enemies":"3 Byrds","floor":21,"turns":3},{"damage":21,"enemies":"Cultist and Chosen","floor":22,"turns":6},{"damage":18,"enemies":"Slavers","floor":24,"turns":6},{"damage":15,"enemies":"Snecko","floor":29,"turns":6},{"damage":43,"enemies":"Gremlin Leader","floor":31,"turns":5}],"relics_obtained":[{"floor":9,"key":"Mummified Hand"},{"floor":24,"key":"Oddly Smooth Stone"},{"floor":26,"key":"Singing Bowl"}],"event_choices":[{"event_name":"World of Goop","player_choice":"Gather Gold","floor":2,"damage_taken":0},{"event_name":"Scrap Ooze","player_choice":"success","floor":3,"damage_taken":12},{"event_name":"Liars Game","player_choice":"agreed","floor":5,"damage_taken":0},{"event_name":"Accursed Blacksmith","player_choice":"Rummage","floor":19,"damage_taken":0},{"event_name":"Back to Basics","player_choice":"Simplicity","floor":20,"damage_taken":0}],"boss_relics":[{"not_picked":["Lizard Tail","Snecko Eye"],"picked":"Tiny House"}],"items_purged_floors":[4,14,27],"potions_floor_spawned":[10,11,16,18,22,29],"seed_played":"6282310631065282245","killed_by":"Gremlin Leader","ascension_level":11,"potions_obtained":[{"floor":10,"key":"Dexterity Potion"},{"floor":11,"key":"FearPotion"},{"floor":16,"key":"Weak Potion"},{"floor":17,"key":"Energy Potion"},{"floor":18,"key":"EssenceOfSteel"},{"floor":22,"key":"Weak Potion"},{"floor":29,"key":"SteroidPotion"}],"is_trial":false}