{"gold_per_floor":[110,18,32,32,48,48,67,99,99,99],"floor_reached":10,"playtime":405,"items_purged":[],"score":105,"play_id":"50b249c9-6d4e-4246-a25e-961693543d47","local_time":"20190201110225","is_ascension_mode":true,"campfire_choices":[{"data":"Shrug It Off","floor":6.0,"key":"SMITH"}],"neow_cost":"PERCENT_DAMAGE","seed_source_timestamp":3212243748076,"circlet_count":0,"master_deck":["AscendersBane","Strike_R","Strike_R","Strike_R","Strike_R","Strike_R","Defend_R","Defend_R","Defend_R","Defend_R","Bash","Dark Embrace","Shrug It Off+1","Bandage Up","Spot Weakness","Havoc","Spot Weakness"],"special_seed":0,"relics":["Burning Blood","Lantern","Letter Opener"],"potions_floor_usage":[10],"damage_taken":[{"damage":6.0,"enemies":"Cultist","floor":1.0,"turns":4.0},{"damage":28.0,"enemies":"Jaw Worm","floor":3.0,"turns":7.0},{"damage":2.0,"enemies":"2 Louse","floor":5.0,"turns":4.0},{"damage":10.0,"enemies":"2 Fungi Beasts","floor":7.0,"turns":4.0},{"damage":42.0,"enemies":"Gremlin Nob","floor":8.0,"turns":5.0},{"damage":15,"enemies":"Large Slime","floor":10,"turns":2}],"seed_played":"8742030429454208132","potions_obtained":[{"floor":5.0,"key":"Energy Potion"},{"floor":8.0,"key":"Energy Potion"}],"is_trial":false,"path_per_floor":["M","$","M","$","M","R","M","E","T","M"],"character_chosen":"IRONCLAD","items_purchased":["Bandage Up"],"campfire_rested":0,"item_purchase_floors":[2],"current_hp_per_floor":[51,51,33,33,41,41,41,9,9,0],"gold":99,"neow_bonus":"THREE_RARE_CARDS","is_prod":false,"is_daily":false,"chose_seed":false,"campfire_upgraded":1,"win_rate":0,"timestamp":1549015345,"path_taken":["M","$","M","$","M","R","?","E","T","M"],"build_version":"2019-01-23","purchased_purges":0,"victory":false,"max_hp_per_floor":[80,80,80,80,80,80,80,80,80,80],"card_choices":[{"not_picked":["Fiend Fire","Berserk"],"picked":"Dark Embrace","floor":0.0},{"not_picked":["Cleave","Inflame"],"picked":"Shrug It Off","floor":1.0},{"not_picked":["Thunderclap","Perfected Strike","Inflame"],"picked":"SKIP","floor":3.0},{"not_picked":["Twin Strike","Sentinel"],"picked":"Spot Weakness","floor":5.0},{"not_picked":["Dropkick","Dark Embrace"],"picked":"Havoc","floor":7.0},{"not_picked":["Cleave","Iron Wave"],"picked":"Spot Weakness","floor":8.0}],"player_experience":228395,"relics_obtained":[{"floor":8.0,"key":"Lantern"},{"floor":9.0,"key":"Letter Opener"}],"event_choices":[],"is_beta":false,"boss_relics":[],"items_purged_floors":[],"is_endless":false,"potions_floor_spawned":[5,8],"killed_by":"Large Slime","ascension_level":11}