{"path_per_floor":["M","$","?","M","M","E","R","?","T","M","M","R","E","M","R","B",null,"M","M","?","$","?","E","M","E","T","?","?","M","E","M","R"],"character_chosen":"IRONCLAD","items_purchased":[],"gold_per_floor":[115,40,40,53,63,90,90,90,115,125,141,141,174,186,186,283,283,295,309,234,134,134,166,181,212,239,239,239,259,293,307,307,307],"floor_reached":33,"campfire_rested":1,"playtime":2509,"current_hp_per_floor":[80,80,80,80,80,80,80,80,80,80,83,83,82,92,92,37,102,106,104,104,104,81,62,70,43,43,43,27,43,47,59,88,0],"items_purged":["Strike_R","Strike_R"],"gold":307,"score":368,"play_id":"d35e0458-e8d8-49aa-a4aa-339840a3dd0d","local_time":"20180330000855","is_prod":false,"is_daily":false,"is_ascension_mode":false,"campfire_upgraded":3,"timestamp":1522393735,"path_taken":["M","?","?","?","M","E","R","?","T","?","M","R","E","?","R","BOSS","M","M","?","$","?","E","M","E","T","?","?","M","E","M","R","BOSS"],"build_version":"2018-03-29","purchased_purges":2,"victory":false,"master_deck":["Defend_R","Defend_R","Defend_R","Defend_R","Bash","Inflame","Heavy Blade","Metallicize+1","Feed+1","Metallicize+1","Clash+1","Blood for Blood+1","Limit Break","Shrug It Off+1","Spot Weakness","Flex+1","Blood for Blood","Bite+1","Bite+1","Bite+1","Bite+1","Bite+1","Iron Wave+1"],"max_hp_per_floor":[80,80,80,80,80,80,80,80,80,84,88,88,92,98,98,102,102,106,110,110,110,115,115,119,125,125,87,87,89,93,99,99,99],"relics":["Burning Blood","Matryoshka","Art of War","Singing Bowl","Bag of Preparation","Sozu","Centennial Puzzle","Whetstone","Molten Egg 2","Bag of Marbles","Juzu Bracelet"],"card_choices":[{"not_picked":["Reckless Charge","Infernal Blade"],"picked":"Inflame","floor":1},{"not_picked":["Blood for Blood","Carnage"],"picked":"Heavy Blade","floor":4},{"not_picked":["Sever Soul","Intimidate"],"picked":"Metallicize","floor":5},{"not_picked":["Anger","Dropkick"],"picked":"Feed","floor":6},{"not_picked":["Feel No Pain","Second Wind"],"picked":"Metallicize","floor":10},{"not_picked":["Sever Soul","Corruption"],"picked":"Clash","floor":11},{"not_picked":["Cleave","Heavy Blade"],"picked":"Blood for Blood","floor":13},{"not_picked":["Feed","Exhume"],"picked":"Limit Break","floor":16},{"not_picked":["Clothesline","Headbutt"],"picked":"Shrug It Off","floor":18},{"not_picked":["Second Wind","Pommel Strike"],"picked":"Spot Weakness","floor":19},{"not_picked":["Pummel","Clothesline"],"picked":"Flex","floor":23},{"not_picked":["Dual Wield","Bloodletting"],"picked":"Blood for Blood","floor":24},{"not_picked":["Heavy Blade","Limit Break"],"picked":"Iron Wave","floor":30}],"player_experience":183176,"potions_floor_usage":[6,24,24],"damage_taken":[{"damage":1,"enemies":"Cultist","floor":1,"turns":4},{"damage":2,"enemies":"2 Louse","floor":4,"turns":3},{"damage":0,"enemies":"Small Slimes","floor":5,"turns":3},{"damage":6,"enemies":"Gremlin Nob","floor":6,"turns":3},{"damage":10,"enemies":"Exordium Thugs","floor":10,"turns":6},{"damage":7,"enemies":"Large Slime","floor":11,"turns":8},{"damage":11,"enemies":"Lagavulin","floor":13,"turns":9},{"damage":2,"enemies":"Lots of Slimes","floor":14,"turns":4},{"damage":65,"enemies":"Hexaghost","floor":16,"turns":14},{"damage":6,"enemies":"Spheric Guardian","floor":18,"turns":5},{"damage":12,"enemies":"Chosen","floor":19,"turns":5},{"damage":25,"enemies":"Book of Stabbing","floor":23,"turns":6},{"damage":11,"enemies":"Centurion and Healer","floor":24,"turns":4},{"damage":39,"enemies":"Slavers","floor":25,"turns":7},{"damage":7,"enemies":"Snake Plant","floor":29,"turns":4},{"damage":21,"enemies":"Book of Stabbing","floor":30,"turns":5},{"damage":9,"enemies":"Snecko","floor":31,"turns":7},{"damage":120,"enemies":"Collector","floor":33,"turns":6}],"event_choices":[{"event_name":"Living Wall","player_choice":"Forget","floor":3,"damage_taken":0},{"event_name":"Upgrade Shrine","player_choice":"Upgraded","floor":8,"damage_taken":0},{"event_name":"Beggar","player_choice":"Gave Gold","floor":20,"damage_taken":0},{"event_name":"Forgotten Altar","player_choice":"Shed Blood","floor":22,"damage_taken":0},{"event_name":"Vampires","player_choice":"Became a vampire","floor":27,"damage_taken":0},{"event_name":"Cursed Tome","player_choice":"Obtained Book","floor":28,"damage_taken":0}],"boss_relics":[{"not_picked":["Lizard Tail","Runic Dome"],"picked":"Sozu"}],"potions_floor_spawned":[4,10,11,14,16,23,24],"seed_played":"7535229685259098725","killed_by":"Collector","ascension_level":0,"is_trial":false}