{"gold_per_floor":[16,191,191,205,52,52,66,66,66,66,66,82,126,146,146,272,335,360,376,397,312,41,41],"floor_reached":23,"playtime":1408,"items_purged":["Strike_R","Doubt"],"score":220,"play_id":"635bbcd8-8246-4466-adc9-35da24824d33","local_time":"20190116184557","is_ascension_mode":true,"campfire_choices":[{"data":"Bash","floor":6.0,"key":"SMITH"},{"data":"Shrug It Off","floor":8.0,"key":"SMITH"},{"data":"Flame Barrier","floor":11.0,"key":"SMITH"},{"data":"Infernal Blade","floor":15.0,"key":"SMITH"}],"neow_cost":"NO_GOLD","seed_source_timestamp":953198272770738,"circlet_count":0,"master_deck":["Strike_R","Strike_R","Strike_R","Defend_R","Defend_R","Defend_R","Defend_R","Bash+1","Bludgeon","Pommel Strike","Injury","Flame Barrier+1","Shrug It Off+1","Pommel Strike","Shrug It Off","Clothesline","Infernal Blade+1","Wild Strike","Impervious+1","Seeing Red","Rage+1","Thunderclap","Headbutt"],"special_seed":0,"relics":["Burning Blood","Golden Idol","Anchor","Red Skull","Tiny House","Vajra","Happy Flower"],"potions_floor_usage":[23,23],"damage_taken":[{"damage":0.0,"enemies":"Small Slimes","floor":1.0,"turns":2.0},{"damage":1.0,"enemies":"2 Louse","floor":4.0,"turns":4.0},{"damage":0.0,"enemies":"Cultist","floor":7.0,"turns":2.0},{"damage":0.0,"enemies":"Red Slaver","floor":12.0,"turns":3.0},{"damage":8.0,"enemies":"Lagavulin","floor":13.0,"turns":5.0},{"damage":1.0,"enemies":"Looter","floor":14.0,"turns":3.0},{"damage":49.0,"enemies":"Hexaghost","floor":16.0,"turns":11.0},{"damage":18.0,"enemies":"2 Thieves","floor":18.0,"turns":3.0},{"damage":13.0,"enemies":"Chosen","floor":19.0,"turns":5.0},{"damage":36.0,"enemies":"Shelled Parasite and Fungi","floor":20.0,"turns":7.0},{"damage":38,"enemies":"Gremlin Leader","floor":23,"turns":4}],"seed_played":"3662413356795203498","potions_obtained":[{"floor":4.0,"key":"SkillPotion"},{"floor":7.0,"key":"Fire Potion"},{"floor":12.0,"key":"Regen Potion"},{"floor":14.0,"key":"BloodPotion"},{"floor":17.0,"key":"SteroidPotion"},{"floor":20.0,"key":"Fire Potion"}],"is_trial":false,"path_per_floor":["M","?","?","M","$","R","M","R","T","?","R","M","E","M","R","B",null,"M","M","M","?","$","E"],"character_chosen":"IRONCLAD","items_purchased":["Shrug It Off","Pommel Strike","Headbutt","Happy Flower"],"campfire_rested":0,"item_purchase_floors":[5,5,22,22],"current_hp_per_floor":[80,80,80,80,80,80,80,80,80,73,73,79,77,80,80,37,85,73,66,36,36,36,0],"gold":41,"neow_bonus":"THREE_RARE_CARDS","is_prod":false,"is_daily":false,"chose_seed":false,"campfire_upgraded":4,"win_rate":0,"timestamp":1547660757,"path_taken":["M","?","?","M","$","R","M","R","T","?","R","M","E","M","R","BOSS","M","M","M","?","$","E"],"build_version":"2018-12-20","purchased_purges":2,"victory":false,"max_hp_per_floor":[80,80,80,80,80,80,80,80,80,80,80,80,80,80,80,80,85,85,85,85,85,85,85],"card_choices":[{"not_picked":["Juggernaut","Feed"],"picked":"Bludgeon","floor":0.0},{"not_picked":["Armaments","Warcry"],"picked":"Pommel Strike","floor":1.0},{"not_picked":["Sword Boomerang","Pommel Strike"],"picked":"Flame Barrier","floor":4.0},{"not_picked":["Fire Breathing","Sword Boomerang"],"picked":"Shrug It Off","floor":7.0},{"not_picked":["Heavy Blade","Hemokinesis"],"picked":"Clothesline","floor":12.0},{"not_picked":["Rage","Body Slam"],"picked":"Infernal Blade","floor":13.0},{"not_picked":["Flame Barrier","Heavy Blade"],"picked":"Wild Strike","floor":14.0},{"not_picked":["Dark Embrace","Juggernaut"],"picked":"Impervious","floor":16.0},{"not_picked":["Wild Strike","Anger+1"],"picked":"Seeing Red","floor":18.0},{"not_picked":["Anger","Body Slam"],"picked":"Rage+1","floor":19.0},{"not_picked":["Twin Strike","Pommel Strike"],"picked":"Thunderclap","floor":20.0}],"player_experience":30023,"relics_obtained":[{"floor":9.0,"key":"Anchor"},{"floor":13.0,"key":"Red Skull"}],"event_choices":[{"damage_healed":0.0,"max_hp_gain":0.0,"max_hp_loss":0.0,"gold_gain":175.0,"event_name":"Liars Game","player_choice":"AGREE","floor":2.0,"gold_loss":0.0,"damage_taken":0.0,"cards_obtained":["Doubt"]},{"damage_healed":0.0,"max_hp_gain":0.0,"max_hp_loss":0.0,"gold_gain":0.0,"event_name":"Golden Idol","player_choice":"Take Wound","floor":3.0,"gold_loss":0.0,"damage_taken":0.0,"relics_obtained":["Golden Idol"],"cards_obtained":["Injury"]},{"cards_removed":["Strike_R"],"damage_healed":0.0,"max_hp_gain":0.0,"max_hp_loss":0.0,"gold_gain":0.0,"event_name":"Golden Wing","player_choice":"Card Removal","floor":10.0,"gold_loss":0.0,"damage_taken":7.0},{"damage_healed":0.0,"max_hp_gain":0.0,"max_hp_loss":0.0,"gold_gain":0.0,"event_name":"Addict","player_choice":"Obtained Relic","floor":21.0,"gold_loss":85.0,"damage_taken":0.0,"relics_obtained":["Vajra"]}],"is_beta":false,"boss_relics":[{"not_picked":["Empty Cage","Orrery"],"picked":"Tiny House"}],"items_purged_floors":[5,22],"is_endless":false,"potions_floor_spawned":[4,7,12,14,20],"killed_by":"Gremlin Leader","ascension_level":3}