{"path_per_floor":["M","M","?","?","M","R","E","M","T","R","M","M","?","M","R","B",null,"M","$","M","$","M","R"],"character_chosen":"THE_SILENT","items_purchased":["Venomology","Bouncing Flask"],"gold_per_floor":[18,28,28,28,44,44,72,85,85,85,105,122,101,112,112,215,215,230,152,163,81,99,99,99],"floor_reached":24,"campfire_rested":1,"playtime":1531,"current_hp_per_floor":[62,62,62,62,62,62,45,37,37,37,30,30,30,23,44,40,63,56,56,38,38,27,27,0],"items_purged":[],"gold":99,"score":300,"play_id":"987d11c0-ee60-42c4-b9f0-bca419654173","local_time":"20180517203255","is_prod":false,"is_daily":false,"chose_seed":false,"is_ascension_mode":true,"campfire_upgraded":3,"timestamp":1526614375,"campfire_choices":[{"data":"Sucker Punch","floor":6,"key":"SMITH"},{"data":"Poisoned Stab","floor":10,"key":"SMITH"},{"floor":15,"key":"REST"},{"data":"Venomology","floor":23,"key":"SMITH"}],"path_taken":["M","M","?","?","M","R","E","?","T","R","M","?","?","M","R","BOSS","M","$","?","?","?","R","E"],"build_version":"2018-05-17","seed_source_timestamp":158001676344452,"purchased_purges":1,"victory":false,"master_deck":["Defend_G","Defend_G","Defend_G","Defend_G","Defend_G","Strike_G","Strike_G","Survivor","Neutralize","AscendersBane","Sucker Punch+1","Slice","Poisoned Stab+1","Poisoned Stab","Malaise","Bane","Adrenaline","Venomology+1","Crippling Poison","Bouncing Flask"],"max_hp_per_floor":[70,70,70,70,70,70,70,70,70,70,70,70,70,70,70,70,70,70,70,70,70,70,70,70],"relics":["Ring of the Snake","The Specimen","Du-Vu Doll","Cursed Key"],"card_choices":[{"not_picked":["Prepared","Flying Knee"],"picked":"Sucker Punch","floor":1},{"not_picked":["Expertise","Infinite Blades","Well Laid Plans"],"picked":"SKIP","floor":2},{"not_picked":["Distraction","Sucker Punch"],"picked":"Slice","floor":5},{"not_picked":["Caltrops","Accuracy","Dagger Spray"],"picked":"SKIP","floor":7},{"not_picked":["Footwork","Bane"],"picked":"Poisoned Stab","floor":8},{"not_picked":["Setup","Expertise"],"picked":"Poisoned Stab","floor":11},{"not_picked":["Underhanded Strike","Dodge and Roll"],"picked":"Malaise","floor":12},{"not_picked":["Phantasmal Killer","Slice"],"picked":"Bane","floor":14},{"not_picked":["Storm of Steel","Night Terror"],"picked":"Adrenaline","floor":16},{"not_picked":["Slice+1","Backflip","Accuracy+1"],"picked":"SKIP","floor":18},{"not_picked":["Prepared","Endless Agony"],"picked":"Crippling Poison","floor":20},{"not_picked":["Underhanded Strike","Outmaneuver","Malaise+1"],"picked":"SKIP","floor":22}],"player_experience":443237,"potions_floor_usage":[5,5,5,5,7,7,7,7,8,20,20,24,24],"damage_taken":[{"damage":1,"enemies":"Cultist","floor":1,"turns":5},{"damage":0,"enemies":"2 Louse","floor":2,"turns":3},{"damage":0,"enemies":"Jaw Worm","floor":5,"turns":5},{"damage":17,"enemies":"Lagavulin","floor":7,"turns":9},{"damage":8,"enemies":"Lots of Slimes","floor":8,"turns":4},{"damage":7,"enemies":"Red Slaver","floor":11,"turns":4},{"damage":0,"enemies":"Gremlin Gang","floor":12,"turns":4},{"damage":7,"enemies":"3 Louse","floor":14,"turns":3},{"damage":4,"enemies":"Hexaghost","floor":16,"turns":11},{"damage":7,"enemies":"Shell Parasite","floor":18,"turns":6},{"damage":18,"enemies":"2 Thieves","floor":20,"turns":4},{"damage":11,"enemies":"Snake Plant","floor":22,"turns":5},{"damage":28,"enemies":"Book of Stabbing","floor":24,"turns":6}],"relics_obtained":[{"floor":7,"key":"The Specimen"},{"floor":9,"key":"Du-Vu Doll"}],"event_choices":[{"event_name":"The Lab","player_choice":"Got Potions","floor":3,"damage_taken":0},{"event_name":"Purifier","player_choice":"One Purge","floor":4,"damage_taken":0},{"event_name":"World of Goop","player_choice":"Left","floor":13,"damage_taken":0}],"boss_relics":[{"not_picked":["Astrolabe","Sozu"],"picked":"Cursed Key"}],"potions_floor_spawned":[2,7,8,12,20,22],"seed_played":"-6065828628213259127","killed_by":"Book of Stabbing","ascension_level":10,"potions_obtained":[{"floor":2,"key":"EntropicBrew"},{"floor":3,"key":"EntropicBrew"},{"floor":3,"key":"Dexterity Potion"},{"floor":7,"key":"Poison Potion"},{"floor":8,"key":"Ancient Potion"},{"floor":12,"key":"AttackPotion"},{"floor":20,"key":"SpeedPotion"},{"floor":22,"key":"SteroidPotion"}],"is_trial":false}