{"gold_per_floor":[119,44,44,57,57,85,85,5,57,57,84,40,67,93,93,93],"floor_reached":16,"playtime":673,"items_purged":["Strike_G","Strike_G"],"score":120,"play_id":"44e5ea56-dd49-4c99-a3b7-9a8c5a7f41ba","local_time":"20190418194421","is_ascension_mode":true,"campfire_choices":[{"data":"Leg Sweep","floor":7,"key":"SMITH"},{"data":"Corpse Explosion","floor":15,"key":"SMITH"}],"neow_cost":"NONE","seed_source_timestamp":695010908575311,"circlet_count":0,"master_deck":["Defend_G","Defend_G","Defend_G","Strike_G+1","Strike_G","Strike_G","Survivor","Neutralize+1","Leg Sweep+1","Corpse Explosion+1"],"relics":["Ring of the Snake","The Courier","Lantern","Peace Pipe","Molten Egg 2","Whetstone"],"potions_floor_usage":[],"damage_taken":[{"damage":0,"enemies":"2 Louse","floor":1,"turns":3},{"damage":0,"enemies":"Cultist","floor":4,"turns":3},{"damage":47,"enemies":"3 Sentries","floor":6,"turns":13},{"damage":21,"enemies":"Gremlin Nob","floor":11,"turns":7},{"damage":11,"enemies":"Lagavulin","floor":13,"turns":8},{"damage":16,"enemies":"Hexaghost","floor":16,"turns":9}],"seed_played":"-8965728508379322723","potions_obtained":[],"is_trial":false,"path_per_floor":["M","$","?","M","$","E","R","$","T","?","E","?","E","T","R","B"],"character_chosen":"THE_SILENT","items_purchased":[],"campfire_rested":0,"item_purchase_floors":[],"current_hp_per_floor":[70,70,70,70,70,23,23,23,23,46,25,25,14,14,14,0],"gold":93,"neow_bonus":"REMOVE_CARD","is_prod":false,"is_daily":false,"chose_seed":false,"campfire_upgraded":2,"win_rate":0,"timestamp":1555631061,"path_taken":["M","$","?","M","?","E","R","$","T","?","E","?","E","?","R","BOSS"],"build_version":"2019-01-23","purchased_purges":2,"victory":false,"max_hp_per_floor":[70,70,70,70,70,70,70,70,70,70,70,70,70,70,70,70],"card_choices":[{"not_picked":["Poisoned Stab","Flying Knee","Bouncing Flask"],"picked":"SKIP","floor":1},{"not_picked":["Quick Slash","Underhanded Strike","Deflect"],"picked":"SKIP","floor":4},{"not_picked":["Slice","Endless Agony"],"picked":"Leg Sweep","floor":6},{"not_picked":["Poisoned Stab","Tactician"],"picked":"Corpse Explosion","floor":11},{"not_picked":["Riddle With Holes","Caltrops","Sucker Punch"],"picked":"SKIP","floor":13}],"player_experience":60568,"relics_obtained":[{"floor":6,"key":"The Courier"},{"floor":9,"key":"Lantern"},{"floor":11,"key":"Peace Pipe"},{"floor":13,"key":"Molten Egg 2"},{"floor":14,"key":"Whetstone"}],"event_choices":[{"cards_removed":["Defend_G"],"damage_healed":0,"gold_gain":0,"player_choice":"Purged","damage_taken":0,"max_hp_gain":0,"max_hp_loss":0,"event_name":"Purifier","floor":3,"gold_loss":0},{"damage_healed":23,"gold_gain":0,"player_choice":"Banana","damage_taken":0,"max_hp_gain":0,"max_hp_loss":0,"event_name":"Big Fish","floor":10,"gold_loss":0},{"damage_healed":0,"gold_gain":0,"player_choice":"Left Gold","damage_taken":0,"max_hp_gain":0,"max_hp_loss":0,"event_name":"World of Goop","floor":12,"gold_loss":44}],"is_beta":false,"boss_relics":[],"items_purged_floors":[2,8],"is_endless":false,"potions_floor_spawned":[],"killed_by":"Hexaghost","ascension_level":1}