{"gold_per_floor":[114,129,31,50,68,68,102,102,182,192,192,212,212,231,231,336,336,352,352,367,378,36,36,53,72,123,123,137,41,52,86,86,186,186,205,222,235,254,554,554,554,554,554,308,308,322,322,340,340,340],"floor_reached":51,"playtime":2253,"items_purged":["Pain","Strike_R","Strike_R"],"score":705,"play_id":"e1486d24-63f4-4e7c-82bf-d38044624161","local_time":"20181007144638","is_ascension_mode":false,"campfire_choices":[{"data":"Armaments","floor":6.0,"key":"SMITH"},{"floor":8.0,"key":"DIG"},{"floor":11.0,"key":"DIG"},{"floor":13.0,"key":"DIG"},{"floor":15.0,"key":"DIG"},{"floor":23.0,"key":"DIG"},{"floor":27.0,"key":"DIG"},{"floor":32.0,"key":"DIG"},{"floor":40.0,"key":"DIG"},{"floor":42.0,"key":"DIG"},{"data":"1","floor":45.0,"key":"LIFT"},{"data":"2","floor":47.0,"key":"LIFT"},{"data":"3","floor":49.0,"key":"LIFT"}],"neow_cost":"CURSE","seed_source_timestamp":0,"circlet_count":0,"master_deck":["Strike_R","Strike_R","Strike_R","Defend_R","Defend_R","Defend_R","Defend_R","Bash","Armaments+1","Warcry","True Grit","Ghostly Armor","Carnage","Shockwave","Demon Form","Battle Trance","RitualDagger","Headbutt+1","Whirlwind+1","Warcry","Shrug It Off","Havoc","Double Tap","Heavy Blade+1","Iron Wave","Heavy Blade","Shrug It Off+1"],"special_seed":0,"relics":["Burning Blood","Shovel","Omamori","Ornamental Fan","Paper Frog","Centennial Puzzle","Lantern","Runic Dome","Charon\u0027s Ashes","Mercury Hourglass","Smiling Mask","Juzu Bracelet","Red Mask","Anchor","Mark of Pain","Old Coin","Potion Belt","Nunchaku","Girya","Oddly Smooth Stone"],"potions_floor_usage":[50,50,50,50],"damage_taken":[{"damage":7.0,"enemies":"Cultist","floor":1.0,"turns":4.0},{"damage":8.0,"enemies":"Jaw Worm","floor":2.0,"turns":4.0},{"damage":0.0,"enemies":"Small Slimes","floor":4.0,"turns":5.0},{"damage":14.0,"enemies":"Exordium Wildlife","floor":5.0,"turns":8.0},{"damage":25.0,"enemies":"3 Sentries","floor":7.0,"turns":13.0},{"damage":3.0,"enemies":"Large Slime","floor":10.0,"turns":7.0},{"damage":3.0,"enemies":"3 Louse","floor":12.0,"turns":4.0},{"damage":6.0,"enemies":"Exordium Wildlife","floor":14.0,"turns":3.0},{"damage":15.0,"enemies":"Slime Boss","floor":16.0,"turns":13.0},{"damage":3.0,"enemies":"Shell Parasite","floor":18.0,"turns":6.0},{"damage":12.0,"enemies":"Chosen","floor":20.0,"turns":5.0},{"damage":6.0,"enemies":"Centurion and Healer","floor":21.0,"turns":5.0},{"damage":29.0,"enemies":"Sentry and Sphere","floor":24.0,"turns":6.0},{"damage":14.0,"enemies":"Snake Plant","floor":25.0,"turns":3.0},{"damage":26.0,"enemies":"Shelled Parasite and Fungi","floor":28.0,"turns":4.0},{"damage":0.0,"enemies":"Centurion and Healer","floor":30.0,"turns":5.0},{"damage":6.0,"enemies":"Masked Bandits","floor":31.0,"turns":4.0},{"damage":37.0,"enemies":"Automaton","floor":33.0,"turns":8.0},{"damage":0.0,"enemies":"Orb Walker","floor":35.0,"turns":2.0},{"damage":0.0,"enemies":"3 Darklings","floor":36.0,"turns":5.0},{"damage":24.0,"enemies":"Spire Growth","floor":37.0,"turns":4.0},{"damage":20.0,"enemies":"4 Shapes","floor":38.0,"turns":3.0},{"damage":0.0,"enemies":"Mind Bloom Boss Battle","floor":39.0,"turns":4.0},{"damage":18.0,"enemies":"Reptomancer","floor":46.0,"turns":4.0},{"damage":0.0,"enemies":"Sphere and 2 Shapes","floor":48.0,"turns":2.0},{"damage":51,"enemies":"Time Eater","floor":50,"turns":7}],"seed_played":"-5447100971545640567","potions_obtained":[{"floor":2.0,"key":"Weak Potion"},{"floor":7.0,"key":"Fire Potion"},{"floor":10.0,"key":"Ancient Potion"},{"floor":20.0,"key":"Fire Potion"},{"floor":33.0,"key":"Strength Potion"},{"floor":36.0,"key":"Fire Potion"}],"is_trial":false,"path_per_floor":["M","M","$","M","M","R","E","R","T","M","R","M","R","M","R","B",null,"M","?","M","M","$","R","M","M","T","R","M","$","M","?","R","B",null,"M","M","M","M","?","R","?","R","T","$","R","M","R","M","R","B"],"character_chosen":"IRONCLAD","items_purchased":["True Grit","Charon\u0027s Ashes","Warcry","Shrug It Off","Oddly Smooth Stone","SteroidPotion"],"campfire_rested":0,"item_purchase_floors":[3,22,22,29,44,44],"current_hp_per_floor":[95,93,93,96,88,88,69,69,69,72,72,75,75,75,75,66,96,96,90,84,84,84,84,61,53,53,53,33,33,39,39,39,8,96,96,96,78,64,70,70,70,70,70,70,70,58,58,64,64,19],"gold":340,"neow_bonus":"TWENTY_PERCENT_HP_BONUS","is_prod":false,"is_daily":false,"chose_seed":false,"campfire_upgraded":1,"win_rate":0,"timestamp":1538948798,"path_taken":["M","?","?","?","M","R","E","R","T","M","R","M","R","M","R","BOSS","M","?","M","M","?","R","M","M","T","R","M","$","M","?","R","BOSS","M","M","M","M","?","R","?","R","T","$","R","M","R","M","R","BOSS"],"build_version":"2018-10-04v2","purchased_purges":3,"victory":true,"max_hp_per_floor":[96,96,96,96,96,96,96,96,96,96,96,96,96,96,96,96,96,96,96,96,96,96,96,96,96,96,96,96,96,96,96,96,96,96,96,96,96,96,96,96,96,96,96,96,96,96,96,96,96,96],"card_choices":[{"not_picked":["Feel No Pain","Body Slam"],"picked":"Armaments","floor":1.0},{"not_picked":["Bloodletting","Rupture"],"picked":"Warcry","floor":2.0},{"not_picked":["Iron Wave","Body Slam"],"picked":"Ghostly Armor","floor":4.0},{"not_picked":["Thunderclap","Wild Strike","Burning Pact"],"picked":"SKIP","floor":5.0},{"not_picked":["Combust","Hemokinesis"],"picked":"Carnage","floor":7.0},{"not_picked":["Bloodletting","Battle Trance"],"picked":"Shockwave","floor":10.0},{"not_picked":["Perfected Strike","Dropkick","Pummel"],"picked":"SKIP","floor":12.0},{"not_picked":["Body Slam","Armaments","Sentinel"],"picked":"SKIP","floor":14.0},{"not_picked":["Offering","Impervious"],"picked":"Demon Form","floor":16.0},{"not_picked":["Infernal Blade","Cleave"],"picked":"Battle Trance","floor":18.0},{"not_picked":["True Grit","Body Slam"],"picked":"Headbutt+1","floor":20.0},{"not_picked":["Armaments","Headbutt"],"picked":"Whirlwind+1","floor":21.0},{"not_picked":["Cleave","Spot Weakness","Clash"],"picked":"SKIP","floor":24.0},{"not_picked":["Rage","Body Slam+1","Exhume"],"picked":"SKIP","floor":25.0},{"not_picked":["Fire Breathing","Flex","Wild Strike+1"],"picked":"SKIP","floor":28.0},{"not_picked":["Anger","Sever Soul","Twin Strike"],"picked":"SKIP","floor":30.0},{"not_picked":["Twin Strike","Anger"],"picked":"Havoc","floor":31.0},{"not_picked":["Exhume","Feed"],"picked":"Double Tap","floor":33.0},{"not_picked":["Rage+1","Twin Strike"],"picked":"Heavy Blade+1","floor":35.0},{"not_picked":["Clash","Anger+1"],"picked":"Iron Wave","floor":36.0},{"not_picked":["Seeing Red+1","Spot Weakness"],"picked":"Heavy Blade","floor":37.0},{"not_picked":["Corruption","Intimidate","Bloodletting"],"picked":"SKIP","floor":38.0},{"not_picked":["Reckless Charge","Thunderclap"],"picked":"Shrug It Off+1","floor":39.0},{"not_picked":["Cleave+1","Reckless Charge+1","Searing Blow"],"picked":"SKIP","floor":46.0},{"not_picked":["Wild Strike+1","Armaments","Rupture+1"],"picked":"SKIP","floor":48.0}],"player_experience":910300,"relics_obtained":[{"floor":7.0,"key":"Shovel"},{"floor":8.0,"key":"Omamori"},{"floor":9.0,"key":"Ornamental Fan"},{"floor":11.0,"key":"Paper Frog"},{"floor":13.0,"key":"Centennial Puzzle"},{"floor":15.0,"key":"Lantern"},{"floor":23.0,"key":"Mercury Hourglass"},{"floor":26.0,"key":"Smiling Mask"},{"floor":27.0,"key":"Juzu Bracelet"},{"floor":31.0,"key":"Red Mask"},{"floor":32.0,"key":"Anchor"},{"floor":39.0,"key":"Old Coin"},{"floor":40.0,"key":"Potion Belt"},{"floor":42.0,"key":"Nunchaku"},{"floor":43.0,"key":"Girya"}],"event_choices":[{"event_name":"Nest","player_choice":"Joined the Cult","floor":19.0,"damage_taken":0.0},{"event_name":"Masked Bandits","player_choice":"Fought Bandits","floor":31.0,"damage_taken":0.0},{"event_name":"MindBloom","player_choice":"Fight","floor":39.0,"damage_taken":0.0},{"event_name":"SensoryStone","player_choice":"Memory 1","floor":41.0,"damage_taken":0.0}],"is_beta":false,"boss_relics":[{"not_picked":["Black Blood","Runic Pyramid"],"picked":"Runic Dome"},{"not_picked":["Snecko Eye","Empty Cage"],"picked":"Mark of Pain"}],"items_purged_floors":[3,29,44],"is_endless":false,"potions_floor_spawned":[2,7,10,12,20,21,25,31,33,36,37],"ascension_level":0}