{"gold_per_floor":[119,119,134,55,65,95,95,121,421,454,474,490,12,12,12,112,112,112,62,62,62,62,62,62,62,62,9,9,9,9,9,9,9,9,9,9,0,0,0,0,0,0,0,0,0,0,0,0,0,0,0,0,0,0,0],"floor_reached":56,"playtime":5687,"items_purged":["Strike_G"],"score":1622,"play_id":"0a575cd1-ae1b-46ac-82a7-b6f25f33bb57","local_time":"20190206235916","is_ascension_mode":true,"campfire_choices":[{"data":"Dash","floor":7.0,"key":"SMITH"},{"data":"Glass Knife","floor":15.0,"key":"SMITH"},{"data":"After Image","floor":23,"key":"SMITH"},{"data":"Infinite Blades","floor":25,"key":"SMITH"},{"data":"Cloak And Dagger","floor":32,"key":"SMITH"},{"data":"Malaise","floor":41,"key":"SMITH"},{"data":"Envenom","floor":47,"key":"SMITH"},{"floor":49,"key":"RECALL"},{"floor":52,"key":"REST"}],"neow_cost":"NONE","seed_source_timestamp":30390240104717,"circlet_count":0,"master_deck":["Defend_G","Defend_G","Defend_G","Defend_G","Defend_G+1","Strike_G","Strike_G","Strike_G","Survivor","Neutralize","Bullet Time","Masterful Stab","Leg Sweep+1","Footwork","Escape Plan","Dash+1","Bouncing Flask","Leg Sweep","Cloak And Dagger+1","Infinite Blades+1","Glass Knife+1","After Image+1","Flying Knee","Sucker Punch+1","Backflip","Calculated Gamble","Cloak And Dagger+1","Malaise+1","Blade Dance+1","After Image+1","Finisher+1","Infinite Blades+1","Envenom+1","Backflip"],"special_seed":0,"relics":["Ring of the Snake","Pear","Dead Branch","Old Coin","Pen Nib","Lee\u0027s Waffle","Ectoplasm","War Paint","Black Star","Red Mask","Letter Opener","Bronze Scales","Tingsha","Gremlin Horn","Calipers","Vajra","Happy Flower","Ice Cream","Ornamental Fan","Paper Crane"],"potions_floor_usage":[28,33,46,48,48,48,50,50,50,55],"damage_taken":[{"damage":1.0,"enemies":"Jaw Worm","floor":1.0,"turns":4.0},{"damage":0.0,"enemies":"2 Louse","floor":3.0,"turns":3.0},{"damage":0.0,"enemies":"Cultist","floor":5.0,"turns":5.0},{"damage":20.0,"enemies":"3 Sentries","floor":6.0,"turns":16.0},{"damage":30.0,"enemies":"Gremlin Nob","floor":8.0,"turns":6.0},{"damage":0.0,"enemies":"3 Sentries","floor":10.0,"turns":6.0},{"damage":18.0,"enemies":"Exordium Thugs","floor":11.0,"turns":10.0},{"damage":0.0,"enemies":"3 Louse","floor":12.0,"turns":3.0},{"damage":26.0,"enemies":"Hexaghost","floor":16.0,"turns":9.0},{"damage":0,"enemies":"3 Byrds","floor":18,"turns":5},{"damage":11,"enemies":"Chosen","floor":20,"turns":5},{"damage":5,"enemies":"Snake Plant","floor":24,"turns":5},{"damage":0,"enemies":"Shelled Parasite and Fungi","floor":28,"turns":4},{"damage":0,"enemies":"Snecko","floor":30,"turns":4},{"damage":0,"enemies":"Book of Stabbing","floor":31,"turns":4},{"damage":10,"enemies":"Automaton","floor":33,"turns":9},{"damage":0,"enemies":"3 Shapes","floor":35,"turns":6},{"damage":0,"enemies":"Orb Walker","floor":36,"turns":2},{"damage":0,"enemies":"3 Darklings","floor":39,"turns":4},{"damage":11,"enemies":"Nemesis","floor":40,"turns":7},{"damage":9,"enemies":"Giant Head","floor":42,"turns":7},{"damage":0,"enemies":"Maw","floor":44,"turns":5},{"damage":7,"enemies":"Reptomancer","floor":46,"turns":3},{"damage":5,"enemies":"2 Orb Walkers","floor":48,"turns":4},{"damage":12,"enemies":"Awakened One","floor":50,"turns":11},{"damage":2,"enemies":"Shield and Spear","floor":54,"turns":6},{"damage":24,"enemies":"The Heart","floor":55,"turns":9}],"seed_played":"-6545590811102645172","potions_obtained":[{"floor":1.0,"key":"GamblersBrew"},{"floor":5.0,"key":"EssenceOfSteel"},{"floor":12.0,"key":"EntropicBrew"},{"floor":16.0,"key":"Poison Potion"},{"floor":18,"key":"EssenceOfSteel"},{"floor":24,"key":"Dexterity Potion"},{"floor":33,"key":"Fire Potion"},{"floor":39,"key":"SpeedPotion"},{"floor":46,"key":"EntropicBrew"},{"floor":54,"key":"Dexterity Potion"}],"is_trial":false,"path_per_floor":["M","?","M","$","M","E","R","E","T","E","M","M","$","?","R","B",null,"M","?","M","$","?","R","M","R","T","$","M","?","M","E","R","B",null,"M","M","?","?","M","E","R","E","T","M","$","E","R","?","R","B",null,"R","$","E","B",null],"character_chosen":"THE_SILENT","items_purchased":["Footwork","Lee\u0027s Waffle","Glass Knife","Strength Potion","Backflip"],"campfire_rested":1,"item_purchase_floors":[4,13,13,13,27],"current_hp_per_floor":[62,62,62,62,62,52,52,22,22,22,4,4,87,87,87,61,81,81,81,70,70,53,53,48,48,48,48,48,48,48,48,48,38,79,79,79,79,79,79,68,68,59,59,59,59,52,52,47,47,35,78,92,92,90,66],"gold":0,"neow_bonus":"ONE_RANDOM_RARE_CARD","is_prod":false,"is_daily":false,"chose_seed":false,"campfire_upgraded":7,"win_rate":0,"timestamp":1549519156,"path_taken":["M","?","M","$","M","E","R","E","T","E","M","M","$","?","R","BOSS","M","?","M","?","?","R","M","R","T","$","M","?","?","E","R","BOSS","M","M","?","?","M","E","R","E","T","?","$","E","R","?","R","BOSS","R","$","E","BOSS"],"build_version":"2019-01-23","purchased_purges":1,"victory":true,"max_hp_per_floor":[70,70,70,70,70,80,80,80,80,80,80,80,87,87,87,87,87,87,87,87,87,92,92,92,92,92,92,92,92,92,92,92,92,92,92,92,92,92,92,92,92,92,92,92,92,92,92,92,92,92,92,92,92,92,92],"card_choices":[{"not_picked":["Dagger Spray","Bane"],"picked":"Masterful Stab","floor":1.0},{"not_picked":["Slice","Acrobatics"],"picked":"Leg Sweep","floor":3.0},{"not_picked":["Underhanded Strike","Skewer"],"picked":"Escape Plan","floor":5.0},{"not_picked":["Accuracy","Corpse Explosion"],"picked":"Dash","floor":6.0},{"not_picked":["Deadly Poison","Blade Dance"],"picked":"Bouncing Flask","floor":8.0},{"not_picked":["Tactician","Slice"],"picked":"Leg Sweep","floor":10.0},{"not_picked":["Flechettes","Backflip"],"picked":"Cloak And Dagger","floor":11.0},{"not_picked":["Prepared","Bane"],"picked":"Infinite Blades","floor":12.0},{"not_picked":["Tools of the Trade","Phantasmal Killer"],"picked":"After Image","floor":16.0},{"not_picked":["Bouncing Flask","Masterful Stab","Prepared"],"picked":"SKIP","floor":18},{"not_picked":["Skewer","Dagger Spray+1"],"picked":"Flying Knee","floor":20},{"not_picked":["Setup+1","Finisher"],"picked":"Sucker Punch+1","floor":24},{"not_picked":["Bouncing Flask","Flying Knee","Expertise"],"picked":"SKIP","floor":28},{"not_picked":["Bouncing Flask","Dagger Throw"],"picked":"Calculated Gamble","floor":30},{"not_picked":["Distraction","Deflect"],"picked":"Cloak And Dagger","floor":31},{"not_picked":["Storm of Steel","Bullet Time"],"picked":"Malaise","floor":33},{"not_picked":["Distraction","Dash+1"],"picked":"Blade Dance+1","floor":35},{"not_picked":["Sucker Punch","Acrobatics","Deadly Poison"],"picked":"SKIP","floor":36},{"not_picked":["Poisoned Stab","Dagger Spray"],"picked":"Finisher+1","floor":39},{"not_picked":["Dash+1","Underhanded Strike"],"picked":"Infinite Blades+1","floor":40},{"not_picked":["Poisoned Stab+1","Expertise+1"],"picked":"Envenom","floor":42},{"not_picked":["Slice+1","Poisoned Stab","Finisher+1"],"picked":"SKIP","floor":44},{"not_picked":["Dagger Throw","Underhanded Strike"],"picked":"Backflip","floor":46},{"not_picked":["Acrobatics","Quick Slash","Masterful Stab+1"],"picked":"SKIP","floor":54}],"player_experience":544617,"relics_obtained":[{"floor":6.0,"key":"Pear"},{"floor":8.0,"key":"Dead Branch"},{"floor":9.0,"key":"Old Coin"},{"floor":10.0,"key":"Pen Nib"},{"floor":31,"key":"War Paint"},{"floor":40,"key":"Letter Opener"},{"floor":40,"key":"Bronze Scales"},{"floor":42,"key":"Tingsha"},{"floor":42,"key":"Gremlin Horn"},{"floor":43,"key":"Calipers"},{"floor":46,"key":"Vajra"},{"floor":46,"key":"Happy Flower"},{"floor":48,"key":"Ice Cream"},{"floor":54,"key":"Ornamental Fan"},{"floor":54,"key":"Paper Crane"}],"event_choices":[{"cards_removed":["Strike_G"],"damage_healed":0.0,"max_hp_gain":0.0,"max_hp_loss":0.0,"gold_gain":0.0,"event_name":"Living Wall","player_choice":"Forget","floor":2.0,"gold_loss":0.0,"damage_taken":0.0},{"damage_healed":0.0,"max_hp_gain":0.0,"max_hp_loss":0.0,"gold_gain":0.0,"event_name":"Wheel of Change","player_choice":"Full Heal","floor":14.0,"gold_loss":0.0,"damage_taken":0.0},{"damage_healed":0,"gold_gain":100,"player_choice":"Bet on Murderer","damage_taken":0,"max_hp_gain":0,"max_hp_loss":0,"event_name":"The Joust","floor":19,"gold_loss":50},{"damage_healed":0,"gold_gain":0,"player_choice":"Shed Blood","damage_taken":22,"max_hp_gain":5,"max_hp_loss":0,"event_name":"Forgotten Altar","floor":22,"gold_loss":0},{"damage_healed":0,"gold_gain":0,"player_choice":"Forge","damage_taken":0,"max_hp_gain":0,"max_hp_loss":0,"event_name":"Accursed Blacksmith","floor":29,"gold_loss":0,"cards_upgraded":["Cloak And Dagger"]},{"damage_healed":0,"gold_gain":0,"player_choice":"Paid","damage_taken":0,"relics_obtained":["Red Mask"],"max_hp_gain":0,"max_hp_loss":0,"event_name":"Tomb of Lord Red Mask","floor":37,"gold_loss":9},{"damage_healed":0,"gold_gain":0,"player_choice":"Copied","damage_taken":0,"max_hp_gain":0,"max_hp_loss":0,"event_name":"Duplicator","floor":38,"gold_loss":0,"cards_obtained":["After Image"]},{"damage_healed":0,"gold_gain":0,"player_choice":"Fight","damage_taken":0,"max_hp_gain":0,"max_hp_loss":0,"event_name":"Mysterious Sphere","floor":48,"gold_loss":0}],"is_beta":false,"boss_relics":[{"not_picked":["Pandora\u0027s Box","Runic Pyramid"],"picked":"Ectoplasm"},{"not_picked":["Coffee Dripper","HoveringKite"],"picked":"Black Star"}],"items_purged_floors":[13],"is_endless":false,"potions_floor_spawned":[1,5,12,16,18,24,33,39,44,46,54],"ascension_level":7}