{"gold_per_floor":[110,130,130,148,148,182,182,210,210,210,47,66,94,107,107,184,184,203,203,213,55,72,72,99,99,99,99,99,49,49,79,79,79],"floor_reached":33,"playtime":1940,"items_purged":["Strike_R"],"score":619,"play_id":"357de791-a8e0-40a4-b826-416f87b38238","local_time":"20190404012936","is_ascension_mode":true,"campfire_choices":[{"floor":7.0,"key":"REST"},{"floor":10.0,"key":"REST"},{"floor":15.0,"key":"REST"},{"floor":23,"key":"REST"},{"data":"Offering","floor":25,"key":"SMITH"},{"data":"Bash","floor":27,"key":"SMITH"},{"data":"Inflame","floor":30,"key":"SMITH"},{"floor":32,"key":"REST"}],"neow_cost":"NONE","seed_source_timestamp":39661673164266,"circlet_count":0,"master_deck":["AscendersBane","Strike_R+1","Strike_R","Strike_R","Defend_R+1","Defend_R","Defend_R+1","Defend_R+1","Bash+1","Dual Wield","Whirlwind+1","Carnage","Offering+1","Feed","Inflame+1","Impervious"],"special_seed":0,"relics":["Burning Blood","Mummified Hand","War Paint","Gremlin Horn","Orichalcum","Busted Crown","Bronze Scales","Bottled Lightning","Smiling Mask","Happy Flower","Strawberry"],"potions_floor_usage":[22],"damage_taken":[{"damage":5.0,"enemies":"Small Slimes","floor":1.0,"turns":5.0},{"damage":2.0,"enemies":"2 Louse","floor":2.0,"turns":3.0},{"damage":2.0,"enemies":"Cultist","floor":4.0,"turns":4.0},{"damage":20.0,"enemies":"Gremlin Nob","floor":6.0,"turns":4.0},{"damage":40.0,"enemies":"3 Sentries","floor":8.0,"turns":8.0},{"damage":11.0,"enemies":"Blue Slaver","floor":12.0,"turns":3.0},{"damage":42.0,"enemies":"Gremlin Nob","floor":13.0,"turns":4.0},{"damage":3.0,"enemies":"Red Slaver","floor":14.0,"turns":3.0},{"damage":31.0,"enemies":"Slime Boss","floor":16.0,"turns":9.0},{"damage":25.0,"enemies":"Spheric Guardian","floor":18.0,"turns":4.0},{"damage":16,"enemies":"3 Byrds","floor":20,"turns":3},{"damage":16,"enemies":"Snecko","floor":22,"turns":3},{"damage":6,"enemies":"Gremlin Leader","floor":24,"turns":6},{"damage":26,"enemies":"Slavers","floor":31,"turns":5},{"damage":83,"enemies":"Champ","floor":33,"turns":9}],"seed_played":"605230909318975844","potions_obtained":[{"floor":1.0,"key":"Block Potion"},{"floor":2.0,"key":"Strength Potion"},{"floor":12.0,"key":"Dexterity Potion"},{"floor":20,"key":"AttackPotion"},{"floor":24,"key":"SpeedPotion"}],"is_trial":false,"path_per_floor":["M","M","?","M","?","E","R","E","T","R","$","M","E","M","R","B",null,"M","?","M","$","M","R","E","R","T","R","?","$","R","E","R","B"],"character_chosen":"IRONCLAD","items_purchased":["Feed","Inflame","Bronze Scales"],"campfire_rested":5,"item_purchase_floors":[11,11,21],"current_hp_per_floor":[69,73,73,75,52,38,60,26,26,48,48,46,10,16,40,15,65,49,49,39,39,29,54,54,54,54,54,54,54,54,44,72,0],"gold":79,"neow_bonus":"TRANSFORM_CARD","is_prod":false,"is_daily":false,"chose_seed":false,"campfire_upgraded":3,"win_rate":0,"timestamp":1554359376,"path_taken":["M","M","?","M","?","E","R","E","T","R","$","M","E","M","R","BOSS","M","?","?","$","M","R","E","R","T","R","?","$","R","E","R","BOSS"],"build_version":"2019-01-23","purchased_purges":1,"victory":false,"max_hp_per_floor":[75,75,75,75,75,75,75,75,75,75,75,78,78,81,81,81,81,84,84,84,84,84,84,84,84,84,84,84,84,84,94,94,94],"card_choices":[{"not_picked":["Rupture","Twin Strike"],"picked":"Whirlwind","floor":1.0},{"not_picked":["Twin Strike","Havoc","Armaments"],"picked":"SKIP","floor":2.0},{"not_picked":["Havoc","Metallicize"],"picked":"Carnage","floor":4.0},{"not_picked":["Flex","Heavy Blade"],"picked":"Offering","floor":6.0},{"not_picked":["Shrug It Off","Wild Strike","Sentinel"],"picked":"SKIP","floor":8.0},{"not_picked":["Iron Wave","Clothesline","Intimidate"],"picked":"SKIP","floor":12.0},{"not_picked":["Seeing Red","Wild Strike","Feed"],"picked":"SKIP","floor":13.0},{"not_picked":["Bloodletting","Twin Strike","Clash"],"picked":"SKIP","floor":14.0},{"not_picked":["Immolate","Barricade"],"picked":"Impervious","floor":16.0},{"not_picked":["Armaments"],"picked":"SKIP","floor":18.0},{"not_picked":["Pummel"],"picked":"SKIP","floor":20},{"not_picked":["Headbutt"],"picked":"SKIP","floor":22},{"not_picked":["Anger"],"picked":"SKIP","floor":24},{"not_picked":["Anger"],"picked":"SKIP","floor":24},{"not_picked":["Warcry"],"picked":"SKIP","floor":31}],"player_experience":693691,"relics_obtained":[{"floor":6.0,"key":"Mummified Hand"},{"floor":8.0,"key":"War Paint"},{"floor":9.0,"key":"Gremlin Horn"},{"floor":13.0,"key":"Orichalcum"},{"floor":24,"key":"Bottled Lightning"},{"floor":26,"key":"Smiling Mask"},{"floor":28,"key":"Happy Flower"},{"floor":31,"key":"Strawberry"}],"event_choices":[{"damage_healed":0.0,"max_hp_gain":0.0,"max_hp_loss":0.0,"gold_gain":0.0,"event_name":"Liars Game","player_choice":"Ignored","floor":3.0,"gold_loss":0.0,"damage_taken":0.0},{"damage_healed":0.0,"max_hp_gain":0.0,"max_hp_loss":0.0,"gold_gain":0.0,"event_name":"Shining Light","player_choice":"Entered Light","floor":5.0,"gold_loss":0.0,"damage_taken":23.0,"cards_upgraded":["Strike_R","Defend_R"]},{"damage_healed":0.0,"max_hp_gain":0.0,"max_hp_loss":0.0,"gold_gain":0.0,"event_name":"Upgrade Shrine","player_choice":"Upgraded","floor":19.0,"gold_loss":0.0,"damage_taken":0.0,"cards_upgraded":["Whirlwind"]},{"damage_healed":0,"gold_gain":0,"player_choice":"Relic","damage_taken":0,"max_hp_gain":0,"max_hp_loss":0,"event_name":"Wheel of Change","floor":28,"gold_loss":0}],"is_beta":false,"boss_relics":[{"not_picked":["Orrery","Coffee Dripper"],"picked":"Busted Crown"}],"items_purged_floors":[29],"is_endless":false,"potions_floor_spawned":[1,2,4,12,20,24],"killed_by":"Champ","ascension_level":18}