{"gold_per_floor":[113,38,52,64,74,74,102,102,177,177,207,207,207,220,220,296,296,308,308,583,599,427,454,472,472],"floor_reached":25,"playtime":1253,"items_purged":["Parasite","Pain"],"score":429,"play_id":"ae7b6d24-863e-4f59-ad58-2bf2fbd3e4b0","local_time":"20180822224704","is_ascension_mode":true,"campfire_choices":[{"data":"Disarm","floor":6.0,"key":"SMITH"},{"data":"Rampage","floor":10,"key":"SMITH"},{"data":"Immolate","floor":13,"key":"SMITH"},{"data":"Spot Weakness","floor":15,"key":"SMITH"}],"neow_cost":"CURSE","seed_source_timestamp":0,"circlet_count":0,"master_deck":["Strike_R","Strike_R","Strike_R","Strike_R","Defend_R","Defend_R","Defend_R","Defend_R","Bash","AscendersBane","Disarm+1","Iron Wave","Clash","Iron Wave","Rampage+1","Spot Weakness+1","Immolate+1","Bludgeon","Clumsy","Normality","Disarm","Iron Wave","Regret","Flame Barrier","Demon Form","Heavy Blade"],"special_seed":0,"relics":["Burning Blood","Magic Flower","Pantograph","Red Skull","Calling Bell","Boot","Mummified Hand","Nunchaku","Pear"],"potions_floor_usage":[16,24],"damage_taken":[{"damage":8.0,"enemies":"Jaw Worm","floor":1.0,"turns":6.0},{"damage":3.0,"enemies":"Small Slimes","floor":3.0,"turns":5.0},{"damage":9.0,"enemies":"2 Louse","floor":4.0,"turns":3.0},{"damage":0.0,"enemies":"Gremlin Gang","floor":5.0,"turns":5.0},{"damage":55.0,"enemies":"3 Sentries","floor":7.0,"turns":16.0},{"damage":23,"enemies":"Lagavulin","floor":11,"turns":8},{"damage":0,"enemies":"Large Slime","floor":14,"turns":4},{"damage":17,"enemies":"Hexaghost","floor":16,"turns":10},{"damage":32,"enemies":"3 Byrds","floor":18,"turns":6},{"damage":14,"enemies":"Chosen","floor":21,"turns":5},{"damage":39,"enemies":"Gremlin Leader","floor":23,"turns":8},{"damage":15,"enemies":"Snecko","floor":24,"turns":5},{"damage":26,"enemies":"Centurion and Healer","floor":25,"turns":2}],"seed_played":"2657615501921617575","potions_obtained":[{"floor":1.0,"key":"Strength Potion"},{"floor":3.0,"key":"SpeedPotion"},{"floor":7.0,"key":"AttackPotion"},{"floor":18,"key":"SpeedPotion"},{"floor":23,"key":"Weak Potion"}],"is_trial":false,"path_per_floor":["M","$","M","M","M","R","E","?","T","R","E","?","R","M","R","B",null,"M","?","?","M","$","E","M"],"character_chosen":"IRONCLAD","items_purchased":["Flame Barrier"],"campfire_rested":0,"item_purchase_floors":[22],"current_hp_per_floor":[80,80,83,80,86,86,37,37,37,37,23,23,23,32,32,62,80,57,57,57,52,52,32,26,0],"gold":472,"neow_bonus":"TWENTY_PERCENT_HP_BONUS","is_prod":false,"is_daily":false,"chose_seed":false,"campfire_upgraded":4,"win_rate":0,"timestamp":1535003224,"path_taken":["M","$","M","M","M","R","E","?","T","R","E","?","R","M","R","BOSS","M","?","?","M","$","E","M","?"],"build_version":"2018-08-16","purchased_purges":2,"victory":false,"max_hp_per_floor":[89,86,86,86,86,86,86,86,86,86,86,86,86,86,86,86,86,86,86,86,86,86,96,96,96],"card_choices":[{"not_picked":["Sword Boomerang","Headbutt"],"picked":"Disarm","floor":1.0},{"not_picked":["Pummel","Armaments"],"picked":"Iron Wave","floor":3.0},{"not_picked":["Havoc","Twin Strike"],"picked":"Clash","floor":4.0},{"not_picked":["True Grit","Havoc"],"picked":"Iron Wave","floor":5.0},{"not_picked":["Flex","Body Slam"],"picked":"Rampage","floor":7.0},{"not_picked":["Second Wind","Rupture"],"picked":"Spot Weakness","floor":11},{"not_picked":["Anger","Intimidate","Heavy Blade"],"picked":"SKIP","floor":14},{"not_picked":["Impervious","Berserk"],"picked":"Bludgeon","floor":16},{"not_picked":["Wild Strike","Pummel"],"picked":"Disarm","floor":18},{"not_picked":["Heavy Blade","Reckless Charge","Corruption+1"],"picked":"SKIP","floor":21},{"not_picked":["Combust","Wild Strike"],"picked":"Demon Form","floor":23},{"not_picked":["Searing Blow","Spot Weakness"],"picked":"Heavy Blade","floor":24}],"player_experience":787779,"relics_obtained":[{"floor":7.0,"key":"Magic Flower"},{"floor":9,"key":"Pantograph"},{"floor":11,"key":"Red Skull"},{"floor":17,"key":"Boot"},{"floor":17,"key":"Mummified Hand"},{"floor":17,"key":"Nunchaku"},{"floor":23,"key":"Pear"}],"event_choices":[{"event_name":"Dead Adventurer","player_choice":"Searched \u00270\u0027 times","floor":8,"damage_taken":0},{"event_name":"Living Wall","player_choice":"Change","floor":12,"damage_taken":0},{"event_name":"Duplicator","player_choice":"One dupe","floor":19,"damage_taken":0},{"event_name":"Golden Shrine","player_choice":"Desecrate","floor":20,"damage_taken":0}],"is_beta":false,"boss_relics":[{"not_picked":["White Beast Statue","Eternal Feather"],"picked":"Calling Bell"}],"items_purged_floors":[2,22],"is_endless":false,"potions_floor_spawned":[1,3,7,18,23],"killed_by":"Centurion and Healer","ascension_level":15}