{"gold_per_floor":[110,35,35,45,58,91,91,104,153,14,14,40,40,57,57,57],"floor_reached":16,"playtime":666,"items_purged":["Strike_G","Defend_G"],"score":116,"play_id":"e0ce5e30-7694-4023-930b-47ad0244f09b","local_time":"20190418180706","is_ascension_mode":true,"campfire_choices":[{"data":"Accuracy","floor":7,"key":"SMITH"},{"floor":15,"key":"REST"}],"neow_cost":"NONE","seed_source_timestamp":689167664648606,"circlet_count":0,"master_deck":["Defend_G","Defend_G","Defend_G","Strike_G","Strike_G","Strike_G","Strike_G","Survivor","Neutralize","Accuracy+1","Dagger Spray","Accuracy","Flying Knee"],"relics":["Ring of the Snake","NeowsBlessing","Kunai","Dream Catcher","Anchor"],"potions_floor_usage":[16,16],"damage_taken":[{"damage":0,"enemies":"Cultist","floor":1,"turns":1},{"damage":0,"enemies":"Jaw Worm","floor":4,"turns":1},{"damage":0,"enemies":"2 Louse","floor":5,"turns":1},{"damage":31,"enemies":"3 Sentries","floor":6,"turns":17},{"damage":2,"enemies":"Looter","floor":8,"turns":4},{"damage":22,"enemies":"Lagavulin","floor":12,"turns":13},{"damage":1,"enemies":"Blue Slaver","floor":14,"turns":4},{"damage":65,"enemies":"Hexaghost","floor":16,"turns":14}],"seed_played":"3011278074272666189","potions_obtained":[{"floor":1,"key":"FearPotion"},{"floor":5,"key":"SpeedPotion"},{"floor":8,"key":"FearPotion"},{"floor":12,"key":"FairyPotion"},{"floor":14,"key":"Regen Potion"}],"is_trial":false,"path_per_floor":["M","$","?","M","M","E","R","M","T","$","?","E","T","M","R","B"],"character_chosen":"THE_SILENT","items_purchased":["Accuracy"],"campfire_rested":1,"item_purchase_floors":[10],"current_hp_per_floor":[70,70,70,70,70,39,39,37,37,37,37,15,15,14,35,0],"gold":57,"neow_bonus":"THREE_ENEMY_KILL","is_prod":false,"is_daily":false,"chose_seed":false,"campfire_upgraded":1,"win_rate":0,"timestamp":1555625226,"path_taken":["M","$","?","M","M","E","R","?","T","$","?","E","?","M","R","BOSS"],"build_version":"2019-01-23","purchased_purges":2,"victory":false,"max_hp_per_floor":[70,70,70,70,70,70,70,70,70,70,70,70,70,70,70,70],"card_choices":[{"not_picked":["Crippling Poison","Reflex","Underhanded Strike"],"picked":"SKIP","floor":1},{"not_picked":["Caltrops","Catalyst","Bouncing Flask"],"picked":"SKIP","floor":4},{"not_picked":["Cloak And Dagger","Bouncing Flask","Dagger Throw"],"picked":"SKIP","floor":5},{"not_picked":["Caltrops","Endless Agony"],"picked":"Accuracy","floor":6},{"not_picked":["Expertise","Distraction"],"picked":"Dagger Spray","floor":8},{"not_picked":["PiercingWail","Well Laid Plans","Deflect"],"picked":"SKIP","floor":12},{"not_picked":["Expertise","Slice","Footwork"],"picked":"SKIP","floor":14},{"not_picked":["Crippling Poison","Dagger Throw"],"picked":"Flying Knee","floor":15}],"player_experience":54884,"relics_obtained":[{"floor":6,"key":"Kunai"},{"floor":12,"key":"Dream Catcher"},{"floor":13,"key":"Anchor"}],"event_choices":[{"cards_removed":["Defend_G"],"damage_healed":0,"gold_gain":0,"player_choice":"Purged","damage_taken":0,"max_hp_gain":0,"max_hp_loss":0,"event_name":"Purifier","floor":3,"gold_loss":0},{"damage_healed":0,"gold_gain":0,"player_choice":"Ignored","damage_taken":0,"max_hp_gain":0,"max_hp_loss":0,"event_name":"Golden Idol","floor":11,"gold_loss":0}],"is_beta":false,"boss_relics":[],"items_purged_floors":[2,10],"is_endless":false,"potions_floor_spawned":[1,5,8,12,14],"killed_by":"Hexaghost","ascension_level":1}