{"gold_per_floor":[360,380,394,413,427,427,462,462,487,487,515,515,515,528,528,528],"floor_reached":16,"playtime":617,"items_purged":[],"score":196,"play_id":"fb0a9355-2d0a-4028-b50d-06cac3fd391d","local_time":"20180818213500","is_ascension_mode":true,"campfire_choices":[{"data":"Combust","floor":6,"key":"SMITH"},{"data":"Disarm","floor":8,"key":"SMITH"},{"floor":15,"key":"REST"}],"neow_cost":"CURSE","seed_source_timestamp":11981073284816,"circlet_count":0,"master_deck":["Strike_R","Strike_R","Strike_R","Strike_R","Defend_R","Defend_R","Defend_R","Defend_R","Bash","AscendersBane","Clumsy","Inflame","Iron Wave","Combust+1","True Grit","Disarm+1","Iron Wave","Wild Strike","Regret","Iron Wave"],"relics":["Burning Blood","Nunchaku","Strawberry","Blood Vial","Potion Belt"],"potions_floor_usage":[7,11,16],"damage_taken":[{"damage":8,"enemies":"Jaw Worm","floor":1,"turns":5},{"damage":4,"enemies":"Small Slimes","floor":2,"turns":5},{"damage":1,"enemies":"Cultist","floor":3,"turns":4},{"damage":14,"enemies":"Blue Slaver","floor":4,"turns":4},{"damage":13,"enemies":"Red Slaver","floor":5,"turns":4},{"damage":30,"enemies":"Lagavulin","floor":7,"turns":8},{"damage":14,"enemies":"Gremlin Nob","floor":11,"turns":4},{"damage":21,"enemies":"Exordium Wildlife","floor":14,"turns":4},{"damage":39,"enemies":"Slime Boss","floor":16,"turns":8}],"seed_played":"2205652923399769796","potions_obtained":[{"floor":2,"key":"PowerPotion"},{"floor":3,"key":"SmokeBomb"},{"floor":4,"key":"Weak Potion"},{"floor":7,"key":"Fire Potion"}],"is_trial":false,"path_per_floor":["M","M","M","M","M","R","E","R","T","?","E","?","?","M","R"],"character_chosen":"IRONCLAD","items_purchased":[],"campfire_rested":1,"item_purchase_floors":[],"current_hp_per_floor":[66,68,73,65,58,58,34,34,41,34,26,26,26,13,37,0],"gold":528,"neow_bonus":"TWO_FIFTY_GOLD","is_prod":false,"is_daily":false,"chose_seed":false,"campfire_upgraded":2,"win_rate":0,"timestamp":1534653300,"path_taken":["M","M","M","M","M","R","E","R","T","?","E","?","?","M","R","BOSS"],"build_version":"2018-08-16","purchased_purges":0,"victory":false,"max_hp_per_floor":[75,75,75,75,75,75,75,75,82,82,82,82,82,82,82,82],"card_choices":[{"not_picked":["Shrug It Off","Heavy Blade"],"picked":"Inflame","floor":1},{"not_picked":["Sword Boomerang","Havoc"],"picked":"Iron Wave","floor":2},{"not_picked":["Sword Boomerang","Warcry"],"picked":"Combust","floor":3},{"not_picked":["Anger","Havoc"],"picked":"True Grit","floor":4},{"not_picked":["Body Slam","Perfected Strike"],"picked":"Disarm","floor":5},{"not_picked":["Dark Embrace","Flex"],"picked":"Iron Wave","floor":7},{"not_picked":["Havoc","Twin Strike"],"picked":"Wild Strike","floor":11},{"not_picked":["Combust","True Grit"],"picked":"Iron Wave","floor":14}],"player_experience":776064,"relics_obtained":[{"floor":7,"key":"Nunchaku"},{"floor":9,"key":"Strawberry"},{"floor":11,"key":"Blood Vial"}],"event_choices":[{"event_name":"Golden Wing","player_choice":"Card Removal","floor":10,"damage_taken":0},{"event_name":"Match and Keep!","player_choice":"0 cards matched","floor":12,"damage_taken":0},{"event_name":"Big Fish","player_choice":"Box","floor":13,"damage_taken":0}],"is_beta":false,"boss_relics":[],"items_purged_floors":[],"is_endless":false,"potions_floor_spawned":[2,3,4,7],"killed_by":"Slime Boss","ascension_level":15}