{"gold_per_floor":[109,124,137,155,166,166,166,166,166,200,150,150,167,342,342,419,419,433,356,281,281,281,307,307,322,322,334,61,61,61,93,93,165,165,183,183,195,210,210,242,242,252,252,287,35,47,47,81,81,81],"floor_reached":51,"playtime":3595,"items_purged":["Doubt","Strike_R"],"score":1339,"play_id":"0b05916f-64a6-4396-ade9-fe93692146dd","local_time":"20180716221839","is_ascension_mode":true,"campfire_choices":[{"data":"Carnage","floor":6.0,"key":"SMITH"},{"data":"Bash","floor":8.0,"key":"SMITH"},{"floor":12.0,"key":"REST"},{"data":"Disarm","floor":15.0,"key":"SMITH"},{"floor":24.0,"key":"REST"},{"floor":30.0,"key":"REST"},{"floor":32.0,"key":"REST"},{"floor":41.0,"key":"REST"},{"floor":47,"key":"REST"},{"floor":49,"key":"REST"}],"neow_cost":"CURSE","seed_source_timestamp":0,"circlet_count":0,"master_deck":["Strike_R+1","Strike_R+1","Defend_R","Defend_R","Defend_R","Bash+1","AscendersBane","Headbutt","Wild Strike","Disarm+1","Carnage+1","Shrug It Off","Iron Wave","Offering","True Grit+1","J.A.X.","Necronomicurse","Offering","Wild Strike+1","Bludgeon+1","Armaments+1","Headbutt+1","Blood for Blood+1"],"special_seed":0,"relics":["Burning Blood","Whetstone","Kunai","Bag of Marbles","Fusion Hammer","Necronomicon","Mango","Molten Egg 2","Letter Opener","Ornamental Fan","Busted Crown","Art of War","Du-Vu Doll","Peace Pipe","Self Forming Clay","Torii"],"potions_floor_usage":[48,50],"damage_taken":[{"damage":0.0,"enemies":"Cultist","floor":1.0,"turns":2.0},{"damage":11.0,"enemies":"Jaw Worm","floor":2.0,"turns":4.0},{"damage":17.0,"enemies":"Small Slimes","floor":3.0,"turns":4.0},{"damage":11.0,"enemies":"Blue Slaver","floor":4.0,"turns":3.0},{"damage":7.0,"enemies":"Looter","floor":5.0,"turns":3.0},{"damage":36.0,"enemies":"Lagavulin","floor":10.0,"turns":4.0},{"damage":3.0,"enemies":"2 Fungi Beasts","floor":13.0,"turns":3.0},{"damage":28.0,"enemies":"Hexaghost","floor":16.0,"turns":14.0},{"damage":5.0,"enemies":"Shell Parasite","floor":18.0,"turns":4.0},{"damage":14.0,"enemies":"Slavers","floor":23.0,"turns":3.0},{"damage":5.0,"enemies":"2 Thieves","floor":25.0,"turns":2.0},{"damage":21.0,"enemies":"3 Cultists","floor":27.0,"turns":5.0},{"damage":7.0,"enemies":"Gremlin Leader","floor":31.0,"turns":4.0},{"damage":83.0,"enemies":"Champ","floor":33.0,"turns":9.0},{"damage":19.0,"enemies":"3 Darklings","floor":35.0,"turns":5.0},{"damage":15.0,"enemies":"3 Shapes","floor":37.0,"turns":2.0},{"damage":4.0,"enemies":"Sphere and 2 Shapes","floor":38.0,"turns":2.0},{"damage":17.0,"enemies":"Giant Head","floor":40.0,"turns":5.0},{"damage":23.0,"enemies":"Maw","floor":42.0,"turns":5.0},{"damage":8.0,"enemies":"2 Orb Walkers","floor":44.0,"turns":2.0},{"damage":0,"enemies":"Flame Bruiser 2 Orb","floor":46,"turns":2},{"damage":22,"enemies":"Nemesis","floor":48,"turns":3},{"damage":68,"enemies":"Awakened One","floor":50,"turns":12}],"seed_played":"2522162806368500167","potions_obtained":[{"floor":1.0,"key":"Explosive Potion"},{"floor":5.0,"key":"Swift Potion"},{"floor":10.0,"key":"LiquidBronze"},{"floor":31.0,"key":"SkillPotion"},{"floor":33.0,"key":"Poison Potion"},{"floor":38.0,"key":"Swift Potion"},{"floor":44.0,"key":"Block Potion"}],"is_trial":false,"path_per_floor":["M","M","M","M","M","R","T","R","T","E","?","R","M","?","R","B",null,"M","?","$","?","T","E","R","M","T","M","$","?","R","E","R","B",null,"M","?","M","M","?","E","R","M","T","E","$","M","R","E","R","B"],"character_chosen":"IRONCLAD","items_purchased":["Offering","Wild Strike+1","Self Forming Clay"],"campfire_rested":7,"item_purchase_floors":[28,28,45],"current_hp_per_floor":[74,69,58,53,52,52,52,52,52,22,22,44,47,47,47,25,63,64,64,64,48,62,54,80,81,81,66,66,66,89,88,89,12,70,57,57,48,50,50,39,65,48,48,46,46,52,78,62,88,26],"gold":81,"neow_bonus":"TRANSFORM_TWO_CARDS","is_prod":false,"is_daily":false,"chose_seed":false,"campfire_upgraded":3,"win_rate":0,"timestamp":1531804719,"path_taken":["M","M","M","M","?","R","?","R","T","E","?","R","M","?","R","BOSS","M","?","$","?","?","E","R","?","T","M","$","?","R","E","R","BOSS","M","?","?","M","?","E","R","M","T","E","$","M","R","E","R","BOSS"],"build_version":"2018-07-12","purchased_purges":2,"victory":true,"max_hp_per_floor":[75,75,75,75,75,75,75,75,75,75,75,75,75,75,75,75,75,75,75,75,75,89,89,89,89,89,89,89,89,89,89,89,89,89,89,89,89,89,89,89,89,89,89,89,89,89,89,89,89,89],"card_choices":[{"not_picked":["Flex","Havoc","Headbutt"],"picked":"SKIP","floor":1.0},{"not_picked":["Warcry","Perfected Strike"],"picked":"Disarm","floor":2.0},{"not_picked":["Rupture","Thunderclap"],"picked":"Carnage","floor":3.0},{"not_picked":["Armaments","Headbutt","Havoc"],"picked":"SKIP","floor":4.0},{"not_picked":["Disarm","Warcry"],"picked":"Shrug It Off","floor":5.0},{"not_picked":["Spot Weakness","Flame Barrier"],"picked":"Iron Wave","floor":10.0},{"not_picked":["Havoc","Corruption","Evolve"],"picked":"SKIP","floor":13.0},{"not_picked":["Brutality","Barricade"],"picked":"Offering","floor":16.0},{"not_picked":["Battle Trance","Seeing Red"],"picked":"True Grit+1","floor":18.0},{"not_picked":["Entrench","Infernal Blade","Sentinel+1"],"picked":"SKIP","floor":23.0},{"not_picked":["Anger+1","True Grit","Warcry"],"picked":"SKIP","floor":25.0},{"not_picked":["Heavy Blade+1","Sever Soul+1","Disarm"],"picked":"SKIP","floor":27.0},{"not_picked":["Thunderclap+1","Ghostly Armor","Sword Boomerang+1"],"picked":"SKIP","floor":31.0},{"not_picked":["Berserk","Fiend Fire+1"],"picked":"Bludgeon+1","floor":33.0},{"not_picked":["Armaments"],"picked":"SKIP","floor":35.0},{"not_picked":[],"picked":"Armaments+1","floor":37.0},{"not_picked":["Twin Strike+1"],"picked":"SKIP","floor":38.0},{"not_picked":["Inflame"],"picked":"SKIP","floor":40.0},{"not_picked":["Armaments"],"picked":"SKIP","floor":42.0},{"not_picked":["Twin Strike+1"],"picked":"SKIP","floor":44.0},{"not_picked":[],"picked":"Headbutt+1","floor":46},{"not_picked":[],"picked":"Blood for Blood+1","floor":48}],"player_experience":628015,"relics_obtained":[{"floor":7.0,"key":"Whetstone"},{"floor":9.0,"key":"Kunai"},{"floor":10.0,"key":"Bag of Marbles"},{"floor":21.0,"key":"Necronomicon"},{"floor":22.0,"key":"Mango"},{"floor":23.0,"key":"Molten Egg 2"},{"floor":26.0,"key":"Letter Opener"},{"floor":31.0,"key":"Ornamental Fan"},{"floor":40.0,"key":"Art of War"},{"floor":43.0,"key":"Du-Vu Doll"},{"floor":44.0,"key":"Peace Pipe"},{"floor":48,"key":"Torii"}],"event_choices":[{"event_name":"The Cleric","player_choice":"Card Removal","floor":11.0,"damage_taken":0.0},{"event_name":"Liars Game","player_choice":"agreed","floor":14.0,"damage_taken":0.0},{"event_name":"Drug Dealer","player_choice":"Got JAXXED","floor":19.0,"damage_taken":0.0},{"event_name":"Cursed Tome","player_choice":"Obtained Book","floor":21.0,"damage_taken":0.0},{"event_name":"Vampires","player_choice":"Ignored","floor":29.0,"damage_taken":0.0},{"event_name":"Falling","player_choice":"Removed Skill","floor":36.0,"damage_taken":0.0},{"event_name":"SensoryStone","player_choice":"Memory 1","floor":39.0,"damage_taken":0.0}],"boss_relics":[{"not_picked":["Calling Bell","Philosopher\u0027s Stone"],"picked":"Fusion Hammer"},{"not_picked":["Runic Cube","Orrery"],"picked":"Busted Crown"}],"items_purged_floors":[20,28],"is_endless":false,"potions_floor_spawned":[1,5,10,31,33,38,44,46],"ascension_level":14}