{"path_per_floor":["M","M","?","M","M","E","M","E","T","M","R","E","$","?","R","B",null,"M","M","$","M","?","E","M","R","T","R","M","E"],"character_chosen":"IRONCLAD","items_purchased":["Pear","Flex","Strawberry"],"gold_per_floor":[111,129,129,139,157,188,206,241,292,302,302,332,72,247,247,344,344,360,379,199,216,216,249,268,268,268,268,280,313],"floor_reached":30,"campfire_rested":2,"playtime":2530,"current_hp_per_floor":[80,80,80,80,80,74,70,61,61,60,60,50,60,60,87,50,90,78,76,83,72,72,45,38,38,38,67,60,45],"items_purged":[],"gold":313,"score":317,"play_id":"52d6cba6-66a7-4709-b54a-b364c803e5b4","is_prod":false,"is_daily":false,"is_ascension_mode":false,"campfire_upgraded":2,"path_taken":["M","M","?","M","M","E","M","E","T","M","R","E","$","?","R","BOSS","M","M","$","M","?","E","M","R","T","R","M","E","M"],"build_version":"2018-02-15-PROD1","purchased_purges":0,"victory":false,"master_deck":["Strike_R","Strike_R","Strike_R","Strike_R","Defend_R","Defend_R","Defend_R","Defend_R","Bash","Anger","Shockwave","Rampage","Flame Barrier+1","Pommel Strike","Flex","Inflame","Limit Break+1","Iron Wave","Doubt","Bludgeon","Infernal Blade+1","Twin Strike","Flex+1","Spot Weakness+1","Metallicize+1","Flame Barrier+1","Twin Strike","Juggernaut"],"max_hp_per_floor":[80,80,80,80,80,80,80,80,80,80,80,80,90,90,90,90,90,90,90,97,97,97,97,97,97,97,97,97,97],"relics":["Burning Blood","Self Forming Clay","Toxic Egg 2","Oddly Smooth Stone","Bronze Scales","Pear","Sozu","Strawberry","Blood Vial","Ice Cream","Pen Nib"],"card_choices":[{"not_picked":["Body Slam","Thunderclap"],"picked":"Anger"},{"not_picked":["Rage","Pommel Strike"],"picked":"Shockwave"},{"not_picked":["Clothesline","Whirlwind"],"picked":"Flame Barrier"},{"not_picked":["Corruption","Warcry"],"picked":"Pommel Strike"},{"not_picked":["Reckless Charge","Shrug It Off"],"picked":"Flex"},{"not_picked":["Whirlwind","True Grit"],"picked":"Inflame"},{"not_picked":["Combust","Rupture"],"picked":"Limit Break"},{"not_picked":["Anger","Clothesline"],"picked":"Iron Wave"},{"not_picked":["Double Tap","Berserk"],"picked":"Bludgeon"},{"not_picked":["Feel No Pain","Searing Blow"],"picked":"Infernal Blade"},{"not_picked":["Corruption","Feel No Pain"],"picked":"Twin Strike"},{"not_picked":["Thunderclap","Body Slam"],"picked":"Spot Weakness"},{"not_picked":["Heavy Blade","Armaments"],"picked":"Flame Barrier"},{"not_picked":["True Grit","Battle Trance"],"picked":"Twin Strike"},{"not_picked":["Body Slam","Feel No Pain"],"picked":"Juggernaut"}],"player_experience":15524,"potions_floor_usage":[12],"damage_taken":[{"damage":6,"enemies":"2 Louse","floor":1,"turns":3},{"damage":1,"enemies":"Cultist","floor":2,"turns":3},{"damage":6,"enemies":"Jaw Worm","floor":4,"turns":4},{"damage":4,"enemies":"Blue Slaver","floor":5,"turns":4},{"damage":12,"enemies":"Gremlin Nob","floor":6,"turns":5},{"damage":10,"enemies":"Looter","floor":7,"turns":4},{"damage":15,"enemies":"Lagavulin","floor":8,"turns":6},{"damage":7,"enemies":"3 Louse","floor":10,"turns":5},{"damage":16,"enemies":"Gremlin Nob","floor":12,"turns":4},{"damage":43,"enemies":"The Guardian","floor":16,"turns":9},{"damage":18,"enemies":"Shell Parasite","floor":18,"turns":4},{"damage":8,"enemies":"3 Byrds","floor":19,"turns":3},{"damage":17,"enemies":"Sentry and Sphere","floor":21,"turns":4},{"damage":33,"enemies":"Slavers","floor":23,"turns":6},{"damage":15,"enemies":"3 Cultists","floor":24,"turns":4},{"damage":15,"enemies":"Snake Plant","floor":28,"turns":2},{"damage":23,"enemies":"Book of Stabbing","floor":29,"turns":5},{"damage":47,"enemies":"Cultist and Chosen","floor":30,"turns":6}],"event_choices":[{"event_name":"Transmorgrifier","player_choice":"Transform","floor":3,"damage_taken":0},{"event_name":"Liars Game","player_choice":"agreed","floor":14,"damage_taken":0},{"event_name":"The Library","player_choice":"Read","floor":22,"damage_taken":0}],"boss_relics":[{"not_picked":["Astrolabe","Runic Pyramid"],"picked":"Sozu"}],"potions_floor_spawned":[2,7,8,10,12,16,18,23,24],"seed_played":"-3657234701185501971","killed_by":"Cultist and Chosen","ascension_level":0,"is_trial":false}