{"gold_per_floor":[118,130,130,210,160,191,211,211,211,211,231,231,274,293,293,387,387,412,10,10,34,34,34,58,78,104,104,120,164,164,185,185,278,278,292,292,315,333,352,352,352,372,372,31,31,46,46,65,65,65],"floor_reached":51,"playtime":3710,"items_purged":["Strike_B","Strike_B"],"score":1183,"play_id":"3f713a94-bd95-4861-89b2-353e197c8e74","local_time":"20190221113051","is_ascension_mode":true,"campfire_choices":[{"data":"Zap","floor":8.0,"key":"SMITH"},{"data":"Darkness","floor":15.0,"key":"SMITH"},{"data":"Sunder","floor":23.0,"key":"SMITH"},{"data":"Loop","floor":27.0,"key":"SMITH"},{"data":"Loop","floor":30.0,"key":"SMITH"},{"floor":32.0,"key":"REST"},{"data":"Machine Learning","floor":40.0,"key":"SMITH"},{"floor":47.0,"key":"REST"},{"floor":49,"key":"REST"}],"neow_cost":"NONE","seed_source_timestamp":0,"circlet_count":0,"master_deck":["AscendersBane","Defend_B+1","Defend_B","Defend_B","Defend_B+1","Zap+1","Dualcast","Hologram","Go for the Eyes","Rainbow","Defragment","Ball Lightning","Auto Shields","Darkness+1","Rainbow","Cold Snap","Loop+1","Sunder+1","BootSequence","Blind","Panacea","Double Energy","Self Repair","Doom and Gloom","Loop+1","Reinforced Body","Darkness","Machine Learning+1","Conserve Battery","Redo+1","Redo","Seek","Hologram","Leap"],"special_seed":0,"relics":["Cracked Core","NeowsBlessing","Dodecahedron","Centennial Puzzle","Kunai","Golden Idol","Omamori","Cursed Key","Potion Belt","Bottled Flame","Nuclear Battery","WarpedTongs"],"potions_floor_usage":[48,48,50,50,50],"damage_taken":[{"damage":0.0,"enemies":"Small Slimes","floor":1.0,"turns":1.0},{"damage":0.0,"enemies":"Jaw Worm","floor":2.0,"turns":1.0},{"damage":0.0,"enemies":"Gremlin Nob","floor":6.0,"turns":1.0},{"damage":0.0,"enemies":"Cultist","floor":7.0,"turns":3.0},{"damage":6.0,"enemies":"Looter","floor":11.0,"turns":3.0},{"damage":17.0,"enemies":"Lagavulin","floor":13.0,"turns":6.0},{"damage":1.0,"enemies":"Red Slaver","floor":14.0,"turns":3.0},{"damage":8.0,"enemies":"The Guardian","floor":16.0,"turns":8.0},{"damage":8.0,"enemies":"2 Thieves","floor":18.0,"turns":4.0},{"damage":21.0,"enemies":"3 Byrds","floor":21.0,"turns":5.0},{"damage":1.0,"enemies":"Cultist and Chosen","floor":24.0,"turns":6.0},{"damage":2.0,"enemies":"3 Cultists","floor":25.0,"turns":4.0},{"damage":2.0,"enemies":"Chosen and Byrds","floor":28.0,"turns":4.0},{"damage":28.0,"enemies":"Book of Stabbing","floor":29.0,"turns":6.0},{"damage":11.0,"enemies":"Centurion and Healer","floor":31.0,"turns":4.0},{"damage":21.0,"enemies":"Champ","floor":33.0,"turns":10.0},{"damage":0.0,"enemies":"Orb Walker","floor":35.0,"turns":3.0},{"damage":13.0,"enemies":"3 Shapes","floor":37.0,"turns":3.0},{"damage":24.0,"enemies":"Spire Growth","floor":38.0,"turns":5.0},{"damage":3.0,"enemies":"Jaw Worm Horde","floor":39.0,"turns":4.0},{"damage":12.0,"enemies":"Transient","floor":42.0,"turns":5.0},{"damage":12.0,"enemies":"Spire Growth","floor":46.0,"turns":4.0},{"damage":11,"enemies":"Jaw Worm Horde","floor":48,"turns":5},{"damage":71,"enemies":"Awakened One","floor":50,"turns":8}],"seed_played":"5096406594702883202","potions_obtained":[{"floor":7.0,"key":"SkillPotion"},{"floor":13.0,"key":"Strength Potion"},{"floor":14.0,"key":"FocusPotion"},{"floor":16.0,"key":"PowerPotion"},{"floor":21.0,"key":"FocusPotion"},{"floor":28.0,"key":"Regen Potion"},{"floor":33.0,"key":"EntropicBrew"},{"floor":35.0,"key":"Poison Potion"},{"floor":39.0,"key":"PowerPotion"},{"floor":42.0,"key":"Strength Potion"}],"is_trial":false,"path_per_floor":["M","M","?","T","?","E","M","R","T","?","M","?","E","M","R","B",null,"M","$","?","M","?","R","M","M","T","R","M","E","R","M","R","B",null,"M","?","M","M","M","R","?","M","T","$","$","M","R","M","R","B",null],"character_chosen":"DEFECT","items_purchased":["Loop","Sunder","BootSequence","Blind","Seek","Hologram","Block Potion"],"campfire_rested":3,"item_purchase_floors":[19,19,19,19,44,44,44],"current_hp_per_floor":[64,64,64,64,64,64,64,64,64,64,58,45,28,27,27,19,54,46,46,46,25,25,25,31,29,29,29,27,21,21,17,36,22,55,55,55,52,35,32,32,32,20,20,20,20,8,27,26,45,23],"gold":65,"neow_bonus":"THREE_ENEMY_KILL","is_prod":false,"is_daily":false,"chose_seed":false,"campfire_upgraded":6,"win_rate":0,"timestamp":1550745051,"path_taken":["M","M","?","?","?","E","M","R","T","?","M","?","E","M","R","BOSS","M","$","?","?","?","R","?","M","T","R","M","E","R","M","R","BOSS","M","?","?","M","M","R","?","M","T","?","?","?","R","M","R","BOSS"],"build_version":"2019-01-23","purchased_purges":2,"victory":true,"max_hp_per_floor":[71,71,71,71,71,71,71,71,71,66,66,66,66,66,66,66,66,66,66,66,66,66,66,66,66,66,66,66,66,66,66,66,66,66,66,66,66,66,66,66,66,66,66,66,66,66,66,66,66,66],"card_choices":[{"not_picked":["Go for the Eyes","Melter"],"picked":"Hologram","floor":1.0},{"not_picked":["Consume","Beam Cell"],"picked":"Go for the Eyes","floor":2.0},{"not_picked":["Conserve Battery","Compile Driver"],"picked":"Rainbow","floor":6.0},{"not_picked":["Turbo","Compile Driver"],"picked":"Defragment","floor":7.0},{"not_picked":["Reinforced Body","Turbo"],"picked":"Ball Lightning","floor":11.0},{"not_picked":["Hello World","Creative AI"],"picked":"Auto Shields","floor":13.0},{"not_picked":["Double Energy","Auto Shields"],"picked":"Darkness","floor":14.0},{"not_picked":["Thunder Strike","Meteor Strike"],"picked":"Rainbow","floor":16.0},{"not_picked":["Gash+1","Barrage+1"],"picked":"Cold Snap","floor":18.0},{"not_picked":["Ball Lightning","Gash"],"picked":"Self Repair","floor":21.0},{"not_picked":["Static Discharge","Streamline"],"picked":"Doom and Gloom","floor":24.0},{"not_picked":["Steam","Hologram"],"picked":"Loop","floor":25.0},{"not_picked":["Cold Snap","Turbo+1"],"picked":"Reinforced Body","floor":28.0},{"not_picked":["Gash","Hyperbeam","Aggregate+1"],"picked":"SKIP","floor":29.0},{"not_picked":["Streamline","Steam"],"picked":"Darkness","floor":31.0},{"not_picked":["Fission","Creative AI"],"picked":"Machine Learning","floor":33.0},{"not_picked":["Ball Lightning","Force Field"],"picked":"Conserve Battery","floor":35.0},{"not_picked":["Turbo","Loop"],"picked":"Redo+1","floor":37.0},{"not_picked":["Gash","Conserve Battery","Go for the Eyes+1"],"picked":"SKIP","floor":38.0},{"not_picked":["Go for the Eyes","Steam Power"],"picked":"Redo","floor":39.0},{"not_picked":["Steam","Coolheaded","Self Repair"],"picked":"SKIP","floor":42.0},{"not_picked":["Lockon","Ball Lightning","Beam Cell+1"],"picked":"SKIP","floor":46.0},{"not_picked":["Hologram","BootSequence+1"],"picked":"Leap","floor":48}],"player_experience":390653,"relics_obtained":[{"floor":4.0,"key":"Dodecahedron"},{"floor":6.0,"key":"Centennial Puzzle"},{"floor":9.0,"key":"Kunai"},{"floor":13.0,"key":"Omamori"},{"floor":26.0,"key":"Potion Belt"},{"floor":29.0,"key":"Bottled Flame"}],"event_choices":[{"damage_healed":0.0,"max_hp_gain":0.0,"max_hp_loss":0.0,"gold_gain":0.0,"event_name":"Liars Game","player_choice":"Ignored","floor":3.0,"gold_loss":0.0,"damage_taken":0.0},{"cards_removed":["Strike_B"],"damage_healed":0.0,"max_hp_gain":0.0,"max_hp_loss":0.0,"gold_gain":0.0,"event_name":"The Cleric","player_choice":"Card Removal","floor":5.0,"gold_loss":50.0,"damage_taken":0.0},{"damage_healed":0.0,"max_hp_gain":0.0,"max_hp_loss":5.0,"gold_gain":0.0,"event_name":"Golden Idol","player_choice":"Lose Max HP","floor":10.0,"gold_loss":0.0,"damage_taken":0.0,"relics_obtained":["Golden Idol"]},{"damage_healed":0.0,"max_hp_gain":0.0,"max_hp_loss":0.0,"gold_gain":0.0,"event_name":"Shining Light","player_choice":"Entered Light","floor":12.0,"gold_loss":0.0,"damage_taken":13.0,"cards_upgraded":["Defend_B","Defend_B"]},{"damage_healed":0.0,"max_hp_gain":0.0,"max_hp_loss":0.0,"gold_gain":0.0,"event_name":"Match and Keep!","player_choice":"2 cards matched","floor":20.0,"gold_loss":0.0,"damage_taken":0.0,"cards_obtained":["Panacea","Double Energy"]},{"cards_removed":["Strike_B"],"damage_healed":0.0,"max_hp_gain":0.0,"max_hp_loss":0.0,"gold_gain":0.0,"event_name":"Bonfire Elementals","player_choice":"Offered Basic","floor":22.0,"gold_loss":0.0,"damage_taken":0.0},{"damage_healed":0.0,"max_hp_gain":0.0,"max_hp_loss":0.0,"gold_gain":0.0,"event_name":"Accursed Blacksmith","player_choice":"Rummage","floor":36.0,"gold_loss":0.0,"damage_taken":0.0,"relics_obtained":["WarpedTongs"],"cards_obtained":["Pain"]},{"damage_healed":0.0,"max_hp_gain":0.0,"max_hp_loss":0.0,"gold_gain":0.0,"event_name":"Lab","player_choice":"Got Potions","floor":41.0,"gold_loss":0.0,"damage_taken":0.0}],"is_beta":false,"boss_relics":[{"not_picked":["Calling Bell","Sozu"],"picked":"Cursed Key"},{"not_picked":["Fusion Hammer","Orrery"],"picked":"Nuclear Battery"}],"items_purged_floors":[19,44],"is_endless":false,"potions_floor_spawned":[7,13,14,16,21,24,28,33,35,39,42],"ascension_level":14}