{"gold_per_floor":[113,113,129,148,148,148,166,187,214,230,248,248,248,268,268,364,364,378,357,380,399,423,423,437,437,437,11,36,36,36,36,36,129,129,149,482,482,482,496,496,512,537,537,551,551,50,62,73,73,73],"floor_reached":51,"playtime":2863,"items_purged":["Strike_B","Writhe"],"score":1235,"play_id":"837ce3a8-d125-482e-9893-662f969185cf","local_time":"20190125105152","is_ascension_mode":true,"campfire_choices":[{"data":"Dualcast","floor":6.0,"key":"SMITH"},{"data":"Defragment","floor":12.0,"key":"SMITH"},{"data":"Defragment","floor":15.0,"key":"SMITH"},{"floor":23,"key":"REST"},{"data":"Creative AI","floor":25,"key":"SMITH"},{"floor":30,"key":"REST"},{"data":"Blizzard","floor":32,"key":"SMITH"},{"floor":40,"key":"REST"},{"floor":45,"key":"REST"},{"floor":49,"key":"REST"}],"neow_cost":"PERCENT_DAMAGE","seed_source_timestamp":0,"circlet_count":0,"master_deck":["AscendersBane","Strike_B","Strike_B","Strike_B","Defend_B","Defend_B","Defend_B","Defend_B+1","Zap+1","Dualcast+1","Auto Shields","Cold Snap","Self Repair","Defragment+1","Defragment+1","Cold Snap","Creative AI+1","Glacier+1","Ball Lightning+1","FTL","Steam+1","Undo","Glacier","Blizzard+1","Barrage","Amplify","Stack+1","Dark Shackles","Defragment+1","Conserve Battery","Conserve Battery","Conserve Battery","BootSequence","Cold Snap","Loop","Steam+1","Coolheaded"],"special_seed":0,"relics":["Cracked Core","War Paint","Art of War","Inserter","Potion Belt","Vajra","MutagenicStrength","Blood Vial","Fusion Hammer","Oddly Smooth Stone","Incense Burner","Happy Flower"],"potions_floor_usage":[21,22,39,42,50,50,50],"damage_taken":[{"damage":4.0,"enemies":"Jaw Worm","floor":1.0,"turns":3.0},{"damage":0.0,"enemies":"2 Louse","floor":3.0,"turns":4.0},{"damage":8.0,"enemies":"Small Slimes","floor":4.0,"turns":4.0},{"damage":5.0,"enemies":"3 Louse","floor":7.0,"turns":3.0},{"damage":3.0,"enemies":"Exordium Wildlife","floor":8.0,"turns":6.0},{"damage":10.0,"enemies":"Gremlin Gang","floor":10.0,"turns":5.0},{"damage":8.0,"enemies":"3 Louse","floor":11.0,"turns":5.0},{"damage":2.0,"enemies":"Exordium Wildlife","floor":14.0,"turns":5.0},{"damage":30.0,"enemies":"The Guardian","floor":16.0,"turns":10.0},{"damage":13.0,"enemies":"Shell Parasite","floor":18.0,"turns":7.0},{"damage":31.0,"enemies":"2 Thieves","floor":19.0,"turns":4.0},{"damage":3.0,"enemies":"Snecko","floor":20.0,"turns":7.0},{"damage":21,"enemies":"Snake Plant","floor":21,"turns":7},{"damage":14,"enemies":"Chosen and Byrds","floor":22,"turns":8},{"damage":14,"enemies":"Snecko","floor":24,"turns":7},{"damage":19,"enemies":"Shelled Parasite and Fungi","floor":28,"turns":8},{"damage":7,"enemies":"Champ","floor":33,"turns":12},{"damage":48,"enemies":"3 Shapes","floor":35,"turns":4},{"damage":15,"enemies":"3 Darklings","floor":39,"turns":8},{"damage":8,"enemies":"Maw","floor":41,"turns":10},{"damage":15,"enemies":"Reptomancer","floor":42,"turns":9},{"damage":12,"enemies":"Transient","floor":44,"turns":6},{"damage":2,"enemies":"3 Darklings","floor":47,"turns":8},{"damage":10,"enemies":"Spire Growth","floor":48,"turns":8},{"damage":10,"enemies":"Donu and Deca","floor":50,"turns":9}],"seed_played":"4271008998449969330","potions_obtained":[{"floor":4.0,"key":"Fire Potion"},{"floor":7.0,"key":"Dexterity Potion"},{"floor":10.0,"key":"Regen Potion"},{"floor":14.0,"key":"PowerPotion"},{"floor":21,"key":"AttackPotion"},{"floor":24,"key":"Weak Potion"},{"floor":28,"key":"FearPotion"},{"floor":41,"key":"AttackPotion"},{"floor":44,"key":"Strength Potion"}],"is_trial":false,"path_per_floor":["M","?","M","M","?","R","M","M","T","M","M","R","?","M","R","B",null,"M","M","M","M","M","R","M","R","T","$","M","?","R","?","R","B",null,"M","?","?","?","M","R","M","E","T","M","R","$","M","M","R","B",null],"character_chosen":"DEFECT","items_purchased":["Glacier","Blizzard","Vajra","Barrage","BootSequence","Cold Snap","Loop","Happy Flower","PowerPotion"],"campfire_rested":5,"item_purchase_floors":[27,27,27,27,46,46,46,46,46],"current_hp_per_floor":[56,45,45,37,37,37,32,29,29,26,25,25,25,35,35,12,67,61,37,41,27,20,45,38,38,38,38,26,26,51,51,51,53,77,31,31,31,31,32,57,58,45,45,35,60,60,67,66,85,75],"gold":73,"neow_bonus":"TWENTY_PERCENT_HP_BONUS","is_prod":false,"is_daily":false,"chose_seed":false,"campfire_upgraded":5,"win_rate":0,"timestamp":1548442312,"path_taken":["M","?","M","M","?","R","M","M","T","M","M","R","?","M","R","BOSS","M","M","M","M","M","R","M","R","T","$","M","?","R","?","R","BOSS","M","?","?","?","M","R","?","E","T","M","R","$","M","?","R","BOSS"],"build_version":"2019-01-23","purchased_purges":2,"victory":true,"max_hp_per_floor":[85,85,85,85,85,85,85,85,85,85,85,85,85,85,85,85,85,85,85,85,85,85,85,85,85,85,85,85,85,85,85,85,85,85,85,85,85,85,85,85,85,85,85,85,85,85,85,85,85,85],"card_choices":[{"not_picked":["Leap","Steam"],"picked":"Auto Shields","floor":1.0},{"not_picked":["Streamline","Rebound"],"picked":"Cold Snap","floor":3.0},{"not_picked":["Streamline","Beam Cell","Compile Driver"],"picked":"SKIP","floor":4.0},{"not_picked":["Leap","Steam","All For One"],"picked":"SKIP","floor":7.0},{"not_picked":["Leap","Steam","All For One"],"picked":"SKIP","floor":7.0},{"not_picked":["Consume","Leap"],"picked":"Self Repair","floor":8.0},{"not_picked":["Rebound","Doom and Gloom"],"picked":"Defragment","floor":10.0},{"not_picked":["Sunder","Coolheaded"],"picked":"Defragment","floor":11.0},{"not_picked":["Go for the Eyes","Rebound"],"picked":"Cold Snap","floor":14.0},{"not_picked":["Thunder Strike","Multi-Cast"],"picked":"Creative AI","floor":16.0},{"not_picked":["Coolheaded","BootSequence"],"picked":"Glacier+1","floor":18.0},{"not_picked":["Stack","Beam Cell","Turbo+1"],"picked":"SKIP","floor":19.0},{"not_picked":["Cold Snap","Fission"],"picked":"Ball Lightning+1","floor":20.0},{"not_picked":["Leap","Skim"],"picked":"FTL","floor":21},{"not_picked":["Rebound","Coolheaded"],"picked":"Steam+1","floor":22},{"not_picked":["Double Energy","Storm"],"picked":"Undo","floor":24},{"not_picked":["Steam Power","Genetic Algorithm","Darkness+1"],"picked":"SKIP","floor":28},{"not_picked":["Core Surge","Rainbow"],"picked":"Amplify","floor":33},{"not_picked":["Sweeping Beam","Gash"],"picked":"Stack+1","floor":35},{"not_picked":["Flash of Steel","Deep Breath"],"picked":"Dark Shackles","floor":38},{"not_picked":["Go for the Eyes","Rebound"],"picked":"Defragment+1","floor":39},{"not_picked":["Stack","Static Discharge"],"picked":"Conserve Battery","floor":41},{"not_picked":["Turbo","Amplify"],"picked":"Conserve Battery","floor":42},{"not_picked":["Sweeping Beam+1","Ball Lightning"],"picked":"Conserve Battery","floor":44},{"not_picked":["Auto Shields","Fusion"],"picked":"Steam+1","floor":47},{"not_picked":["Self Repair","Multi-Cast"],"picked":"Coolheaded","floor":48}],"player_experience":1158453,"relics_obtained":[{"floor":9.0,"key":"Art of War"},{"floor":26,"key":"Potion Belt"},{"floor":42,"key":"Oddly Smooth Stone"},{"floor":43,"key":"Incense Burner"}],"event_choices":[{"damage_healed":0.0,"max_hp_gain":0.0,"max_hp_loss":0.0,"gold_gain":0.0,"event_name":"Scrap Ooze","player_choice":"Success","floor":2.0,"gold_loss":0.0,"damage_taken":11.0,"relics_obtained":["War Paint"]},{"damage_healed":0.0,"max_hp_gain":0.0,"max_hp_loss":0.0,"gold_gain":0.0,"event_name":"Golden Idol","player_choice":"Take Wound","floor":5.0,"gold_loss":0.0,"damage_taken":0.0,"relics_obtained":["Golden Idol"],"cards_obtained":["Injury"]},{"cards_removed":["Injury"],"damage_healed":0.0,"max_hp_gain":0.0,"max_hp_loss":0.0,"gold_gain":0.0,"event_name":"Living Wall","player_choice":"Forget","floor":13.0,"gold_loss":0.0,"damage_taken":0.0},{"damage_healed":0,"gold_gain":0,"player_choice":"Inject Mutagens","damage_taken":0,"relics_obtained":["MutagenicStrength"],"max_hp_gain":0,"max_hp_loss":0,"event_name":"Drug Dealer","floor":29,"gold_loss":0},{"damage_healed":0,"gold_gain":0,"player_choice":"Opened","damage_taken":0,"relics_obtained":["Blood Vial"],"max_hp_gain":0,"max_hp_loss":0,"event_name":"The Mausoleum","floor":31,"gold_loss":0,"cards_obtained":["Writhe"]},{"damage_healed":0,"gold_gain":333,"player_choice":"Gave Idol","damage_taken":0,"max_hp_gain":0,"max_hp_loss":0,"event_name":"The Moai Head","floor":36,"relics_lost":["Golden Idol"],"gold_loss":0},{"damage_healed":0,"gold_gain":0,"player_choice":"Ignored","damage_taken":0,"max_hp_gain":0,"max_hp_loss":0,"event_name":"Tomb of Lord Red Mask","floor":37,"gold_loss":0},{"damage_healed":0,"gold_gain":0,"player_choice":"Memory 1","damage_taken":0,"max_hp_gain":0,"max_hp_loss":0,"event_name":"SensoryStone","floor":38,"gold_loss":0}],"is_beta":false,"boss_relics":[{"not_picked":["Astrolabe","Lizard Tail"],"picked":"Inserter"},{"not_picked":["Runic Pyramid","Nuclear Battery"],"picked":"Fusion Hammer"}],"items_purged_floors":[27,46],"is_endless":false,"potions_floor_spawned":[4,7,10,14,21,24,28,41,44],"ascension_level":17}