{"gold_per_floor":[115,128,53,73,88,88,105,133,133,160,260,279,304,323,323,428,428,439,439,439,456,356,356,367,392,392,392,420,51,51,1,1,103,103,117,67,67,67,67,67,102,125,137,166,197,209,255,119,119,119],"floor_reached":51,"playtime":2632,"items_purged":["Strike_G","Defend_G","Defend_G","Bite","Defend_G","Bite+1"],"score":917,"play_id":"3b76508a-83da-47c7-8bb3-18025bddf1c3","local_time":"20190421210213","is_ascension_mode":true,"campfire_choices":[{"data":"Flechettes","floor":6,"key":"SMITH"},{"floor":15,"key":"REST"},{"data":"Dash","floor":23,"key":"SMITH"},{"data":"Corpse Explosion","floor":27,"key":"SMITH"},{"floor":32,"key":"REST"},{"floor":40,"key":"REST"},{"floor":46,"key":"RECALL"},{"data":"Backflip","floor":49,"key":"SMITH"}],"neow_cost":"NONE","seed_source_timestamp":956856088154207,"circlet_count":0,"master_deck":["Defend_G+1","Defend_G+1","Survivor+1","Neutralize+1","Dash+1","Flechettes+1","PiercingWail+1","Cloak And Dagger+1","Cloak And Dagger+1","Corpse Explosion+1","Deadly Poison+1","Bite+1","Bite+1","Bite+1","Blur+1","Backflip+1"],"relics":["Ring of the Snake","NeowsBlessing","Shuriken","Omamori","Pen Nib","Kunai","Sozu","Necronomicon","Pear","Smiling Mask","Membership Card","Ornamental Fan","Black Star","Mark of the Bloom","Bag of Preparation","MawBank","Molten Egg 2","Paper Crane","Tough Bandages","Strange Spoon"],"potions_floor_usage":[16,33,47],"damage_taken":[{"damage":0,"enemies":"2 Louse","floor":1,"turns":1},{"damage":0,"enemies":"Cultist","floor":2,"turns":1},{"damage":0,"enemies":"Small Slimes","floor":4,"turns":1},{"damage":7,"enemies":"Exordium Wildlife","floor":5,"turns":7},{"damage":0,"enemies":"2 Fungi Beasts","floor":7,"turns":4},{"damage":14,"enemies":"Lagavulin","floor":8,"turns":8},{"damage":18,"enemies":"3 Sentries","floor":10,"turns":13},{"damage":1,"enemies":"Looter","floor":12,"turns":3},{"damage":17,"enemies":"Lagavulin","floor":13,"turns":6},{"damage":1,"enemies":"3 Louse","floor":14,"turns":4},{"damage":32,"enemies":"Slime Boss","floor":16,"turns":15},{"damage":10,"enemies":"Chosen","floor":18,"turns":6},{"damage":12,"enemies":"Shell Parasite","floor":21,"turns":4},{"damage":7,"enemies":"Snake Plant","floor":24,"turns":3},{"damage":7,"enemies":"Book of Stabbing","floor":25,"turns":5},{"damage":24,"enemies":"Slavers","floor":28,"turns":3},{"damage":16,"enemies":"Automaton","floor":33,"turns":8},{"damage":8,"enemies":"Orb Walker","floor":35,"turns":4},{"damage":0,"enemies":"Giant Head","floor":41,"turns":8},{"damage":0,"enemies":"3 Shapes","floor":42,"turns":4},{"damage":0,"enemies":"Jaw Worm Horde","floor":44,"turns":2},{"damage":0,"enemies":"Sphere and 2 Shapes","floor":45,"turns":3},{"damage":15,"enemies":"Nemesis","floor":47,"turns":7},{"damage":0,"enemies":"Awakened One","floor":50,"turns":15}],"seed_played":"-6216346734892204884","potions_obtained":[{"floor":4,"key":"Block Potion"},{"floor":8,"key":"SkillPotion"},{"floor":10,"key":"Swift Potion"},{"floor":12,"key":"GhostInAJar"}],"is_trial":false,"path_per_floor":["M","M","$","M","M","R","M","E","T","E","?","M","E","M","R","B",null,"M","?","?","M","$","R","M","E","T","R","E","$","?","$","R","B",null,"M","$","?","?","?","R","E","M","T","M","M","R","E","$","R","B",null],"character_chosen":"THE_SILENT","items_purchased":["Membership Card","Ornamental Fan","Strange Spoon"],"campfire_rested":3,"item_purchase_floors":[29,29,48],"current_hp_per_floor":[70,70,70,70,63,63,63,49,49,31,31,30,13,12,33,1,70,60,49,33,27,27,27,28,39,39,39,19,19,19,19,36,34,59,51,51,51,51,51,51,51,51,51,51,51,51,36,36,36,36],"gold":119,"neow_bonus":"THREE_ENEMY_KILL","is_prod":false,"is_daily":false,"chose_seed":false,"campfire_upgraded":4,"win_rate":0,"timestamp":1555894933,"path_taken":["M","M","$","M","M","R","M","E","T","E","?","M","E","M","R","BOSS","M","?","?","M","$","R","M","E","T","R","E","?","?","$","R","BOSS","M","$","?","?","?","R","E","M","T","?","M","R","E","$","R","BOSS"],"build_version":"2019-01-23","purchased_purges":6,"victory":true,"max_hp_per_floor":[70,70,70,70,70,70,70,70,70,70,70,70,70,70,70,70,70,70,49,49,49,49,49,49,59,59,59,59,59,59,59,59,59,59,59,59,56,56,56,56,56,56,56,56,56,56,56,56,56,56],"card_choices":[{"not_picked":["Blade Dance","Masterful Stab","Concentrate"],"picked":"SKIP","floor":1},{"not_picked":["Dash","Dagger Spray","Dodge and Roll"],"picked":"SKIP","floor":2},{"not_picked":["Dagger Spray","Dodge and Roll"],"picked":"Dash","floor":2},{"not_picked":["Prepared","Riddle With Holes"],"picked":"Flechettes","floor":4},{"not_picked":["Underhanded Strike","Bane"],"picked":"PiercingWail","floor":5},{"not_picked":["Acrobatics","Wraith Form v2"],"picked":"Cloak And Dagger","floor":7},{"not_picked":["Eviscerate","Dagger Spray"],"picked":"Cloak And Dagger","floor":8},{"not_picked":["Heel Hook","Predator","Bullet Time"],"picked":"SKIP","floor":10},{"not_picked":["All Out Attack","Distraction","Crippling Poison"],"picked":"SKIP","floor":12},{"not_picked":["Masterful Stab","Blade Dance","Underhanded Strike"],"picked":"SKIP","floor":13},{"not_picked":["Slice","Underhanded Strike","Sucker Punch"],"picked":"SKIP","floor":14},{"not_picked":["Phantasmal Killer","Venomology"],"picked":"Corpse Explosion","floor":16},{"not_picked":["Slice","Accuracy"],"picked":"Deadly Poison+1","floor":18},{"not_picked":["Calculated Gamble","Deflect","Poisoned Stab+1"],"picked":"SKIP","floor":21},{"not_picked":["Bane+1","Outmaneuver","Choke"],"picked":"SKIP","floor":24},{"not_picked":["All Out Attack+1","Finisher"],"picked":"Blur","floor":25},{"not_picked":["Expertise","Infinite Blades","Acrobatics"],"picked":"SKIP","floor":28},{"not_picked":["Calculated Gamble+1","Blur+1","Underhanded Strike+1"],"picked":"SKIP","floor":35},{"not_picked":["Underhanded Strike","Flying Knee","Dagger Spray"],"picked":"SKIP","floor":41},{"not_picked":["Quick Slash","Well Laid Plans","Distraction+1"],"picked":"SKIP","floor":42},{"not_picked":["Finisher+1","Dagger Spray+1","Poisoned Stab+1"],"picked":"SKIP","floor":44},{"not_picked":["Underhanded Strike+1","Skewer+1"],"picked":"Backflip","floor":45},{"not_picked":["Finisher+1","Cloak And Dagger","Noxious Fumes"],"picked":"SKIP","floor":47}],"player_experience":75121,"relics_obtained":[{"floor":8,"key":"Shuriken"},{"floor":9,"key":"Omamori"},{"floor":10,"key":"Pen Nib"},{"floor":13,"key":"Kunai"},{"floor":20,"key":"Necronomicon"},{"floor":25,"key":"Pear"},{"floor":28,"key":"Smiling Mask"},{"floor":41,"key":"Bag of Preparation"},{"floor":41,"key":"MawBank"},{"floor":43,"key":"Molten Egg 2"},{"floor":47,"key":"Paper Crane"},{"floor":47,"key":"Tough Bandages"}],"event_choices":[{"damage_healed":0,"gold_gain":100,"player_choice":"Pray","damage_taken":0,"max_hp_gain":0,"max_hp_loss":0,"event_name":"Golden Shrine","floor":11,"gold_loss":0},{"damage_healed":0,"gold_gain":0,"player_choice":"Became a vampire","damage_taken":0,"max_hp_gain":0,"max_hp_loss":21,"event_name":"Vampires","floor":19,"gold_loss":0,"cards_obtained":["Bite","Bite","Bite","Bite","Bite"]},{"damage_healed":0,"gold_gain":0,"player_choice":"Obtained Book","damage_taken":16,"max_hp_gain":0,"max_hp_loss":0,"event_name":"Cursed Tome","floor":20,"gold_loss":0},{"damage_healed":0,"gold_gain":0,"player_choice":"Ignored","damage_taken":0,"max_hp_gain":0,"max_hp_loss":0,"event_name":"Ghosts","floor":30,"gold_loss":0},{"damage_healed":0,"gold_gain":0,"player_choice":"Max HP","damage_taken":0,"max_hp_gain":0,"max_hp_loss":3,"event_name":"Winding Halls","floor":37,"gold_loss":0},{"damage_healed":0,"gold_gain":0,"player_choice":"Upgrade","damage_taken":0,"relics_obtained":["Mark of the Bloom"],"max_hp_gain":0,"max_hp_loss":0,"event_name":"MindBloom","floor":38,"gold_loss":0,"cards_upgraded":["Defend_G","Defend_G","Survivor","Neutralize","PiercingWail","Cloak And Dagger","Cloak And Dagger","Bite","Bite","Bite","Bite","Blur"]},{"damage_healed":0,"gold_gain":0,"player_choice":"Got Potions","damage_taken":0,"max_hp_gain":0,"max_hp_loss":0,"event_name":"Lab","floor":39,"gold_loss":0}],"is_beta":false,"boss_relics":[{"not_picked":["Calling Bell","Tiny House"],"picked":"Sozu"},{"not_picked":["Eternal Feather","Busted Crown"],"picked":"Black Star"}],"items_purged_floors":[3,22,29,31,36,48],"is_endless":false,"potions_floor_spawned":[4,8,10,12,21,24,28,33,41,47],"ascension_level":2}