{"gold_per_floor":[219,219,237,19,19,19,53,53,77,77,93,161,34,60,60,157,157,146,156,81,97,124,138,138,138,191,191,38,38,38,53,53,152,152,164,177,399,399,417,417,437,193,246,266,279,279],"floor_reached":46,"playtime":3443,"items_purged":["Regret"],"score":688,"play_id":"86f8d418-f7e9-4bc9-80b0-04876ebf4236","local_time":"20180817234840","is_ascension_mode":true,"campfire_choices":[{"data":"Zap","floor":6,"key":"SMITH"},{"floor":8,"key":"REST"},{"data":"Dualcast","floor":10,"key":"SMITH"},{"data":"Rebound","floor":15,"key":"SMITH"},{"data":"Capacitor","floor":25,"key":"SMITH"},{"data":"Storm","floor":27,"key":"SMITH"},{"floor":29,"key":"REST"},{"floor":32,"key":"REST"},{"data":"Defragment","floor":40,"key":"SMITH"}],"neow_cost":"NONE","seed_source_timestamp":40910709905590,"circlet_count":0,"master_deck":["Strike_B+1","Strike_B","Strike_B","Defend_B","Defend_B","Defend_B","Zap+1","Dualcast+1","AscendersBane","Leap","Genetic Algorithm","Rebound+1","Core Surge","Machine Learning","Go for the Eyes+1","Scrape+1","Capacitor+1","Storm+1","Gash","Gash","Cold Snap","Barrage","Beam Cell","Force Field","Consume+1","All For One","Conserve Battery","Defragment+1","Gash+1","Capacitor+1","Flash of Steel","Blizzard+1","Hologram+1"],"relics":["FrozenCore","Regal Pillow","Oddly Smooth Stone","Bag of Preparation","Orichalcum","Mummified Hand","Prayer Wheel","Red Mask","Pen Nib","Enchiridion","White Beast Statue","Potion Belt","Whetstone"],"potions_floor_usage":[16,18,21,22,33,35,39,41,45,46,46],"damage_taken":[{"damage":4,"enemies":"2 Louse","floor":1,"turns":3},{"damage":11,"enemies":"Jaw Worm","floor":3,"turns":3},{"damage":36,"enemies":"3 Sentries","floor":7,"turns":8},{"damage":0,"enemies":"Small Slimes","floor":11,"turns":3},{"damage":22,"enemies":"Gremlin Nob","floor":14,"turns":4},{"damage":22,"enemies":"Hexaghost","floor":16,"turns":13},{"damage":12,"enemies":"2 Thieves","floor":18,"turns":4},{"damage":0,"enemies":"Chosen","floor":19,"turns":3},{"damage":13,"enemies":"3 Cultists","floor":21,"turns":6},{"damage":10,"floor":22,"turns":5},{"damage":3,"enemies":"Centurion and Healer","floor":23,"turns":6},{"damage":7,"enemies":"Snake Plant","floor":31,"turns":4},{"damage":36,"enemies":"Collector","floor":33,"turns":9},{"damage":15,"enemies":"3 Darklings","floor":35,"turns":4},{"damage":0,"enemies":"3 Shapes","floor":36,"turns":3},{"damage":9,"enemies":"Flame Bruiser 2 Orb","floor":39,"turns":8},{"damage":6,"enemies":"4 Shapes","floor":41,"turns":4},{"damage":2,"enemies":"Maw","floor":44,"turns":5},{"damage":22,"enemies":"Flame Bruiser 2 Orb","floor":45,"turns":5},{"damage":12,"enemies":"3 Darklings","floor":46,"turns":3}],"seed_played":"-2052311582590475124","potions_obtained":[{"floor":11,"key":"Dexterity Potion"},{"floor":16,"key":"Weak Potion"},{"floor":18,"key":"Swift Potion"},{"floor":21,"key":"Strength Potion"},{"floor":23,"key":"EssenceOfSteel"},{"floor":33,"key":"SkillPotion"},{"floor":35,"key":"SkillPotion"},{"floor":38,"key":"Block Potion"},{"floor":39,"key":"PowerPotion"},{"floor":41,"key":"Dexterity Potion"},{"floor":44,"key":"SpeedPotion"},{"floor":45,"key":"FearPotion"}],"is_trial":false,"path_per_floor":["M","?","M","$","?","R","E","R","T","R","M","T","$","E","R","B",null,"M","M","?","M","?","M","$","R","T","R","$","R","?","M","R","B",null,"M","M","?","?","M","R","M","$","T","M","M"],"character_chosen":"DEFECT","items_purchased":["Oddly Smooth Stone","Genetic Algorithm","Rebound","Beam Cell","Force Field","Block Potion","Potion Belt","Flash of Steel"],"campfire_rested":3,"item_purchase_floors":[4,13,13,28,28,28,42,42],"current_hp_per_floor":[64,64,53,53,53,53,17,54,54,54,54,54,54,32,32,10,59,47,47,47,34,24,21,21,21,21,21,21,58,42,35,72,36,65,50,50,50,50,41,41,35,35,35,33,11,0],"gold":279,"neow_bonus":"HUNDRED_GOLD","is_prod":false,"is_daily":false,"chose_seed":false,"campfire_upgraded":6,"win_rate":0,"timestamp":1534567720,"path_taken":["M","?","M","$","?","R","E","R","T","R","?","?","?","E","R","BOSS","M","?","?","?","?","M","?","R","T","R","$","R","?","M","R","BOSS","M","M","?","?","?","R","M","$","T","M","M","M"],"build_version":"2018-08-16","purchased_purges":1,"victory":false,"max_hp_per_floor":[75,75,75,75,75,75,75,75,75,75,75,75,75,75,75,75,75,75,75,75,75,75,75,75,75,75,75,75,75,75,75,75,75,75,75,75,75,75,75,75,75,75,75,75,75,75],"card_choices":[{"not_picked":["Redo","Go for the Eyes","Consume"],"picked":"SKIP","floor":1},{"not_picked":["Barrage","Chill"],"picked":"Leap","floor":3},{"not_picked":["Blizzard","Storm","Stack"],"picked":"SKIP","floor":7},{"not_picked":["Rebound","Undo","Redo"],"picked":"SKIP","floor":11},{"not_picked":["Go for the Eyes","Reprogram"],"picked":"Core Surge","floor":14},{"not_picked":["Reboot","Core Surge"],"picked":"Machine Learning","floor":16},{"not_picked":["Rebound","Scrape"],"picked":"Go for the Eyes","floor":18},{"not_picked":["Go for the Eyes","Leap"],"picked":"Scrape+1","floor":18},{"not_picked":["Beam Cell+1","Hello World"],"picked":"Capacitor","floor":19},{"not_picked":["Barrage","Stack"],"picked":"Storm","floor":19},{"not_picked":["Redo","Go for the Eyes"],"picked":"Gash","floor":21},{"not_picked":["Self Repair","Beam Cell"],"picked":"Gash","floor":21},{"not_picked":["Rebound","Rainbow"],"picked":"Cold Snap","floor":22},{"not_picked":["Streamline+1","Rebound"],"picked":"Barrage","floor":23},{"not_picked":["Turbo","Fusion","Go for the Eyes"],"picked":"SKIP","floor":23},{"not_picked":["Redo","Fusion"],"picked":"Consume+1","floor":31},{"not_picked":["Thunder Strike","Go for the Eyes","Genetic Algorithm+1"],"picked":"SKIP","floor":31},{"not_picked":["Core Surge","Hyperbeam"],"picked":"All For One","floor":33},{"not_picked":["Hologram","Sunder"],"picked":"Conserve Battery","floor":35},{"not_picked":["Lockon+1","Coolheaded","Barrage+1"],"picked":"SKIP","floor":35},{"not_picked":["Ball Lightning+1","Auto Shields+1"],"picked":"Defragment","floor":36},{"not_picked":["Ball Lightning+1","Glacier+1","Chaos"],"picked":"SKIP","floor":36},{"not_picked":["Steam Power","Redo+1"],"picked":"Gash+1","floor":39},{"not_picked":["Coolheaded+1","Rip and Tear+1","Go for the Eyes"],"picked":"SKIP","floor":39},{"not_picked":["Creative AI","Doom and Gloom+1"],"picked":"Capacitor+1","floor":41},{"not_picked":["Rebound+1","Beam Cell+1","Leap"],"picked":"SKIP","floor":41},{"not_picked":["Rip and Tear","Sweeping Beam"],"picked":"Blizzard+1","floor":44},{"not_picked":["Steam","Cold Snap","Steam Power+1"],"picked":"SKIP","floor":44},{"not_picked":["Go for the Eyes","Stack"],"picked":"Hologram+1","floor":45},{"not_picked":["Stack+1","Gash","Compile Driver+1"],"picked":"SKIP","floor":45}],"player_experience":351956,"relics_obtained":[{"floor":7,"key":"Bag of Preparation"},{"floor":9,"key":"Orichalcum"},{"floor":12,"key":"Mummified Hand"},{"floor":14,"key":"Prayer Wheel"},{"floor":22,"key":"Red Mask"},{"floor":26,"key":"Pen Nib"},{"floor":30,"key":"Enchiridion"},{"floor":43,"key":"Whetstone"}],"event_choices":[{"event_name":"Big Fish","player_choice":"Box","floor":2,"damage_taken":0},{"event_name":"Bonfire Elementals","player_choice":"BASIC","floor":5,"damage_taken":0},{"event_name":"Beggar","player_choice":"Gave Gold","floor":20,"damage_taken":0},{"event_name":"Masked Bandits","player_choice":"Fought Bandits","floor":22,"damage_taken":0},{"event_name":"Cursed Tome","player_choice":"Obtained Book","floor":30,"damage_taken":0},{"event_name":"Tomb of Lord Red Mask","player_choice":"Wore Mask","floor":37,"damage_taken":0},{"event_name":"The Lab","player_choice":"Got Potions","floor":38,"damage_taken":0}],"is_beta":false,"boss_relics":[{"not_picked":["Philosopher\u0027s Stone","Astrolabe"],"picked":"FrozenCore"},{"not_picked":["Runic Pyramid","Coffee Dripper"],"picked":"White Beast Statue"}],"items_purged_floors":[4],"is_endless":false,"potions_floor_spawned":[11,16,18,21,23,33,35,36,39,41,44,45],"killed_by":"3 Darklings","ascension_level":11}