{"gold_per_floor":[119,131,101,120,131,161,161,175,245,245,263,288,54,67,67,162,162,179,22,33,33,33,63,63,95,95,95,95,107,125,125,125,221,221,239,256,271,271,271,271,290,316,316,328,340,340,354,379,391,403],"floor_reached":50,"playtime":4874,"items_purged":[],"score":601,"play_id":"c05e71bb-42a9-4f7c-a0da-dffa9ec69a90","local_time":"20190415001339","is_ascension_mode":false,"campfire_choices":[{"floor":7,"key":"REST"},{"floor":10,"key":"REST"},{"floor":15,"key":"REST"},{"floor":24,"key":"REST"},{"floor":28,"key":"REST"},{"floor":32,"key":"REST"},{"floor":40,"key":"REST"},{"data":"1","floor":46,"key":"LIFT"},{"floor":49,"key":"REST"}],"neow_cost":"NONE","seed_source_timestamp":361339970843469,"circlet_count":0,"master_deck":["Strike_B","Strike_B","Strike_B","Defend_B","Defend_B","Defend_B","Defend_B","Zap","Dualcast","Genetic Algorithm","Double Energy","Capacitor","Static Discharge","Blizzard","Cold Snap","Reinforced Body","Lockon","Steam","Reboot","Static Discharge","Compile Driver","Electrodynamics","Consume+1","Loop","Dark Shackles","Chaos","FTL","Defragment","Glacier+1","Lockon","Genetic Algorithm+1","Doom and Gloom","Machine Learning","Loop","Cold Snap+1","Loop+1","Madness+1","Madness+1","Stack+1","Compile Driver+1","Coolheaded+1","Fusion+1","Genetic Algorithm+1","Reboot+1"],"relics":["Cracked Core","StoneCalendar","Bottled Flame","Bird Faced Urn","Fusion Hammer","Toxic Egg 2","Oddly Smooth Stone","Anchor","Sundial","Nuclear Battery","Girya","Nunchaku","MawBank"],"potions_floor_usage":[5,6,16,27,27,47,50,50],"damage_taken":[{"damage":0,"enemies":"Cultist","floor":1,"turns":4},{"damage":6,"enemies":"2 Louse","floor":2,"turns":3},{"damage":6,"enemies":"Jaw Worm","floor":4,"turns":3},{"damage":16,"enemies":"Exordium Thugs","floor":5,"turns":6},{"damage":55,"enemies":"Gremlin Nob","floor":6,"turns":5},{"damage":6,"enemies":"3 Louse","floor":8,"turns":4},{"damage":12,"enemies":"Red Slaver","floor":11,"turns":4},{"damage":29,"enemies":"3 Sentries","floor":12,"turns":7},{"damage":8,"enemies":"Looter","floor":14,"turns":3},{"damage":16,"enemies":"Hexaghost","floor":16,"turns":7},{"damage":1,"enemies":"2 Thieves","floor":18,"turns":3},{"damage":7,"enemies":"Chosen","floor":20,"turns":5},{"damage":65,"enemies":"Slavers","floor":23,"turns":7},{"damage":55,"enemies":"Gremlin Leader","floor":25,"turns":7},{"damage":0,"enemies":"Book of Stabbing","floor":27,"turns":3},{"damage":11,"enemies":"Centurion and Healer","floor":29,"turns":5},{"damage":19,"enemies":"Chosen and Byrds","floor":30,"turns":5},{"damage":28,"enemies":"Champ","floor":33,"turns":12},{"damage":0,"enemies":"3 Darklings","floor":35,"turns":4},{"damage":3,"enemies":"3 Shapes","floor":36,"turns":5},{"damage":7,"enemies":"Sphere and 2 Shapes","floor":37,"turns":3},{"damage":9,"enemies":"4 Shapes","floor":41,"turns":6},{"damage":40,"enemies":"Reptomancer","floor":42,"turns":8},{"damage":17,"enemies":"Writhing Mass","floor":44,"turns":8},{"damage":24,"enemies":"3 Darklings","floor":45,"turns":4},{"damage":9,"enemies":"Maw","floor":47,"turns":8},{"damage":60,"enemies":"Nemesis","floor":48,"turns":10},{"damage":57,"enemies":"Awakened One","floor":50,"turns":8}],"seed_played":"-3931288032698071691","potions_obtained":[{"floor":2,"key":"AttackPotion"},{"floor":3,"key":"SmokeBomb"},{"floor":3,"key":"Fruit Juice"},{"floor":5,"key":"Swift Potion"},{"floor":8,"key":"FocusPotion"},{"floor":23,"key":"FearPotion"},{"floor":29,"key":"SpeedPotion"},{"floor":33,"key":"EssenceOfSteel"},{"floor":41,"key":"Regen Potion"},{"floor":45,"key":"Strength Potion"}],"is_trial":false,"path_per_floor":["M","M","?","M","M","E","R","M","T","R","M","E","$","M","R","B",null,"M","$","M","?","T","E","R","E","T","E","R","M","M","?","R","B",null,"M","M","M","?","?","R","M","E","T","M","M","R","M","E","R","B"],"character_chosen":"DEFECT","items_purchased":["Steam","Reboot","Static Discharge","Loop","Dark Shackles"],"campfire_rested":8,"item_purchase_floors":[13,13,13,19,19],"current_hp_per_floor":[82,76,76,70,59,4,30,24,24,50,38,9,9,3,29,19,87,87,87,80,80,80,23,49,6,6,10,36,33,24,24,50,34,87,87,84,82,82,71,87,78,52,52,51,35,35,59,17,43,0],"gold":403,"neow_bonus":"TEN_PERCENT_HP_BONUS","is_prod":false,"is_daily":false,"chose_seed":false,"campfire_upgraded":0,"win_rate":0.0,"timestamp":1555301619,"path_taken":["M","?","?","M","?","E","R","M","T","R","M","E","$","M","R","BOSS","M","$","?","?","?","E","R","E","T","E","R","?","M","?","R","BOSS","M","M","M","?","?","R","M","E","T","M","M","R","M","E","R","BOSS"],"build_version":"2019-01-23","purchased_purges":0,"victory":false,"max_hp_per_floor":[82,82,82,82,87,87,87,87,87,87,87,87,87,87,87,87,87,87,87,87,87,87,87,87,87,87,87,87,87,87,87,87,87,87,87,87,87,87,87,87,87,87,87,87,87,87,87,87,87,87],"card_choices":[{"not_picked":["Streamline","Conserve Battery"],"picked":"Genetic Algorithm","floor":1},{"not_picked":["White Noise","Beam Cell"],"picked":"Double Energy","floor":2},{"not_picked":["Stack","Streamline"],"picked":"Capacitor","floor":4},{"not_picked":["Cold Snap","Sweeping Beam"],"picked":"Static Discharge","floor":5},{"not_picked":["Compile Driver","Conserve Battery"],"picked":"Blizzard","floor":6},{"not_picked":["Leap","Genetic Algorithm"],"picked":"Cold Snap","floor":8},{"not_picked":["Leap","Streamline"],"picked":"Reinforced Body","floor":11},{"not_picked":["Beam Cell","Hologram"],"picked":"Lockon","floor":12},{"not_picked":["Fusion","Multi-Cast"],"picked":"Compile Driver","floor":14},{"not_picked":["Amplify","Seek"],"picked":"Electrodynamics","floor":16},{"not_picked":["Hologram","Conserve Battery"],"picked":"Consume+1","floor":18},{"not_picked":["Go for the Eyes","Multi-Cast"],"picked":"Chaos","floor":20},{"not_picked":["Reinforced Body+1","Go for the Eyes"],"picked":"Defragment","floor":23},{"not_picked":["Go for the Eyes","Blizzard+1"],"picked":"Glacier+1","floor":25},{"not_picked":["Compile Driver","Beam Cell"],"picked":"Lockon","floor":29},{"not_picked":["Reinforced Body+1","Stack+1"],"picked":"Genetic Algorithm+1","floor":30},{"not_picked":["Reboot+1","Creative AI"],"picked":"Machine Learning","floor":33},{"not_picked":["Go for the Eyes","Rip and Tear"],"picked":"Loop","floor":35},{"not_picked":["Streamline+1","Ball Lightning"],"picked":"Cold Snap+1","floor":36},{"not_picked":["Ball Lightning+1","Sweeping Beam"],"picked":"Loop+1","floor":37},{"not_picked":["Barrage","Hologram+1"],"picked":"Stack+1","floor":41},{"not_picked":["Blizzard+1","Ball Lightning"],"picked":"Compile Driver+1","floor":42},{"not_picked":["BootSequence+1","Reinforced Body+1"],"picked":"Coolheaded+1","floor":44},{"not_picked":["Sweeping Beam+1","Reinforced Body+1"],"picked":"Fusion+1","floor":45},{"not_picked":["Sweeping Beam","Hologram+1"],"picked":"Genetic Algorithm+1","floor":47},{"not_picked":["Loop+1","Barrage"],"picked":"Reboot+1","floor":48}],"player_experience":2296,"relics_obtained":[{"floor":6,"key":"StoneCalendar"},{"floor":9,"key":"Bottled Flame"},{"floor":12,"key":"Bird Faced Urn"},{"floor":22,"key":"Toxic Egg 2"},{"floor":23,"key":"Oddly Smooth Stone"},{"floor":25,"key":"Anchor"},{"floor":26,"key":"Sundial"},{"floor":42,"key":"Girya"},{"floor":43,"key":"Nunchaku"},{"floor":48,"key":"MawBank"}],"event_choices":[{"damage_healed":0,"gold_gain":0,"player_choice":"Bought 2 Potions","damage_taken":0,"max_hp_gain":0,"max_hp_loss":0,"event_name":"The Woman in Blue","floor":3,"gold_loss":0},{"damage_healed":0,"gold_gain":0,"player_choice":"Read","damage_taken":0,"max_hp_gain":0,"max_hp_loss":0,"event_name":"The Library","floor":21,"gold_loss":0,"cards_obtained":["FTL"]},{"damage_healed":0,"gold_gain":0,"cards_transformed":["Strike_B"],"player_choice":"Transformed","damage_taken":0,"max_hp_gain":0,"max_hp_loss":0,"event_name":"Transmorgrifier","floor":31,"gold_loss":0,"cards_obtained":["Doom and Gloom"]},{"damage_healed":0,"gold_gain":0,"player_choice":"Ignored","damage_taken":0,"max_hp_gain":0,"max_hp_loss":0,"event_name":"Tomb of Lord Red Mask","floor":38,"gold_loss":0},{"damage_healed":0,"gold_gain":0,"player_choice":"Embrace Madness","damage_taken":11,"max_hp_gain":0,"max_hp_loss":0,"event_name":"Winding Halls","floor":39,"gold_loss":0,"cards_obtained":["Madness","Madness"]}],"is_beta":false,"boss_relics":[{"not_picked":["Philosopher\u0027s Stone","Runic Pyramid"],"picked":"Fusion Hammer"},{"not_picked":["Orrery","Eternal Feather"],"picked":"Nuclear Battery"}],"items_purged_floors":[],"is_endless":false,"potions_floor_spawned":[2,5,8,23,27,29,33,41,42,44,45],"killed_by":"Awakened One","ascension_level":0}