{"path_per_floor":["M","M","M","M","?","E","R","M","T","E","$","R","E","M","R","B",null,"M","M","M","$","?","R","E","M","T","M","M","?","$","M","R","B",null,"M","?","M","?","?"],"character_chosen":"IRONCLAD","items_purchased":["Singing Bowl"],"gold_per_floor":[119,133,144,161,161,186,186,206,206,237,84,84,109,120,120,218,218,238,251,268,193,193,193,226,239,239,249,266,181,101,111,111,207,207,220,220,232,0,250,250],"floor_reached":40,"campfire_rested":3,"playtime":1982,"current_hp_per_floor":[77,77,76,72,60,51,51,59,59,33,33,57,61,65,65,23,66,68,59,49,49,49,73,82,73,73,76,57,57,57,52,79,75,88,70,70,51,51,51,0],"items_purged":["Strike_R","Strike_R"],"gold":250,"score":746,"play_id":"71c6ee25-ca55-405c-8887-2b3c3b44b475","local_time":"20180427105857","is_prod":false,"is_daily":false,"chose_seed":false,"is_ascension_mode":true,"campfire_upgraded":2,"timestamp":1524851937,"path_taken":["M","M","M","M","?","E","R","M","T","E","$","R","E","M","R","BOSS","M","M","M","$","?","R","E","M","T","M","?","?","?","M","R","BOSS","M","?","M","?","?","E"],"build_version":"2018-04-26","seed_source_timestamp":169495234324500,"purchased_purges":2,"victory":false,"master_deck":["Strike_R","Strike_R+1","Strike_R+1","Defend_R","Defend_R","Defend_R","Defend_R","Bash","Flex","Iron Wave","Cleave","Thunderclap","Immolate+1","Iron Wave","Demon Form+1","Iron Wave","Feed","Headbutt","Clothesline","Reckless Charge+1","Bash","Panacea","Heavy Blade","Iron Wave","Limit Break","Heavy Blade+1","Iron Wave+1","Regret"],"max_hp_per_floor":[80,80,80,80,80,80,80,80,80,80,80,80,80,80,80,80,80,80,80,80,80,80,80,82,84,84,89,89,89,89,92,92,92,92,92,92,95,95,95,95],"relics":["Burning Blood","Orichalcum","Blood Vial","Ornamental Fan","Ice Cream","Singing Bowl","Whetstone","Sozu","The Courier","Bottled Lightning","Ancient Tea Set","Black Star","Red Mask"],"card_choices":[{"not_picked":["Rage","Anger"],"picked":"Flex","floor":1},{"not_picked":["Sword Boomerang","Flex"],"picked":"Iron Wave","floor":2},{"not_picked":["Battle Trance","Blood for Blood"],"picked":"Cleave","floor":3},{"not_picked":["Wild Strike","Rage"],"picked":"Thunderclap","floor":4},{"not_picked":["Rupture","Rampage"],"picked":"Immolate","floor":6},{"not_picked":["Body Slam","Armaments"],"picked":"Iron Wave","floor":8},{"not_picked":["Double Tap","Rupture"],"picked":"Demon Form","floor":10},{"not_picked":["Pummel","Havoc"],"picked":"Iron Wave","floor":13},{"not_picked":["Burning Pact","True Grit"],"picked":"Shrug It Off","floor":14},{"not_picked":["Dark Embrace","Brutality"],"picked":"Feed","floor":16},{"not_picked":["Havoc","Feel No Pain"],"picked":"Headbutt","floor":18},{"not_picked":["Havoc","Iron Wave"],"picked":"Clothesline","floor":19},{"not_picked":["Dropkick","Twin Strike"],"picked":"Reckless Charge","floor":20},{"not_picked":["Wild Strike","Double Tap"],"picked":"Heavy Blade","floor":28},{"not_picked":["Body Slam","Fire Breathing"],"picked":"Iron Wave","floor":31},{"not_picked":["Immolate","Dark Embrace"],"picked":"Limit Break","floor":33},{"not_picked":["Twin Strike","Dual Wield"],"picked":"Heavy Blade","floor":35},{"not_picked":["Shrug It Off","Inflame"],"picked":"Iron Wave","floor":37}],"player_experience":392568,"potions_floor_usage":[8,33,40,40],"damage_taken":[{"damage":1,"enemies":"Cultist","floor":1,"turns":4},{"damage":6,"enemies":"2 Louse","floor":2,"turns":2},{"damage":7,"enemies":"Small Slimes","floor":3,"turns":4},{"damage":10,"enemies":"Exordium Thugs","floor":4,"turns":4},{"damage":15,"enemies":"Gremlin Nob","floor":6,"turns":4},{"damage":0,"enemies":"Lots of Slimes","floor":8,"turns":1},{"damage":34,"enemies":"Lagavulin","floor":10,"turns":6},{"damage":4,"enemies":"Gremlin Nob","floor":13,"turns":3},{"damage":4,"enemies":"Red Slaver","floor":14,"turns":2},{"damage":50,"enemies":"The Guardian","floor":16,"turns":10},{"damage":6,"enemies":"Spheric Guardian","floor":18,"turns":3},{"damage":17,"enemies":"Shell Parasite","floor":19,"turns":3},{"damage":18,"enemies":"Sentry and Sphere","floor":20,"turns":5},{"damage":0,"enemies":"Gremlin Leader","floor":24,"turns":7},{"damage":17,"enemies":"Cultist and Chosen","floor":25,"turns":4},{"damage":10,"enemies":"Centurion and Healer","floor":27,"turns":8},{"damage":27,"enemies":"Snake Plant","floor":28,"turns":4},{"damage":16,"enemies":"Sentry and Sphere","floor":31,"turns":4},{"damage":12,"enemies":"Collector","floor":33,"turns":6},{"damage":26,"enemies":"Orb Walker","floor":35,"turns":4},{"damage":30,"enemies":"3 Shapes","floor":37,"turns":4},{"damage":75,"enemies":"Giant Head","floor":40,"turns":7}],"event_choices":[{"event_name":"Scrap Ooze","player_choice":"success","floor":5,"damage_taken":12},{"event_name":"Match and Keep!","player_choice":"2 cards matched","floor":22,"damage_taken":0},{"event_name":"Addict","player_choice":"Obtained Relic","floor":29,"damage_taken":0},{"event_name":"Tomb of Lord Red Mask","player_choice":"Paid","floor":38,"damage_taken":0},{"event_name":"Golden Shrine","player_choice":"Desecrate","floor":39,"damage_taken":0}],"boss_relics":[{"not_picked":["Cursed Key","Lizard Tail"],"picked":"Sozu"},{"not_picked":["Runic Pyramid","Black Blood"],"picked":"Black Star"}],"potions_floor_spawned":[1,6,10,14,16,20,24,27,28,33,35,37],"seed_played":"-4334663269930356755","killed_by":"Giant Head","ascension_level":9,"is_trial":false}