{"gold_per_floor":[114,130,130,130,150,150,182,182,230,249,267,20,46,46,46,122,122,134,134,29,29,40,72,88,138,138,138,0,0,34,53,53,128,178,194,210,210,1209,628,628],"floor_reached":40,"playtime":4016,"items_purged":["Strike_G","Writhe","Strike_G","Normality"],"score":963,"play_id":"bab13981-d9cc-4dba-9fc5-38b2c1a144b9","local_time":"20190426201216","is_ascension_mode":true,"campfire_choices":[{"data":"Burst","floor":6.0,"key":"SMITH"},{"data":"Footwork","floor":8.0,"key":"SMITH"},{"data":"Skewer","floor":15.0,"key":"SMITH"},{"data":"Footwork","floor":27.0,"key":"SMITH"},{"data":"Caltrops","floor":29.0,"key":"SMITH"},{"data":"Noxious Fumes","floor":32.0,"key":"SMITH"}],"neow_cost":"NONE","seed_source_timestamp":26925923887116,"circlet_count":0,"master_deck":["AscendersBane","Defend_G","Defend_G","Defend_G","Defend_G","Defend_G","Strike_G","Survivor","Neutralize+1","Flying Knee+1","Burst+1","Flying Knee","Footwork+1","Leg Sweep","Footwork+1","Skewer+1","After Image+1","PiercingWail","Caltrops+1","Heel Hook","Deflect","Noxious Fumes+1","Malaise","Outmaneuver","Blur","PiercingWail","Normality","Caltrops","PiercingWail","Night Terror"],"special_seed":0,"relics":["Ring of the Snake","Pen Nib","Bag of Preparation","Smiling Mask","Bag of Marbles","Runic Pyramid","Centennial Puzzle","Boot","Paper Crane","Bottled Lightning","Tiny House","OrangePellets"],"potions_floor_usage":[40],"damage_taken":[{"damage":0.0,"enemies":"2 Louse","floor":1.0,"turns":5.0},{"damage":11.0,"enemies":"Cultist","floor":2.0,"turns":4.0},{"damage":0.0,"enemies":"Small Slimes","floor":5.0,"turns":4.0},{"damage":18.0,"enemies":"3 Sentries","floor":7.0,"turns":10.0},{"damage":0.0,"enemies":"Red Slaver","floor":10.0,"turns":3.0},{"damage":0.0,"enemies":"Exordium Thugs","floor":11.0,"turns":5.0},{"damage":0.0,"enemies":"Lagavulin","floor":13.0,"turns":7.0},{"damage":0.0,"enemies":"The Guardian","floor":16.0,"turns":12.0},{"damage":5.0,"enemies":"Shell Parasite","floor":18.0,"turns":6.0},{"damage":0.0,"enemies":"Chosen","floor":22.0,"turns":9.0},{"damage":9.0,"enemies":"Gremlin Leader","floor":23.0,"turns":9.0},{"damage":0.0,"enemies":"Centurion and Healer","floor":24.0,"turns":14.0},{"damage":15.0,"enemies":"Book of Stabbing","floor":30.0,"turns":6.0},{"damage":0.0,"enemies":"Snecko","floor":31.0,"turns":7.0},{"damage":3.0,"enemies":"Collector","floor":33.0,"turns":10.0},{"damage":0.0,"enemies":"3 Shapes","floor":35.0,"turns":8.0},{"damage":4.0,"enemies":"Orb Walker","floor":36.0,"turns":6.0},{"damage":57,"enemies":"Reptomancer","floor":40,"turns":7}],"seed_played":"6190951282959933113","potions_obtained":[{"floor":1.0,"key":"FearPotion"},{"floor":2.0,"key":"Explosive Potion"},{"floor":7.0,"key":"PowerPotion"},{"floor":16.0,"key":"Energy Potion"},{"floor":31.0,"key":"PowerPotion"},{"floor":34.0,"key":"SkillPotion"},{"floor":35.0,"key":"Block Potion"}],"is_trial":false,"path_per_floor":["M","M","?","?","M","R","E","R","T","M","M","$","E","?","R","B",null,"M","?","$","?","M","E","M","?","T","R","$","R","E","M","R","B",null,"M","M","?","?","$","E"],"character_chosen":"THE_SILENT","items_purchased":["Footwork","Skewer","SpeedPotion","Noxious Fumes","FearPotion","OrangePellets","Caltrops","PiercingWail","Night Terror"],"campfire_rested":0,"item_purchase_floors":[12,12,20,28,39,39,39,39,39],"current_hp_per_floor":[59,48,48,48,48,48,30,30,30,30,30,30,30,30,30,30,57,52,52,52,52,52,43,43,43,43,43,43,43,28,28,28,25,61,61,57,57,57,57,0],"gold":628,"neow_bonus":"UPGRADE_CARD","is_prod":false,"is_daily":false,"chose_seed":false,"campfire_upgraded":6,"win_rate":0,"timestamp":1556327536,"path_taken":["M","M","?","?","?","R","E","R","T","?","M","$","E","?","R","BOSS","M","?","$","?","?","E","M","?","T","R","$","R","E","M","R","BOSS","M","M","?","?","$","E"],"build_version":"2019-01-23","purchased_purges":4,"victory":false,"max_hp_per_floor":[66,66,66,66,66,66,66,66,66,66,66,66,66,66,66,66,66,66,66,66,66,66,66,66,66,66,66,66,66,66,66,66,66,71,71,71,71,71,71,71],"card_choices":[{"not_picked":["Caltrops","Slice"],"picked":"Flying Knee","floor":1.0},{"not_picked":["Acrobatics","Crippling Poison"],"picked":"Flying Knee","floor":2.0},{"not_picked":["Underhanded Strike","Backflip"],"picked":"Flying Knee","floor":5.0},{"not_picked":["Finisher","Heel Hook"],"picked":"Footwork","floor":7.0},{"not_picked":["Finisher","Prepared","Choke"],"picked":"SKIP","floor":10.0},{"not_picked":["Distraction","Prepared"],"picked":"Leg Sweep","floor":11.0},{"not_picked":["Riddle With Holes","Dagger Throw","All Out Attack"],"picked":"SKIP","floor":13.0},{"not_picked":["Phantasmal Killer","Envenom"],"picked":"After Image","floor":16.0},{"not_picked":["Backflip+1","Flechettes"],"picked":"PiercingWail","floor":18.0},{"not_picked":["Reflex","Eviscerate"],"picked":"Caltrops","floor":22.0},{"not_picked":["Bane","Underhanded Strike"],"picked":"Heel Hook","floor":23.0},{"not_picked":["Dagger Throw","Prepared"],"picked":"Deflect","floor":24.0},{"not_picked":["Cloak And Dagger","Reflex","Blade Dance"],"picked":"SKIP","floor":30.0},{"not_picked":["Blade Dance","Deflect","All Out Attack"],"picked":"SKIP","floor":31.0},{"not_picked":["Phantasmal Killer","Grand Finale"],"picked":"Malaise","floor":33.0},{"not_picked":["Cloak And Dagger","Underhanded Strike"],"picked":"Outmaneuver","floor":34.0},{"not_picked":["Footwork","Terror+1"],"picked":"Blur","floor":35.0},{"not_picked":["Underhanded Strike+1","Endless Agony"],"picked":"PiercingWail","floor":36.0}],"player_experience":827921,"relics_obtained":[{"floor":7.0,"key":"Pen Nib"},{"floor":9.0,"key":"Bag of Preparation"},{"floor":13.0,"key":"Smiling Mask"},{"floor":23.0,"key":"Boot"},{"floor":26.0,"key":"Paper Crane"},{"floor":30.0,"key":"Bottled Lightning"}],"event_choices":[{"cards_removed":["Strike_G"],"damage_healed":0.0,"max_hp_gain":0.0,"max_hp_loss":0.0,"gold_gain":0.0,"event_name":"Living Wall","player_choice":"Forget","floor":3.0,"gold_loss":0.0,"damage_taken":0.0},{"damage_healed":0.0,"max_hp_gain":0.0,"max_hp_loss":0.0,"gold_gain":0.0,"cards_transformed":["Strike_G"],"event_name":"Transmorgrifier","player_choice":"Transformed","floor":4.0,"gold_loss":0.0,"damage_taken":0.0,"cards_obtained":["Burst"]},{"cards_removed":["Flying Knee"],"damage_healed":0.0,"max_hp_gain":0.0,"max_hp_loss":0.0,"gold_gain":0.0,"event_name":"WeMeetAgain","player_choice":"Gave Card","floor":14.0,"gold_loss":0.0,"damage_taken":0.0,"relics_obtained":["Bag of Marbles"]},{"damage_healed":0.0,"max_hp_gain":0.0,"max_hp_loss":0.0,"gold_gain":0.0,"event_name":"The Mausoleum","player_choice":"Opened","floor":19.0,"gold_loss":0.0,"damage_taken":0.0,"relics_obtained":["Centennial Puzzle"],"cards_obtained":["Writhe"]},{"damage_healed":0.0,"max_hp_gain":0.0,"max_hp_loss":0.0,"gold_gain":0.0,"event_name":"Upgrade Shrine","player_choice":"Upgraded","floor":21.0,"gold_loss":0.0,"damage_taken":0.0,"cards_upgraded":["After Image"]},{"damage_healed":0.0,"max_hp_gain":0.0,"max_hp_loss":0.0,"gold_gain":50.0,"event_name":"Nest","player_choice":"Stole From Cult","floor":25.0,"gold_loss":0.0,"damage_taken":0.0},{"damage_healed":0.0,"max_hp_gain":0.0,"max_hp_loss":0.0,"gold_gain":0.0,"event_name":"Tomb of Lord Red Mask","player_choice":"Ignored","floor":37.0,"gold_loss":0.0,"damage_taken":0.0},{"damage_healed":0.0,"max_hp_gain":0.0,"max_hp_loss":0.0,"gold_gain":999.0,"event_name":"MindBloom","player_choice":"Gold","floor":38.0,"gold_loss":0.0,"damage_taken":0.0,"cards_obtained":["Normality","Normality"]}],"is_beta":false,"boss_relics":[{"not_picked":["HoveringKite","Pandora\u0027s Box"],"picked":"Runic Pyramid"},{"not_picked":["Runic Dome","WristBlade"],"picked":"Tiny House"}],"items_purged_floors":[12,20,28,39],"is_endless":false,"potions_floor_spawned":[1,2,7,16,22,31,35],"killed_by":"Reptomancer","ascension_level":17}