{"gold_per_floor":[11,31,45,59,59,89,89,89,89,106,121,121,131,161,161,257,257,257,257,257,257,14,14,14,14,14,14,14,14,14,14,14,14,14,14,14,14,14,14,14,14,14,14,14,14,14,14,14,14,14],"floor_reached":51,"playtime":2114,"items_purged":[],"score":787,"play_id":"d5a5ec14-bd4e-4d13-95bc-baf79e42eed3","local_time":"20181015094009","is_ascension_mode":false,"campfire_choices":[{"data":"Uppercut","floor":7.0,"key":"SMITH"},{"data":"Clothesline","floor":12.0,"key":"SMITH"},{"data":"Iron Wave","floor":15.0,"key":"SMITH"},{"data":"Iron Wave","floor":25.0,"key":"SMITH"},{"data":"Pommel Strike","floor":29.0,"key":"SMITH"},{"data":"Bash","floor":32.0,"key":"SMITH"},{"floor":40.0,"key":"REST"},{"floor":42.0,"key":"REST"},{"floor":49.0,"key":"REST"}],"neow_cost":"NO_GOLD","seed_source_timestamp":0,"circlet_count":0,"master_deck":["Strike_R+1","Strike_R+1","Strike_R+1","Strike_R+1","Strike_R+1","Defend_R+1","Defend_R+1","Defend_R+1","Defend_R+1","Bash+1","Clothesline+1","Iron Wave+1","Uppercut+1","Ghostly Armor+1","Iron Wave+1","Pummel","Forethought+1","Pommel Strike+1","Infernal Blade+1","Reaper+1","Wild Strike+1","True Grit+1","Ghostly Armor+1","Disarm+1","Demon Form","Heavy Blade+1","Spot Weakness+1","Shockwave+1","True Grit+1","Sword Boomerang+1","Pummel+1"],"special_seed":0,"relics":["Burning Blood","Toxic Egg 2","Mercury Hourglass","Molten Egg 2","Ectoplasm","Bottled Lightning","Paper Frog","Unceasing Top","Letter Opener","Tiny Chest","Fusion Hammer","Gambling Chip","Art of War","Gremlin Horn","Regal Pillow","WingedGreaves","Shuriken","Pantograph","Ornamental Fan"],"potions_floor_usage":[50,50,50],"damage_taken":[{"damage":1.0,"enemies":"2 Louse","floor":1.0,"turns":4.0},{"damage":1.0,"enemies":"Cultist","floor":2.0,"turns":4.0},{"damage":0.0,"enemies":"Small Slimes","floor":3.0,"turns":3.0},{"damage":18.0,"enemies":"Gremlin Gang","floor":4.0,"turns":7.0},{"damage":23.0,"enemies":"3 Sentries","floor":6.0,"turns":12.0},{"damage":1.0,"enemies":"Large Slime","floor":10.0,"turns":5.0},{"damage":5.0,"enemies":"3 Louse","floor":11.0,"turns":2.0},{"damage":8.0,"enemies":"Exordium Wildlife","floor":13.0,"turns":4.0},{"damage":10.0,"enemies":"Lagavulin","floor":14.0,"turns":8.0},{"damage":23.0,"enemies":"The Guardian","floor":16.0,"turns":10.0},{"damage":0.0,"enemies":"Spheric Guardian","floor":18.0,"turns":3.0},{"damage":4.0,"enemies":"Shell Parasite","floor":20.0,"turns":4.0},{"damage":30.0,"enemies":"Slavers","floor":23.0,"turns":5.0},{"damage":4.0,"enemies":"Centurion and Healer","floor":24.0,"turns":5.0},{"damage":9.0,"enemies":"3 Cultists","floor":28.0,"turns":5.0},{"damage":4.0,"enemies":"Snake Plant","floor":31.0,"turns":4.0},{"damage":37.0,"enemies":"Champ","floor":33.0,"turns":13.0},{"damage":17.0,"enemies":"3 Darklings","floor":35.0,"turns":4.0},{"damage":14.0,"enemies":"Mysterious Sphere","floor":36.0,"turns":5.0},{"damage":0.0,"enemies":"3 Shapes","floor":37.0,"turns":3.0},{"damage":0.0,"enemies":"Transient","floor":38.0,"turns":5.0},{"damage":18.0,"enemies":"Giant Head","floor":41.0,"turns":7.0},{"damage":1.0,"enemies":"Maw","floor":45.0,"turns":5.0},{"damage":36.0,"enemies":"2 Orb Walkers","floor":47.0,"turns":4.0},{"damage":23,"enemies":"Donu and Deca","floor":50,"turns":6}],"seed_played":"4514275514481312901","potions_obtained":[{"floor":2.0,"key":"Weak Potion"},{"floor":3.0,"key":"LiquidBronze"},{"floor":14.0,"key":"Ancient Potion"},{"floor":16.0,"key":"Fire Potion"},{"floor":23.0,"key":"Energy Potion"},{"floor":36.0,"key":"Fire Potion"}],"is_trial":false,"path_per_floor":["M","M","M","M","?","E","R","?","T","M","M","R","M","E","R","B",null,"M","?","M","T","$","E","M","R","T","T","M","R","?","M","R","B",null,"M","?","M","M","T","R","E","R","T","T","M","T","E","T","R","B"],"character_chosen":"IRONCLAD","items_purchased":["Paper Frog"],"campfire_rested":3,"item_purchase_floors":[22],"current_hp_per_floor":[96,96,96,84,65,48,48,48,48,53,54,54,52,48,48,31,96,96,96,96,96,96,80,90,90,90,90,93,93,93,96,96,70,96,85,77,83,96,96,96,84,96,96,96,96,96,84,84,96,96],"gold":14,"neow_bonus":"TWENTY_PERCENT_HP_BONUS","is_prod":false,"is_daily":false,"chose_seed":false,"campfire_upgraded":6,"win_rate":0,"timestamp":1539621609,"path_taken":["M","M","M","M","?","E","R","?","T","M","M","R","M","E","R","BOSS","M","?","M","?","?","E","?","R","T","?","M","R","?","M","R","BOSS","M","?","M","M","?","R","E","R","T","?","?","?","E","?","R","BOSS"],"build_version":"2018-10-11","purchased_purges":0,"victory":true,"max_hp_per_floor":[96,96,96,96,96,96,96,96,96,96,96,96,96,96,96,96,96,96,96,96,96,96,96,96,96,96,96,96,96,96,96,96,96,96,96,96,96,96,96,96,96,96,96,96,96,96,96,96,96,96],"card_choices":[{"not_picked":["Flex","Thunderclap"],"picked":"Clothesline","floor":1.0},{"not_picked":["Armaments","Thunderclap"],"picked":"Iron Wave","floor":2.0},{"not_picked":["Iron Wave","Seeing Red"],"picked":"Uppercut","floor":3.0},{"not_picked":["Juggernaut","Sentinel"],"picked":"Ghostly Armor","floor":4.0},{"not_picked":["Twin Strike","Cleave"],"picked":"Iron Wave","floor":6.0},{"not_picked":["Dropkick","Wild Strike"],"picked":"Pommel Strike","floor":10.0},{"not_picked":["Pummel","Sentinel+1","Clothesline"],"picked":"SKIP","floor":11.0},{"not_picked":["Perfected Strike","Cleave","Clothesline"],"picked":"SKIP","floor":13.0},{"not_picked":["Wild Strike","Ghostly Armor+1"],"picked":"Infernal Blade+1","floor":14.0},{"not_picked":["Juggernaut","Bludgeon+1"],"picked":"Reaper+1","floor":16.0},{"not_picked":["Body Slam+1","Thunderclap+1"],"picked":"Wild Strike+1","floor":18.0},{"not_picked":["Corruption","Body Slam+1"],"picked":"True Grit+1","floor":20.0},{"not_picked":["Hemokinesis+1","Thunderclap+1","Rage+1"],"picked":"SKIP","floor":23.0},{"not_picked":["Feel No Pain","Pummel+1"],"picked":"Ghostly Armor+1","floor":24.0},{"not_picked":["Armaments+1","Dual Wield+1"],"picked":"Disarm+1","floor":28.0},{"not_picked":["Sever Soul+1","Combust","Twin Strike+1"],"picked":"SKIP","floor":31.0},{"not_picked":["Double Tap+1","Reaper+1"],"picked":"Demon Form","floor":33.0},{"not_picked":["Rage+1","Anger+1"],"picked":"Heavy Blade+1","floor":35.0},{"not_picked":["Twin Strike+1","Headbutt+1"],"picked":"Spot Weakness+1","floor":36.0},{"not_picked":["True Grit+1","Thunderclap+1"],"picked":"Shockwave+1","floor":37.0},{"not_picked":["Entrench+1","Warcry+1"],"picked":"True Grit+1","floor":38.0},{"not_picked":["Feed+1","Shockwave+1","Twin Strike+1"],"picked":"SKIP","floor":41.0},{"not_picked":["Carnage+1","Rampage+1"],"picked":"Sword Boomerang+1","floor":45.0},{"not_picked":["Thunderclap+1","Corruption+1"],"picked":"Pummel+1","floor":47.0}],"player_experience":934148,"relics_obtained":[{"floor":6.0,"key":"Toxic Egg 2"},{"floor":9.0,"key":"Mercury Hourglass"},{"floor":14.0,"key":"Molten Egg 2"},{"floor":21.0,"key":"Bottled Lightning"},{"floor":23.0,"key":"Unceasing Top"},{"floor":26.0,"key":"Letter Opener"},{"floor":27.0,"key":"Tiny Chest"},{"floor":36.0,"key":"Gambling Chip"},{"floor":39.0,"key":"Art of War"},{"floor":41.0,"key":"Gremlin Horn"},{"floor":43.0,"key":"Regal Pillow"},{"floor":44.0,"key":"WingedGreaves"},{"floor":46.0,"key":"Shuriken"},{"floor":47.0,"key":"Pantograph"},{"floor":48.0,"key":"Ornamental Fan"}],"event_choices":[{"event_name":"Shining Light","player_choice":"Entered Light","floor":5.0,"damage_taken":0.0},{"event_name":"Match and Keep!","player_choice":"2 cards matched","floor":8.0,"damage_taken":0.0},{"event_name":"Back to Basics","player_choice":"Simplicity","floor":19.0,"damage_taken":0.0},{"event_name":"Ghosts","player_choice":"Ignored","floor":30.0,"damage_taken":0.0},{"event_name":"Mysterious Sphere","player_choice":"Fight","floor":36.0,"damage_taken":0.0}],"is_beta":false,"boss_relics":[{"not_picked":["Tiny House","Black Star"],"picked":"Ectoplasm"},{"not_picked":["Eternal Feather","Busted Crown"],"picked":"Fusion Hammer"}],"items_purged_floors":[],"is_endless":false,"potions_floor_spawned":[2,3,14,16,23,28,36,37],"ascension_level":0}