{"gold_per_floor":[112,123,48,65,14,14,42,42,42,56,56,67,67,86,86,163,163,179,179],"floor_reached":19,"playtime":845,"items_purged":[],"score":296,"play_id":"1bad7e52-1533-4988-9a1b-13dc5c7db9f1","local_time":"20181016160932","is_ascension_mode":true,"campfire_choices":[{"data":"Zap","floor":6,"key":"SMITH"},{"data":"White Noise","floor":11,"key":"SMITH"},{"data":"Defragment","floor":13,"key":"SMITH"},{"data":"Cold Snap","floor":15,"key":"SMITH"}],"neow_cost":"NONE","seed_source_timestamp":11574909237660,"circlet_count":0,"master_deck":["Strike_B","Strike_B","Defend_B","Defend_B","Defend_B","Defend_B","Zap+1","Dualcast","AscendersBane","Glacier","White Noise+1","Cold Snap+1","Leap","Defragment+1","Electrodynamics","Hologram+1"],"relics":["Cracked Core","Gremlin Horn","Orichalcum","Inserter"],"potions_floor_usage":[16,16],"damage_taken":[{"damage":0,"enemies":"2 Louse","floor":1,"turns":3},{"damage":3,"enemies":"Jaw Worm","floor":2,"turns":5},{"damage":3,"enemies":"Small Slimes","floor":4,"turns":4},{"damage":16,"enemies":"3 Sentries","floor":7,"turns":9},{"damage":8,"enemies":"Exordium Wildlife","floor":10,"turns":3},{"damage":0,"enemies":"Looter","floor":12,"turns":4},{"damage":0,"enemies":"2 Fungi Beasts","floor":14,"turns":4},{"damage":9,"enemies":"Slime Boss","floor":16,"turns":12},{"damage":12,"enemies":"3 Byrds","floor":18,"turns":4},{"damage":22,"enemies":"Colosseum Slavers","floor":19,"turns":5},{"damage":32,"enemies":"Colosseum Nobs","floor":19,"turns":3}],"seed_played":"-1977568361645074033","potions_obtained":[{"floor":2,"key":"SteroidPotion"},{"floor":10,"key":"Explosive Potion"},{"floor":14,"key":"SkillPotion"}],"is_trial":false,"path_per_floor":["M","M","?","M","$","R","E","?","T","M","R","M","R","M","R","B",null,"M"],"character_chosen":"DEFECT","items_purchased":["Cold Snap"],"campfire_rested":0,"item_purchase_floors":[5],"current_hp_per_floor":[71,68,68,65,65,65,49,42,42,34,34,34,34,34,34,25,65,53,0],"gold":179,"neow_bonus":"TEN_PERCENT_HP_BONUS","is_prod":false,"is_daily":false,"chose_seed":false,"campfire_upgraded":4,"win_rate":0,"timestamp":1539731372,"path_taken":["M","M","?","M","$","R","E","?","T","M","R","M","R","M","R","BOSS","M","?"],"build_version":"2018-10-11","purchased_purges":0,"victory":false,"max_hp_per_floor":[78,78,78,78,78,78,78,78,78,78,78,78,78,78,78,78,78,78,78],"card_choices":[{"not_picked":["Barrage","Hologram"],"picked":"Glacier","floor":1},{"not_picked":["Reinforced Body","Leap"],"picked":"White Noise","floor":2},{"not_picked":["Recycle","Double Energy","Rebound"],"picked":"SKIP","floor":4},{"not_picked":["Sweeping Beam","Double Energy"],"picked":"Leap","floor":7},{"not_picked":["Redo","Go for the Eyes"],"picked":"Defragment","floor":10},{"not_picked":["Fusion","Reprogram","Rip and Tear"],"picked":"SKIP","floor":12},{"not_picked":["Gash","Redo","Beam Cell"],"picked":"SKIP","floor":14},{"not_picked":["Creative AI","Hyperbeam"],"picked":"Electrodynamics","floor":16},{"not_picked":["Go for the Eyes","Leap+1"],"picked":"Hologram+1","floor":18}],"player_experience":944683,"relics_obtained":[{"floor":7,"key":"Gremlin Horn"},{"floor":9,"key":"Orichalcum"}],"event_choices":[{"event_name":"The Cleric","player_choice":"Card Removal","floor":3,"damage_taken":0},{"event_name":"Golden Wing","player_choice":"Card Removal","floor":8,"damage_taken":0},{"event_name":"Colosseum","player_choice":"Fight","floor":19,"damage_taken":0},{"event_name":"Colosseum","player_choice":"Fought Nobs","floor":19,"damage_taken":0}],"is_beta":false,"boss_relics":[{"not_picked":["Empty Cage","Calling Bell"],"picked":"Inserter"}],"items_purged_floors":[],"is_endless":false,"potions_floor_spawned":[2,10,14,19],"killed_by":"Colosseum Nobs","ascension_level":15}