{"gold_per_floor":[209,220,15,15,30,63,63,76,128,154,154,1,1],"floor_reached":13,"playtime":790,"items_purged":["Strike_B"],"score":163,"play_id":"f8425d02-5a42-46df-a7e2-f143ec63fd22","local_time":"20190123233506","is_ascension_mode":true,"campfire_choices":[{"data":"Zap","floor":7,"key":"SMITH"},{"floor":11,"key":"REST"}],"neow_cost":"NONE","seed_source_timestamp":17115963719598,"circlet_count":0,"master_deck":["AscendersBane","Strike_B","Strike_B","Strike_B","Defend_B","Defend_B","Defend_B","Defend_B","Zap+1","Dualcast","Steam","Cold Snap","BootSequence","Sunder","Capacitor","Compile Driver","Self Repair","Fission"],"relics":["Cracked Core","Singing Bowl","Smiling Mask","Centennial Puzzle"],"potions_floor_usage":[6,10],"damage_taken":[{"damage":5,"enemies":"Small Slimes","floor":1,"turns":5},{"damage":0,"enemies":"2 Louse","floor":2,"turns":2},{"damage":0,"enemies":"Cultist","floor":5,"turns":3},{"damage":33,"enemies":"Gremlin Nob","floor":6,"turns":5},{"damage":0,"enemies":"2 Fungi Beasts","floor":8,"turns":2},{"damage":17,"enemies":"Lagavulin","floor":10,"turns":6},{"damage":36,"enemies":"The Mushroom Lair","floor":13,"turns":4}],"seed_played":"2482436185773418941","potions_obtained":[{"floor":2,"key":"Energy Potion"},{"floor":5,"key":"Weak Potion"}],"is_trial":false,"path_per_floor":["M","M","$","?","M","E","R","M","T","E","R","$","?"],"character_chosen":"DEFECT","items_purchased":["Cold Snap","BootSequence","Fission"],"campfire_rested":1,"item_purchase_floors":[3,3,12],"current_hp_per_floor":[59,59,59,59,59,26,26,26,26,9,30,30,0],"gold":1,"neow_bonus":"HUNDRED_GOLD","is_prod":false,"is_daily":false,"chose_seed":false,"campfire_upgraded":1,"win_rate":0,"timestamp":1548308106,"path_taken":["M","M","$","?","M","E","R","M","T","E","R","$","?"],"build_version":"2019-01-23","purchased_purges":1,"victory":false,"max_hp_per_floor":[71,71,71,71,71,71,71,71,71,71,71,71,71],"card_choices":[{"not_picked":["Reprogram","Streamline"],"picked":"Steam","floor":1},{"not_picked":["Chaos","Hologram","Barrage"],"picked":"SKIP","floor":2},{"not_picked":["Cold Snap","Coolheaded"],"picked":"Sunder","floor":5},{"not_picked":["Hologram","Chaos"],"picked":"Capacitor","floor":6},{"not_picked":["Lockon","Redo"],"picked":"Compile Driver","floor":8},{"not_picked":["Aggregate","Tempest"],"picked":"Self Repair","floor":10}],"player_experience":493910,"relics_obtained":[{"floor":6,"key":"Singing Bowl"},{"floor":9,"key":"Smiling Mask"},{"floor":10,"key":"Centennial Puzzle"}],"event_choices":[{"damage_healed":0,"gold_gain":0,"player_choice":"Leave","damage_taken":0,"max_hp_gain":0,"max_hp_loss":0,"event_name":"The Cleric","floor":4,"gold_loss":0},{"damage_healed":0,"gold_gain":0,"player_choice":"Fought Mushrooms","damage_taken":0,"max_hp_gain":0,"max_hp_loss":0,"event_name":"Mushrooms","floor":13,"gold_loss":0}],"is_beta":false,"boss_relics":[],"items_purged_floors":[3],"is_endless":false,"potions_floor_spawned":[2,5],"killed_by":"The Mushroom Lair","ascension_level":15}