{"gold_per_floor":[218,218,233,233,247,247,281,292,292,292,319,167,177,194,194,291,291,306,137,137,153,163,163],"floor_reached":23,"playtime":1395,"items_purged":["Strike_B","Strike_B"],"score":233,"play_id":"60f507df-2562-4b1d-b7b1-9261acefe036","local_time":"20190423181157","is_ascension_mode":true,"campfire_choices":[{"data":"Dualcast","floor":6.0,"key":"SMITH"},{"floor":10.0,"key":"RECALL"},{"data":"Defragment","floor":15.0,"key":"SMITH"}],"neow_cost":"NONE","seed_source_timestamp":0,"circlet_count":0,"master_deck":["Strike_B+1","Defend_B","Defend_B","Defend_B","Zap+1","Dualcast+1","Conserve Battery+1","Chill","Seek","Defragment+1","Genetic Algorithm","Echo Form","Defragment","Glacier+1","Self Repair"],"special_seed":0,"relics":["Cracked Core","Orichalcum","Ornamental Fan","Empty Cage"],"potions_floor_usage":[23],"damage_taken":[{"damage":0.0,"enemies":"2 Louse","floor":1.0,"turns":2.0},{"damage":0.0,"enemies":"Jaw Worm","floor":3.0,"turns":3.0},{"damage":0.0,"enemies":"Cultist","floor":5.0,"turns":3.0},{"damage":10.0,"enemies":"3 Sentries","floor":7.0,"turns":10.0},{"damage":0.0,"enemies":"Exordium Wildlife","floor":8.0,"turns":2.0},{"damage":24.0,"enemies":"Gremlin Nob","floor":11.0,"turns":5.0},{"damage":0.0,"enemies":"Large Slime","floor":13.0,"turns":5.0},{"damage":5.0,"enemies":"Red Slaver","floor":14.0,"turns":3.0},{"damage":12.0,"enemies":"The Guardian","floor":16.0,"turns":12.0},{"damage":25.0,"enemies":"2 Thieves","floor":18.0,"turns":5.0},{"damage":15.0,"enemies":"3 Byrds","floor":21.0,"turns":5.0},{"damage":4.0,"enemies":"Snake Plant","floor":22.0,"turns":6.0},{"damage":33,"enemies":"Gremlin Leader","floor":23,"turns":5}],"seed_played":"6285489290394125389","potions_obtained":[{"floor":3.0,"key":"SteroidPotion"},{"floor":7.0,"key":"Strength Potion"},{"floor":14.0,"key":"Swift Potion"},{"floor":16.0,"key":"GamblersBrew"},{"floor":22,"key":"Block Potion"}],"is_trial":false,"path_per_floor":["M","?","M","?","M","R","E","M","T","R","E","$","M","M","R","B",null,"M","$","?","M","M","E"],"character_chosen":"DEFECT","items_purchased":["Defragment","Defragment"],"campfire_rested":0,"item_purchase_floors":[12,19],"current_hp_per_floor":[75,60,60,60,60,60,50,50,50,50,26,26,26,21,21,9,75,50,50,50,35,31,0],"gold":163,"neow_bonus":"HUNDRED_GOLD","is_prod":false,"is_daily":false,"chose_seed":false,"campfire_upgraded":2,"win_rate":0,"timestamp":1556057517,"path_taken":["M","?","M","?","?","R","E","?","T","R","E","$","M","M","R","BOSS","M","$","?","M","M","E"],"build_version":"2019-01-23","purchased_purges":2,"victory":false,"max_hp_per_floor":[75,75,75,75,75,75,75,75,75,75,75,75,75,75,75,75,75,75,75,75,75,75,75],"card_choices":[{"not_picked":["Turbo","Beam Cell"],"picked":"Conserve Battery","floor":1.0},{"not_picked":["Hologram","Blizzard","Reprogram"],"picked":"SKIP","floor":3.0},{"not_picked":["Steam","Streamline"],"picked":"Chill","floor":5.0},{"not_picked":["Gash","Undo","Compile Driver"],"picked":"SKIP","floor":7.0},{"not_picked":["Compile Driver","Hologram","Static Discharge"],"picked":"SKIP","floor":8.0},{"not_picked":["Hologram","Coolheaded"],"picked":"Seek","floor":11.0},{"not_picked":["Stack","Conserve Battery"],"picked":"Genetic Algorithm","floor":13.0},{"not_picked":["Go for the Eyes","Static Discharge","Steam"],"picked":"SKIP","floor":14.0},{"not_picked":["All For One","Biased Cognition"],"picked":"Echo Form","floor":16.0},{"not_picked":["Conserve Battery+1","FTL","Turbo"],"picked":"SKIP","floor":18.0},{"not_picked":["Coolheaded+1","Chaos"],"picked":"Glacier+1","floor":21.0},{"not_picked":["Genetic Algorithm","Double Energy"],"picked":"Self Repair","floor":22}],"player_experience":85246,"relics_obtained":[{"floor":7.0,"key":"Orichalcum"},{"floor":11.0,"key":"Ornamental Fan"}],"event_choices":[{"damage_healed":0.0,"max_hp_gain":0.0,"max_hp_loss":0.0,"gold_gain":0.0,"event_name":"Shining Light","player_choice":"Entered Light","floor":2.0,"gold_loss":0.0,"damage_taken":15.0,"cards_upgraded":["Conserve Battery","Strike_B"]},{"damage_healed":0.0,"max_hp_gain":0.0,"max_hp_loss":0.0,"gold_gain":0.0,"event_name":"Accursed Blacksmith","player_choice":"Forge","floor":4.0,"gold_loss":0.0,"damage_taken":0.0,"cards_upgraded":["Zap"]},{"damage_healed":0.0,"max_hp_gain":0.0,"max_hp_loss":0.0,"gold_gain":0.0,"event_name":"The Mausoleum","player_choice":"Ignored","floor":20.0,"gold_loss":0.0,"damage_taken":0.0}],"is_beta":false,"boss_relics":[{"not_picked":["Philosopher\u0027s Stone","Eternal Feather"],"picked":"Empty Cage"}],"items_purged_floors":[12,19],"is_endless":false,"potions_floor_spawned":[3,7,14,16,22],"killed_by":"Gremlin Leader","ascension_level":3}