{"gold_per_floor":[14,189,205,217,94,94,125,125,125,150,165,26,43,43,43,140,140,159,159,159,159,59,59,85,85,131,146,162,162,182,182],"floor_reached":31,"playtime":2064,"items_purged":["Strike_B","Strike_B"],"score":408,"play_id":"394cb151-176d-4ce1-8f1c-8363b83ae6f9","local_time":"20180902204446","is_ascension_mode":true,"campfire_choices":[{"data":"Zap","floor":6.0,"key":"SMITH"},{"data":"Dualcast","floor":8.0,"key":"SMITH"},{"data":"Beam Cell","floor":15,"key":"SMITH"},{"floor":23,"key":"REST"},{"data":"Scrape","floor":25,"key":"SMITH"},{"floor":29,"key":"REST"}],"neow_cost":"NO_GOLD","seed_source_timestamp":35708547665262,"circlet_count":0,"master_deck":["Strike_B","Strike_B","Defend_B","Defend_B","Defend_B","Defend_B","Zap+1","Dualcast+1","AscendersBane","All For One","FTL","Doubt","Cold Snap","Cold Snap","Beam Cell+1","Leap","Gash","Ball Lightning","Scrape+1","Auto Shields","Pain","Steam","Reprogram+1"],"special_seed":0,"relics":["Cracked Core","Dodecahedron","Orichalcum","Ancient Tea Set","Cursed Key","Question Card","Potion Belt","Pen Nib"],"potions_floor_usage":[18,24,24,24,31],"damage_taken":[{"damage":9.0,"enemies":"Jaw Worm","floor":1.0,"turns":3.0},{"damage":10.0,"enemies":"Small Slimes","floor":3.0,"turns":3.0},{"damage":0.0,"enemies":"Cultist","floor":4.0,"turns":3.0},{"damage":16.0,"enemies":"Lagavulin","floor":7.0,"turns":5.0},{"damage":3.0,"enemies":"3 Sentries","floor":10.0,"turns":5.0},{"damage":8.0,"enemies":"Blue Slaver","floor":11.0,"turns":3.0},{"damage":0.0,"enemies":"2 Fungi Beasts","floor":13.0,"turns":3.0},{"damage":11,"enemies":"The Guardian","floor":16,"turns":9},{"damage":3,"enemies":"3 Byrds","floor":18,"turns":5},{"damage":27,"enemies":"Colosseum Slavers","floor":19,"turns":5},{"damage":26,"enemies":"Gremlin Leader","floor":24,"turns":7},{"damage":14,"enemies":"Shell Parasite","floor":27,"turns":6},{"damage":16,"enemies":"Centurion and Healer","floor":28,"turns":5},{"damage":19,"enemies":"Snake Plant","floor":30,"turns":4},{"damage":11,"enemies":"Shelled Parasite and Fungi","floor":31,"turns":1}],"seed_played":"-6992320257173771758","potions_obtained":[{"floor":1.0,"key":"SpeedPotion"},{"floor":4.0,"key":"Regen Potion"},{"floor":7.0,"key":"Fire Potion"},{"floor":13.0,"key":"GamblersBrew"},{"floor":16,"key":"SteroidPotion"},{"floor":18,"key":"Fire Potion"},{"floor":21,"key":"EntropicBrew"},{"floor":30,"key":"FearPotion"}],"is_trial":false,"path_per_floor":["M","?","M","M","$","R","E","R","T","E","M","$","M","?","R","B",null,"M","?","?","?","$","R","E","R","T","M","M","R","M"],"character_chosen":"DEFECT","items_purchased":["Beam Cell","Scrape","Auto Shields"],"campfire_rested":2,"item_purchase_floors":[5,12,12],"current_hp_per_floor":[59,59,49,49,49,49,47,47,47,44,36,36,36,61,61,50,69,66,39,39,39,39,61,35,35,35,21,5,27,8,0],"gold":182,"neow_bonus":"THREE_RARE_CARDS","is_prod":false,"is_daily":false,"chose_seed":false,"campfire_upgraded":4,"win_rate":0,"timestamp":1535939086,"path_taken":["M","?","?","M","$","R","E","R","T","E","M","$","M","?","R","BOSS","M","?","?","?","$","R","E","R","T","M","?","R","M","M"],"build_version":"2018-08-30","purchased_purges":2,"victory":false,"max_hp_per_floor":[75,75,75,75,75,75,75,75,75,75,75,75,75,75,75,75,75,75,75,75,75,75,75,75,75,75,75,75,75,75,75],"card_choices":[{"not_picked":["Core Surge","Meteor Strike"],"picked":"All For One","floor":0.0},{"not_picked":["Beam Cell","Tempest"],"picked":"FTL","floor":1.0},{"not_picked":["Rebound","Barrage"],"picked":"Cold Snap","floor":3.0},{"not_picked":["Blizzard","Rebound"],"picked":"Cold Snap","floor":4.0},{"not_picked":["Hologram","Meteor Strike"],"picked":"Leap","floor":7.0},{"not_picked":["Barrage","Recycle"],"picked":"Gash","floor":10.0},{"not_picked":["Turbo","Doom and Gloom"],"picked":"Ball Lightning","floor":11.0},{"not_picked":["Chaos","Sweeping Beam","Turbo"],"picked":"SKIP","floor":13.0},{"not_picked":["Steam","Doom and Gloom+1","Reinforced Body"],"picked":"SKIP","floor":18},{"not_picked":["Static Discharge","Loop","Lockon","Storm"],"picked":"SKIP","floor":24},{"not_picked":["Sunder","Tempest","Turbo","Darkness"],"picked":"SKIP","floor":27},{"not_picked":["Redo","Rebound+1","Coolheaded"],"picked":"Steam","floor":28},{"not_picked":["Redo","Fusion","Darkness+1"],"picked":"Reprogram+1","floor":30}],"player_experience":396348,"relics_obtained":[{"floor":7.0,"key":"Dodecahedron"},{"floor":9.0,"key":"Orichalcum"},{"floor":10.0,"key":"Ancient Tea Set"},{"floor":24,"key":"Potion Belt"},{"floor":26,"key":"Pen Nib"}],"event_choices":[{"event_name":"Liars Game","player_choice":"agreed","floor":2.0,"damage_taken":0.0},{"event_name":"Big Fish","player_choice":"Banana","floor":14.0,"damage_taken":0.0},{"event_name":"Colosseum","player_choice":"Fight","floor":19,"damage_taken":0},{"event_name":"Colosseum","player_choice":"Fled From Nobs","floor":19,"damage_taken":0},{"event_name":"The Mausoleum","player_choice":"Yes","floor":20,"damage_taken":0},{"event_name":"The Lab","player_choice":"Got Potions","floor":21,"damage_taken":0}],"is_beta":false,"boss_relics":[{"not_picked":["Astrolabe","Runic Pyramid"],"picked":"Cursed Key"}],"items_purged_floors":[5,22],"is_endless":false,"potions_floor_spawned":[1,4,7,13,16,18,30],"killed_by":"Shelled Parasite and Fungi","ascension_level":11}