{"path_per_floor":["M","?","?","$","?","R","M","E","T","R","E","R","E","M","R","B",null,"M","M","?","?","M","R","E","R","T","R","M","E","R","$","R","B",null,"M","M","?","$","?","R","$","M","T","M","E","M","R","M","R","B"],"character_chosen":"IRONCLAD","items_purchased":["Pear","Mercury Hourglass","Flex"],"gold_per_floor":[110,110,110,35,110,110,129,158,181,181,239,239,270,286,286,389,389,405,424,424,424,444,444,472,472,472,472,487,518,518,273,273,371,371,387,401,401,57,112,112,66,83,83,103,136,151,151,162,162,162],"floor_reached":51,"campfire_rested":1,"playtime":2351,"current_hp_per_floor":[78,78,78,78,67,67,73,79,79,79,69,69,56,62,62,9,62,52,34,34,18,33,33,24,24,24,24,33,17,17,27,61,29,57,50,45,45,45,41,41,41,45,45,51,57,59,59,57,57,38],"items_purged":["Strike_R","Normality"],"gold":162,"score":1145,"play_id":"9f9f0e0e-028a-447f-8edf-521d832242b8","local_time":"20180422032236","is_prod":false,"is_daily":false,"chose_seed":false,"is_ascension_mode":true,"campfire_upgraded":0,"timestamp":1524392556,"path_taken":["M","?","?","$","?","R","M","E","T","R","E","R","E","M","R","BOSS","M","M","?","?","M","R","E","R","T","R","M","E","R","$","R","BOSS","M","M","?","$","?","R","$","M","T","M","E","?","R","M","R","BOSS"],"build_version":"2018-04-19","seed_source_timestamp":144858948730264,"purchased_purges":3,"victory":true,"master_deck":["Defend_R","Defend_R","Defend_R","Defend_R","Bash","Iron Wave","Seeing Red","Cleave","Clash","Clothesline","Iron Wave","Offering","Clash","Metallicize+1","Bite","Bite","Bite","Bite","Bite","Necronomicurse","Disarm+1","Iron Wave+1","Blood for Blood","Offering","Spot Weakness+1","Heavy Blade+1","Flex","Intimidate+1","Shrug It Off+1","Bloodletting+1","Shrug It Off+1"],"max_hp_per_floor":[80,80,80,80,80,80,80,80,80,80,80,80,80,80,80,80,80,80,80,56,56,56,56,56,56,56,56,56,56,56,66,66,66,66,66,66,66,66,66,66,66,66,66,66,66,66,66,66,66,66],"relics":["Burning Blood","NeowsBlessing","Shovel","Spirit Poop","Bag of Marbles","Centennial Puzzle","Ancient Tea Set","Orichalcum","Tiny Chest","Girya","Regal Pillow","Mark of Pain","Necronomicon","Sundial","Letter Opener","Pen Nib","Matryoshka","Lantern","Pear","Sozu","Prayer Wheel","Mercury Hourglass","Ice Cream","Vajra","Blood Vial","Red Skull","Dodecahedron","Torii","Bottled Flame"],"card_choices":[{"not_picked":["Twin Strike","Sever Soul"],"picked":"Iron Wave","floor":1},{"not_picked":["Heavy Blade","Havoc"],"picked":"Seeing Red","floor":7},{"not_picked":["Spot Weakness","Sever Soul"],"picked":"Cleave","floor":8},{"not_picked":["Havoc","Body Slam"],"picked":"Clash","floor":11},{"not_picked":["Perfected Strike","Whirlwind"],"picked":"Clothesline","floor":13},{"not_picked":["Searing Blow","Thunderclap"],"picked":"Iron Wave","floor":14},{"not_picked":["Barricade","Juggernaut"],"picked":"Offering","floor":16},{"not_picked":["Cleave","Dual Wield"],"picked":"Clash","floor":18},{"not_picked":["Sentinel","Battle Trance"],"picked":"Metallicize","floor":19},{"not_picked":["Body Slam","Searing Blow"],"picked":"Disarm","floor":22},{"not_picked":["Clash","Infernal Blade"],"picked":"Iron Wave","floor":28},{"not_picked":["Thunderclap","Clash"],"picked":"Blood for Blood","floor":29},{"not_picked":["Fiend Fire","Reaper"],"picked":"Offering","floor":33},{"not_picked":["Perfected Strike","Anger"],"picked":"Spot Weakness","floor":36},{"not_picked":["Anger","Reckless Charge"],"picked":"Heavy Blade","floor":39},{"not_picked":["Spot Weakness","Ghostly Armor"],"picked":"Intimidate","floor":43},{"not_picked":["Sword Boomerang","Bloodletting"],"picked":"Shrug It Off","floor":44},{"not_picked":["Second Wind","Body Slam"],"picked":"Bloodletting","floor":46},{"not_picked":["Impervious","Sword Boomerang"],"picked":"Shrug It Off","floor":48}],"player_experience":353963,"potions_floor_usage":[16,29,29,33],"damage_taken":[{"damage":0,"enemies":"Cultist","floor":1,"turns":1},{"damage":0,"enemies":"2 Louse","floor":7,"turns":1},{"damage":0,"enemies":"Gremlin Nob","floor":8,"turns":1},{"damage":16,"enemies":"3 Sentries","floor":11,"turns":7},{"damage":19,"enemies":"Lagavulin","floor":13,"turns":4},{"damage":0,"enemies":"Small Slimes","floor":14,"turns":2},{"damage":74,"enemies":"Hexaghost","floor":16,"turns":12},{"damage":16,"enemies":"2 Thieves","floor":18,"turns":3},{"damage":24,"enemies":"Spheric Guardian","floor":19,"turns":4},{"damage":7,"enemies":"Cultist and Chosen","floor":22,"turns":5},{"damage":23,"enemies":"Book of Stabbing","floor":24,"turns":4},{"damage":7,"enemies":"Chosen and Byrds","floor":28,"turns":3},{"damage":30,"enemies":"Gremlin Leader","floor":29,"turns":3},{"damage":52,"enemies":"Champ","floor":33,"turns":7},{"damage":17,"enemies":"3 Shapes","floor":35,"turns":4},{"damage":25,"enemies":"3 Darklings","floor":36,"turns":6},{"damage":14,"enemies":"Mysterious Sphere","floor":39,"turns":3},{"damage":8,"enemies":"Sphere and 2 Shapes","floor":42,"turns":2},{"damage":4,"enemies":"4 Shapes","floor":44,"turns":1},{"damage":8,"enemies":"Nemesis","floor":45,"turns":1},{"damage":12,"enemies":"3 Darklings","floor":46,"turns":2},{"damage":12,"enemies":"Sphere and 2 Shapes","floor":48,"turns":4},{"damage":39,"enemies":"Donu and Deca","floor":50,"turns":6}],"event_choices":[{"event_name":"Big Fish","player_choice":"Box","floor":2,"damage_taken":0},{"event_name":"Bonfire Elementals","player_choice":"CURSE","floor":3,"damage_taken":0},{"event_name":"World of Goop","player_choice":"Gather Gold","floor":5,"damage_taken":0},{"event_name":"Vampires","player_choice":"Became a vampire","floor":20,"damage_taken":0},{"event_name":"Cursed Tome","player_choice":"Obtained Book","floor":21,"damage_taken":0},{"event_name":"Accursed Blacksmith","player_choice":"Rummage","floor":37,"damage_taken":0},{"event_name":"Mysterious Sphere","player_choice":"Fight","floor":39,"damage_taken":0}],"boss_relics":[{"not_picked":["Runic Cube","Runic Dome"],"picked":"Mark of Pain"},{"not_picked":["Eternal Feather","Lizard Tail"],"picked":"Sozu"}],"potions_floor_spawned":[7,13,16,18,19,33,39,44,46,48],"seed_played":"-6735877790839004681","ascension_level":7,"is_trial":false}