{"gold_per_floor":[118,133,9,9,9,9,25,60,60,74,103,103,120,138,138,241,241,251,241,251,266,39,39,52,52,79,79],"floor_reached":27,"playtime":2486,"items_purged":["Shame"],"score":428,"play_id":"1f3719ba-387e-4011-b163-e897c4f4568b","local_time":"20190130201224","is_ascension_mode":true,"campfire_choices":[{"data":"Armaments","floor":6.0,"key":"SMITH"},{"data":"Havoc","floor":12.0,"key":"SMITH"},{"data":"Bash","floor":15.0,"key":"SMITH"},{"floor":23.0,"key":"REST"},{"data":"Dark Embrace","floor":25.0,"key":"SMITH"}],"neow_cost":"CURSE","seed_source_timestamp":468059983051259,"circlet_count":0,"master_deck":["AscendersBane","Strike_R","Strike_R+1","Strike_R","Strike_R","Strike_R","Defend_R","Defend_R+1","Defend_R","Defend_R","Bash+1","Feed","Armaments+1","Feel No Pain","Havoc+1","Cleave","Warcry","Sentinel","Dark Embrace+1","Bloodletting","Reckless Charge","Uppercut+1","True Grit","Offering","Feel No Pain","Havoc","Impervious"],"special_seed":0,"relics":["Burning Blood","FossilizedHelix","Potion Belt","Ornamental Fan","Bottled Flame","Eternal Feather","Ancient Tea Set"],"potions_floor_usage":[],"damage_taken":[{"damage":20.0,"enemies":"Jaw Worm","floor":1.0,"turns":5.0},{"damage":4.0,"enemies":"2 Louse","floor":2.0,"turns":3.0},{"damage":0.0,"enemies":"Cultist","floor":7.0,"turns":4.0},{"damage":19.0,"enemies":"Lagavulin","floor":8.0,"turns":10.0},{"damage":23.0,"enemies":"Gremlin Gang","floor":10.0,"turns":5.0},{"damage":0.0,"enemies":"3 Sentries","floor":11.0,"turns":5.0},{"damage":0.0,"enemies":"Looter","floor":13.0,"turns":3.0},{"damage":0.0,"enemies":"Exordium Wildlife","floor":14.0,"turns":3.0},{"damage":29.0,"enemies":"The Guardian","floor":16.0,"turns":16.0},{"damage":2.0,"enemies":"Shell Parasite","floor":18.0,"turns":10.0},{"damage":30.0,"enemies":"2 Thieves","floor":19.0,"turns":4.0},{"damage":22.0,"enemies":"Cultist and Chosen","floor":20.0,"turns":9.0},{"damage":50.0,"enemies":"Snake Plant","floor":21.0,"turns":7.0},{"damage":24.0,"enemies":"Sentry and Sphere","floor":24.0,"turns":12.0},{"damage":69,"enemies":"Gremlin Leader","floor":27,"turns":8}],"seed_played":"8158062044064173938","potions_obtained":[{"floor":1.0,"key":"Swift Potion"},{"floor":10.0,"key":"LiquidBronze"},{"floor":16.0,"key":"Energy Potion"},{"floor":24.0,"key":"FearPotion"}],"is_trial":false,"path_per_floor":["M","M","$","?","?","R","M","E","T","M","E","R","M","M","R","B",null,"M","M","M","M","$","R","M","R","T","E"],"character_chosen":"IRONCLAD","items_purchased":["Energy Potion","Offering","Feel No Pain","Havoc"],"campfire_rested":1,"item_purchase_floors":[3,22,22,22],"current_hp_per_floor":[61,66,66,49,49,49,58,48,48,34,40,40,49,58,58,35,85,93,69,56,12,12,59,45,60,60,0],"gold":79,"neow_bonus":"THREE_RARE_CARDS","is_prod":false,"is_daily":false,"chose_seed":false,"campfire_upgraded":4,"win_rate":0,"timestamp":1548875544,"path_taken":["M","M","$","?","?","R","M","E","T","M","E","R","?","M","R","BOSS","M","M","?","M","$","R","M","R","T","E"],"build_version":"2019-01-23","purchased_purges":1,"victory":false,"max_hp_per_floor":[83,86,86,86,86,86,89,92,92,95,95,95,98,101,101,101,101,105,105,108,108,108,108,112,112,112,112],"card_choices":[{"not_picked":["Immolate","Brutality"],"picked":"Feed","floor":0.0},{"not_picked":["Havoc","Clash"],"picked":"Armaments","floor":1.0},{"not_picked":["Iron Wave","Sentinel"],"picked":"Feel No Pain","floor":2.0},{"not_picked":["Warcry","Perfected Strike"],"picked":"Havoc","floor":7.0},{"not_picked":["Anger","Double Tap"],"picked":"Cleave","floor":8.0},{"not_picked":["Twin Strike","Cleave"],"picked":"Warcry","floor":10.0},{"not_picked":["Flex","Cleave","Rupture"],"picked":"SKIP","floor":11.0},{"not_picked":["Searing Blow","Perfected Strike","Hemokinesis"],"picked":"SKIP","floor":13.0},{"not_picked":["Evolve","Warcry"],"picked":"Sentinel","floor":14.0},{"not_picked":["Offering","Fiend Fire"],"picked":"Dark Embrace","floor":16.0},{"not_picked":["Perfected Strike","Cleave"],"picked":"Bloodletting","floor":18.0},{"not_picked":["Power Through","Anger"],"picked":"Reckless Charge","floor":19.0},{"not_picked":["Shockwave","Wild Strike+1"],"picked":"Uppercut+1","floor":20.0},{"not_picked":["Wild Strike","Cleave"],"picked":"True Grit","floor":21.0},{"not_picked":["Thunderclap+1","Perfected Strike"],"picked":"Impervious","floor":24.0}],"player_experience":193528,"relics_obtained":[{"floor":8.0,"key":"Potion Belt"},{"floor":9.0,"key":"Ornamental Fan"},{"floor":11.0,"key":"Bottled Flame"},{"floor":26.0,"key":"Ancient Tea Set"}],"event_choices":[{"damage_healed":0.0,"max_hp_gain":0.0,"max_hp_loss":0.0,"gold_gain":0.0,"event_name":"Shining Light","player_choice":"Entered Light","floor":4.0,"gold_loss":0.0,"damage_taken":17.0,"cards_upgraded":["Defend_R","Strike_R"]},{"damage_healed":0.0,"max_hp_gain":0.0,"max_hp_loss":0.0,"gold_gain":0.0,"event_name":"WeMeetAgain","player_choice":"Gave Potion","floor":5.0,"gold_loss":0.0,"damage_taken":0.0,"relics_obtained":["FossilizedHelix"]}],"is_beta":false,"boss_relics":[{"not_picked":["Fusion Hammer","Calling Bell"],"picked":"Eternal Feather"}],"items_purged_floors":[3],"is_endless":false,"potions_floor_spawned":[1,10,16,24],"killed_by":"Gremlin Leader","ascension_level":10}