{"gold_per_floor":[19,33,83,101,115,115,40,40,40,73,89,364,364,375,375,375],"floor_reached":16,"playtime":608,"items_purged":["Strike_G"],"score":189,"play_id":"8798cbef-a019-4802-9c43-6d3362802a96","local_time":"20181106004442","is_ascension_mode":true,"campfire_choices":[{"data":"Die Die Die","floor":6,"key":"SMITH"},{"data":"Neutralize","floor":8,"key":"SMITH"},{"floor":13,"key":"REST"},{"floor":15,"key":"REST"}],"neow_cost":"NO_GOLD","seed_source_timestamp":0,"circlet_count":0,"master_deck":["AscendersBane","Defend_G","Defend_G","Defend_G","Defend_G","Strike_G","Strike_G","Strike_G","Survivor","Neutralize+1","Well Laid Plans","Poisoned Stab","Die Die Die+1","Backflip","Escape Plan+1","Regret","Distraction+1"],"special_seed":0,"relics":["Ring of the Snake","Sundial","Toxic Egg 2"],"potions_floor_usage":[16],"damage_taken":[{"damage":1.0,"enemies":"Small Slimes","floor":1.0,"turns":4.0},{"damage":6.0,"enemies":"Cultist","floor":2.0,"turns":5.0},{"damage":3,"enemies":"2 Louse","floor":4,"turns":3},{"damage":9,"enemies":"Red Slaver","floor":5,"turns":4},{"damage":24,"enemies":"3 Sentries","floor":10,"turns":9},{"damage":4,"enemies":"Blue Slaver","floor":11,"turns":4},{"damage":17,"enemies":"Exordium Thugs","floor":14,"turns":5},{"damage":42,"enemies":"Slime Boss","floor":16,"turns":7}],"seed_played":"569007384629863734","potions_obtained":[{"floor":1.0,"key":"FairyPotion"},{"floor":11,"key":"Energy Potion"}],"is_trial":false,"path_per_floor":["M","M","?","M","M","R","$","R","T","E","M","?","R","M","R","B"],"character_chosen":"THE_SILENT","items_purchased":[],"campfire_rested":2,"item_purchase_floors":[],"current_hp_per_floor":[58,52,46,43,34,34,34,34,34,10,6,6,25,8,27,0],"gold":375,"neow_bonus":"REMOVE_TWO","is_prod":false,"is_daily":false,"chose_seed":false,"campfire_upgraded":2,"win_rate":0,"timestamp":1541493882,"path_taken":["M","M","?","M","?","R","?","R","T","E","M","?","R","?","R","BOSS"],"build_version":"2018-11-01","purchased_purges":1,"victory":false,"max_hp_per_floor":[66,66,66,66,66,66,66,66,66,66,66,66,66,66,66,66],"card_choices":[{"not_picked":["Underhanded Strike","Dodge and Roll"],"picked":"Well Laid Plans","floor":1.0},{"not_picked":["Infinite Blades","Bane"],"picked":"Poisoned Stab","floor":2.0},{"not_picked":["Bane","Blade Dance"],"picked":"Die Die Die","floor":4},{"not_picked":["Acrobatics","Blade Dance"],"picked":"Backflip","floor":5},{"not_picked":["PiercingWail","Eviscerate"],"picked":"Escape Plan","floor":10},{"not_picked":["Riddle With Holes","Quick Slash","Setup+1"],"picked":"SKIP","floor":11},{"not_picked":["Sucker Punch","Flying Knee"],"picked":"Distraction+1","floor":14}],"player_experience":1022017,"relics_obtained":[{"floor":9,"key":"Sundial"},{"floor":10,"key":"Toxic Egg 2"}],"event_choices":[{"damage_healed":0,"gold_gain":50,"player_choice":"Touch","damage_taken":6,"max_hp_gain":0,"max_hp_loss":0,"event_name":"FaceTrader","floor":3,"gold_loss":0},{"damage_healed":0,"gold_gain":275,"player_choice":"Desecrate","damage_taken":0,"max_hp_gain":0,"max_hp_loss":0,"event_name":"Golden Shrine","floor":12,"gold_loss":0,"cards_obtained":["Regret"]}],"is_beta":false,"boss_relics":[],"items_purged_floors":[7],"is_endless":false,"potions_floor_spawned":[1,11,14],"killed_by":"Slime Boss","ascension_level":17}