{"gold_per_floor":[110,126,5,5,155,182,17,43,124,124,134,144,163,163],"floor_reached":14,"playtime":476,"items_purged":["Doubt"],"score":250,"play_id":"7c282cc9-771c-4b93-b7ed-fcf38d8e8504","local_time":"20190427121450","is_ascension_mode":true,"campfire_choices":[{"floor":10,"key":"REST"}],"neow_cost":"NONE","seed_source_timestamp":1363444522295727,"circlet_count":0,"master_deck":["AscendersBane","Strike_B","Strike_B","Strike_B","Strike_B","Defend_B","Defend_B","Defend_B","Defend_B","Zap","Dualcast","White Noise","Chaos","Storm","Glacier","Heatsinks","Self Repair","Stack","Barrage","Redo","Cold Snap"],"relics":["Cracked Core","NeowsBlessing","Boot","Vajra","Pantograph"],"potions_floor_usage":[8,11],"damage_taken":[{"damage":0,"enemies":"Small Slimes","floor":1,"turns":1},{"damage":0,"enemies":"Jaw Worm","floor":2,"turns":1},{"damage":0,"enemies":"3 Sentries","floor":6,"turns":2},{"damage":44,"enemies":"Gremlin Nob","floor":8,"turns":5},{"damage":8,"enemies":"2 Louse","floor":11,"turns":3},{"damage":11,"enemies":"Large Slime","floor":12,"turns":7},{"damage":22,"enemies":"2 Fungi Beasts","floor":13,"turns":4},{"damage":0,"enemies":"Looter","floor":14,"turns":1}],"seed_played":"-630624533859342666","potions_obtained":[{"floor":1,"key":"Energy Potion"},{"floor":2,"key":"SneckoOil"}],"is_trial":false,"path_per_floor":["M","M","$","?","?","E","$","E","T","R","M","M","M","M"],"character_chosen":"DEFECT","items_purchased":["Storm","Glacier","Self Repair"],"campfire_rested":1,"item_purchase_floors":[3,3,7],"current_hp_per_floor":[64,64,64,64,64,64,64,27,27,48,47,43,28,28],"gold":163,"neow_bonus":"THREE_ENEMY_KILL","is_prod":false,"is_daily":false,"chose_seed":false,"campfire_upgraded":0,"win_rate":0,"timestamp":1556356490,"path_taken":["M","M","$","?","?","E","?","E","T","R","?","M","M","M"],"build_version":"2019-01-23","purchased_purges":1,"victory":false,"max_hp_per_floor":[71,71,71,71,71,71,71,71,71,71,71,71,71,71],"card_choices":[{"not_picked":["Steam","Leap"],"picked":"White Noise","floor":1},{"not_picked":["Turbo","Redo"],"picked":"Chaos","floor":2},{"not_picked":["Coolheaded","Chill"],"picked":"Heatsinks","floor":6},{"not_picked":["Go for the Eyes","Coolheaded"],"picked":"Stack","floor":8},{"not_picked":["Stack","Tempest"],"picked":"Barrage","floor":11},{"not_picked":["Genetic Algorithm","Go for the Eyes"],"picked":"Redo","floor":12},{"not_picked":["Blizzard","Rebound"],"picked":"Cold Snap","floor":13}],"player_experience":1252153,"relics_obtained":[{"floor":6,"key":"Boot"},{"floor":8,"key":"Vajra"},{"floor":9,"key":"Pantograph"}],"event_choices":[{"damage_healed":0,"gold_gain":0,"player_choice":"Ignored","damage_taken":0,"max_hp_gain":0,"max_hp_loss":0,"event_name":"Shining Light","floor":4,"gold_loss":0},{"damage_healed":0,"gold_gain":150,"player_choice":"AGREE","damage_taken":0,"max_hp_gain":0,"max_hp_loss":0,"event_name":"Liars Game","floor":5,"gold_loss":0,"cards_obtained":["Doubt"]}],"is_beta":false,"boss_relics":[],"items_purged_floors":[7],"is_endless":false,"potions_floor_spawned":[1,2],"killed_by":"Looter","ascension_level":20}