{"gold_per_floor":[415,78,88,101,121,121,137,152,152,152,152,167,167,202,202,301,301,301,301,301,301,301,301,301,301,301,301,301,301,301,301,301,301],"floor_reached":33,"playtime":1506,"items_purged":["Normality"],"score":513,"play_id":"ab18910c-f57d-4a2b-8ddb-bd38a8ad9783","local_time":"20180815231424","is_ascension_mode":true,"campfire_choices":[{"data":"Fire Breathing","floor":6.0,"key":"SMITH"},{"data":"Bludgeon","floor":10.0,"key":"SMITH"},{"data":"Metallicize","floor":13.0,"key":"SMITH"},{"data":"Uppercut","floor":15.0,"key":"SMITH"},{"data":"Combust","floor":23.0,"key":"SMITH"},{"data":"Pummel","floor":25.0,"key":"SMITH"},{"floor":30.0,"key":"REST"},{"data":"Inflame","floor":32,"key":"SMITH"}],"neow_cost":"CURSE","seed_source_timestamp":0,"circlet_count":0,"master_deck":["Strike_R","Strike_R","Strike_R","Strike_R","Strike_R","Defend_R","Defend_R","Defend_R","Defend_R","Bash","AscendersBane","Pommel Strike","Metallicize+1","Uppercut+1","Fire Breathing+1","Iron Wave","Inflame+1","Shrug It Off","Bludgeon+1","Clothesline","Juggernaut","Cleave","Combust+1","Warcry","Pummel+1","Reaper","Iron Wave+1","Dropkick"],"special_seed":0,"relics":["Burning Blood","Old Coin","Bronze Scales","The Courier","Golden Idol","Shuriken","Ectoplasm","Pen Nib","Peace Pipe","MawBank","Strawberry"],"potions_floor_usage":[],"damage_taken":[{"damage":10.0,"enemies":"Jaw Worm","floor":1.0,"turns":6.0},{"damage":4.0,"enemies":"Cultist","floor":3.0,"turns":3.0},{"damage":4.0,"enemies":"Small Slimes","floor":4.0,"turns":3.0},{"damage":7.0,"enemies":"2 Fungi Beasts","floor":5.0,"turns":4.0},{"damage":6.0,"enemies":"3 Louse","floor":7.0,"turns":4.0},{"damage":14.0,"enemies":"Red Slaver","floor":8.0,"turns":2.0},{"damage":4.0,"enemies":"Exordium Thugs","floor":12.0,"turns":4.0},{"damage":4.0,"enemies":"Lagavulin","floor":14.0,"turns":6.0},{"damage":6.0,"enemies":"The Guardian","floor":16.0,"turns":14.0},{"damage":4.0,"enemies":"Shell Parasite","floor":18.0,"turns":5.0},{"damage":7.0,"enemies":"Spheric Guardian","floor":20.0,"turns":3.0},{"damage":2.0,"enemies":"Snecko","floor":21.0,"turns":3.0},{"damage":12.0,"enemies":"Chosen and Byrds","floor":22.0,"turns":5.0},{"damage":31.0,"enemies":"Slavers","floor":24.0,"turns":4.0},{"damage":11.0,"enemies":"Centurion and Healer","floor":27.0,"turns":6.0},{"damage":22.0,"enemies":"Snecko","floor":28.0,"turns":5.0},{"damage":18.0,"enemies":"Book of Stabbing","floor":29.0,"turns":5.0},{"damage":20,"enemies":"Cultist and Chosen","floor":31,"turns":5},{"damage":69,"enemies":"Champ","floor":33,"turns":9}],"seed_played":"-1861352385669032878","potions_obtained":[{"floor":3.0,"key":"Dexterity Potion"},{"floor":7.0,"key":"Explosive Potion"},{"floor":22.0,"key":"Weak Potion"},{"floor":27.0,"key":"Weak Potion"},{"floor":29.0,"key":"Poison Potion"}],"is_trial":false,"path_per_floor":["M","$","M","M","M","R","M","M","T","R","?","M","R","E","R","B",null,"M","?","M","M","M","R","E","R","T","M","M","E","R","M","R"],"character_chosen":"IRONCLAD","items_purchased":["Metallicize","Bronze Scales","Uppercut"],"campfire_rested":1,"item_purchase_floors":[2,2,2],"current_hp_per_floor":[64,64,66,68,67,67,67,59,59,59,33,35,35,37,37,37,66,68,68,67,71,65,65,40,40,40,35,28,30,54,50,50,0],"gold":301,"neow_bonus":"ONE_RARE_RELIC","is_prod":false,"is_daily":false,"chose_seed":false,"campfire_upgraded":7,"win_rate":0,"timestamp":1534400064,"path_taken":["M","$","M","M","M","R","M","M","T","R","?","M","R","E","R","BOSS","M","?","M","M","?","R","E","R","T","M","M","E","R","M","R","BOSS"],"build_version":"2018-08-09","purchased_purges":1,"victory":false,"max_hp_per_floor":[75,75,75,75,75,75,75,75,75,75,75,75,75,75,75,75,75,75,75,75,75,75,75,75,75,75,75,75,82,82,82,82,82],"card_choices":[{"not_picked":["Anger","Havoc"],"picked":"Pommel Strike","floor":1.0},{"not_picked":["Pommel Strike","Bloodletting"],"picked":"Fire Breathing","floor":3.0},{"not_picked":["Headbutt","True Grit"],"picked":"Iron Wave","floor":4.0},{"not_picked":["Rampage","Body Slam"],"picked":"Inflame","floor":5.0},{"not_picked":["Whirlwind","Armaments"],"picked":"Shrug It Off","floor":7.0},{"not_picked":["Havoc","Armaments"],"picked":"Bludgeon","floor":8.0},{"not_picked":["Armaments","Carnage"],"picked":"Clothesline","floor":12.0},{"not_picked":["Dark Embrace","Headbutt","Thunderclap"],"picked":"SKIP","floor":14.0},{"not_picked":["Barricade","Limit Break"],"picked":"Juggernaut","floor":16.0},{"not_picked":["Wild Strike","Pommel Strike"],"picked":"Cleave","floor":18.0},{"not_picked":["True Grit","Combust","Heavy Blade"],"picked":"SKIP","floor":20.0},{"not_picked":["True Grit","Heavy Blade"],"picked":"Combust","floor":20.0},{"not_picked":["Sever Soul","Anger"],"picked":"Warcry","floor":21.0},{"not_picked":["Flex","Cleave","Fire Breathing"],"picked":"SKIP","floor":22.0},{"not_picked":["Feel No Pain","Uppercut"],"picked":"Pummel","floor":24.0},{"not_picked":["Inflame","Whirlwind"],"picked":"Reaper","floor":27.0},{"not_picked":["Pommel Strike","Twin Strike"],"picked":"Iron Wave+1","floor":28.0},{"not_picked":["Second Wind+1","Heavy Blade"],"picked":"Dropkick","floor":29.0},{"not_picked":["Armaments","Evolve+1","Body Slam"],"picked":"SKIP","floor":31}],"player_experience":759057,"relics_obtained":[{"floor":9.0,"key":"The Courier"},{"floor":14.0,"key":"Shuriken"},{"floor":24.0,"key":"Peace Pipe"},{"floor":26.0,"key":"MawBank"},{"floor":29.0,"key":"Strawberry"}],"event_choices":[{"event_name":"Golden Idol","player_choice":"Take Damage","floor":11.0,"damage_taken":0.0},{"event_name":"WeMeetAgain","player_choice":"Potion","floor":19.0,"damage_taken":0.0}],"is_beta":false,"boss_relics":[{"not_picked":["Calling Bell","Pandora\u0027s Box"],"picked":"Ectoplasm"}],"items_purged_floors":[2],"is_endless":false,"potions_floor_spawned":[3,7,8,14,18,22,27,29],"killed_by":"Champ","ascension_level":15}