{"gold_per_floor":[114,130,144,163,10,10,20,32,105,105,105,105,123,154,154,154],"floor_reached":16,"playtime":611,"items_purged":["Strike_B"],"score":198,"play_id":"6949ea1b-e682-494c-9ae6-3c721ea84c13","local_time":"20190202191400","is_ascension_mode":true,"campfire_choices":[{"data":"Zap","floor":6,"key":"SMITH"},{"floor":12,"key":"REST"},{"data":"Capacitor","floor":15,"key":"SMITH"}],"neow_cost":"NONE","seed_source_timestamp":11288716713742,"circlet_count":0,"master_deck":["AscendersBane","Strike_B","Strike_B","Strike_B","Defend_B","Defend_B","Defend_B","Defend_B","Zap+1","Dualcast","Chill","Tempest","Self Repair","Hologram","Defragment","Capacitor+1","BootSequence","Regret","BootSequence","Genetic Algorithm"],"relics":["Cracked Core","Ancient Tea Set","Darkstone Periapt","Bag of Preparation","Unceasing Top"],"potions_floor_usage":[16],"damage_taken":[{"damage":6,"enemies":"Cultist","floor":1,"turns":4},{"damage":0,"enemies":"2 Louse","floor":2,"turns":3},{"damage":8,"enemies":"Small Slimes","floor":3,"turns":4},{"damage":29,"enemies":"Exordium Thugs","floor":4,"turns":7},{"damage":2,"enemies":"3 Louse","floor":7,"turns":3},{"damage":30,"enemies":"Large Slime","floor":8,"turns":6},{"damage":23,"enemies":"Exordium Wildlife","floor":13,"turns":5},{"damage":7,"enemies":"Lagavulin","floor":14,"turns":7},{"damage":33,"enemies":"The Guardian","floor":16,"turns":10}],"seed_played":"1396073742901524348","potions_obtained":[{"floor":2,"key":"Weak Potion"},{"floor":3,"key":"FairyPotion"},{"floor":11,"key":"Block Potion"}],"is_trial":false,"path_per_floor":["M","M","M","M","$","R","M","M","T","?","?","R","M","E","R","B"],"character_chosen":"DEFECT","items_purchased":["Defragment"],"campfire_rested":1,"item_purchase_floors":[5],"current_hp_per_floor":[58,58,50,28,28,28,33,10,10,16,16,39,23,23,23,0],"gold":154,"neow_bonus":"RANDOM_COMMON_RELIC","is_prod":false,"is_daily":false,"chose_seed":false,"campfire_upgraded":2,"win_rate":0,"timestamp":1549163640,"path_taken":["M","M","?","M","?","R","M","M","T","?","?","R","M","E","R","BOSS"],"build_version":"2019-01-23","purchased_purges":1,"victory":false,"max_hp_per_floor":[71,71,71,71,71,71,71,71,71,77,77,77,77,77,77,77],"card_choices":[{"not_picked":["Rebound","Beam Cell"],"picked":"Chill","floor":1},{"not_picked":["Rip and Tear","Barrage"],"picked":"Tempest","floor":2},{"not_picked":["Beam Cell","Tempest"],"picked":"Self Repair","floor":3},{"not_picked":["Gash","Redo"],"picked":"Hologram","floor":4},{"not_picked":["Defragment","Conserve Battery"],"picked":"Capacitor","floor":7},{"not_picked":["Stack","Tempest"],"picked":"BootSequence","floor":8},{"not_picked":["Sweeping Beam","Turbo"],"picked":"BootSequence","floor":13},{"not_picked":["Hologram","Lockon"],"picked":"Genetic Algorithm","floor":14}],"player_experience":1204003,"relics_obtained":[{"floor":9,"key":"Darkstone Periapt"},{"floor":14,"key":"Unceasing Top"}],"event_choices":[{"damage_healed":0,"gold_gain":0,"player_choice":"Box","damage_taken":0,"relics_obtained":["Bag of Preparation"],"max_hp_gain":0,"max_hp_loss":0,"event_name":"Big Fish","floor":10,"gold_loss":0,"cards_obtained":["Regret"]},{"damage_healed":0,"gold_gain":0,"player_choice":"Got Potions","damage_taken":0,"max_hp_gain":0,"max_hp_loss":0,"event_name":"Lab","floor":11,"gold_loss":0}],"is_beta":false,"boss_relics":[],"items_purged_floors":[5],"is_endless":false,"potions_floor_spawned":[2,3,14],"killed_by":"The Guardian","ascension_level":18}