{"gold_per_floor":[217,230,230,250,270,270,290,290,290,0,30,30,64,76,76,148,148,164,179,199,45,45,45,70,70,70,85,85,100,128,142,142,142],"floor_reached":33,"playtime":2915,"items_purged":["Pain","Strike_G"],"score":547,"play_id":"24dc1f9d-1197-4c82-9a50-707725085ee2","local_time":"20190426142114","is_ascension_mode":true,"campfire_choices":[{"data":"Neutralize","floor":6,"key":"SMITH"},{"data":"Footwork","floor":8,"key":"SMITH"},{"floor":12,"key":"REST"},{"floor":15,"key":"DIG"},{"floor":23,"key":"DIG"},{"floor":25,"key":"DIG"},{"floor":28,"key":"DIG"},{"floor":32,"key":"DIG"}],"neow_cost":"NONE","seed_source_timestamp":7805825754005,"circlet_count":0,"master_deck":["AscendersBane","Defend_G","Defend_G","Defend_G","Defend_G","Defend_G","Strike_G","Strike_G","Strike_G","Strike_G","Survivor","Neutralize+1","PiercingWail+1","Quick Slash","Cloak And Dagger+1","Footwork+1","Dodge and Roll","Infinite Blades","Poisoned Stab","Calculated Gamble","Glass Knife","Cloak And Dagger","Leg Sweep","Storm of Steel"],"relics":["Ring of the Snake","WarpedTongs","WingedGreaves","Lantern","Shovel","Bottled Tornado","Blood Vial","Busted Crown","Potion Belt","Ancient Tea Set","Mercury Hourglass","Girya","War Paint","Turnip","Centennial Puzzle"],"potions_floor_usage":[11,16,19,30,30,33,33],"damage_taken":[{"damage":2,"enemies":"Cultist","floor":1,"turns":6},{"damage":4,"enemies":"Small Slimes","floor":2,"turns":4},{"damage":5,"enemies":"Jaw Worm","floor":4,"turns":5},{"damage":8,"enemies":"Lots of Slimes","floor":5,"turns":5},{"damage":4,"enemies":"3 Louse","floor":7,"turns":8},{"damage":15,"enemies":"Lagavulin","floor":11,"turns":14},{"damage":3,"enemies":"3 Sentries","floor":13,"turns":10},{"damage":0,"enemies":"Exordium Wildlife","floor":14,"turns":4},{"damage":21,"enemies":"Slime Boss","floor":16,"turns":17},{"damage":3,"enemies":"Shell Parasite","floor":18,"turns":7},{"damage":0,"enemies":"3 Byrds","floor":19,"turns":4},{"damage":4,"enemies":"Centurion and Healer","floor":20,"turns":11},{"damage":12,"enemies":"Cultist and Chosen","floor":27,"turns":6},{"damage":0,"enemies":"Snecko","floor":29,"turns":6},{"damage":0,"enemies":"Slavers","floor":30,"turns":8},{"damage":2,"enemies":"Shelled Parasite and Fungi","floor":31,"turns":6},{"damage":53,"enemies":"Champ","floor":33,"turns":17}],"seed_played":"7518546970336605656","potions_obtained":[{"floor":2,"key":"LiquidBronze"},{"floor":7,"key":"AttackPotion"},{"floor":13,"key":"Energy Potion"},{"floor":18,"key":"LiquidBronze"},{"floor":27,"key":"Swift Potion"},{"floor":30,"key":"SpeedPotion"}],"is_trial":false,"path_per_floor":["M","M","?","M","M","R","M","R","T","$","E","R","E","M","R","B",null,"M","M","M","$","?","R","T","R","T","M","R","M","E","M","R","B"],"character_chosen":"THE_SILENT","items_purchased":["Lantern","Dodge and Roll","Dexterity Potion"],"campfire_rested":1,"item_purchase_floors":[10,10,21],"current_hp_per_floor":[57,53,53,48,40,40,36,36,36,36,21,40,37,37,37,18,54,53,55,53,53,53,53,53,53,53,43,43,45,47,47,47,0],"gold":142,"neow_bonus":"HUNDRED_GOLD","is_prod":false,"is_daily":false,"chose_seed":false,"campfire_upgraded":2,"win_rate":0,"timestamp":1556306474,"path_taken":["M","?","?","M","?","R","M","R","T","$","E","R","E","M","R","BOSS","M","?","M","$","?","R","?","R","T","M","R","?","E","M","R","BOSS"],"build_version":"2019-01-23","purchased_purges":2,"victory":false,"max_hp_per_floor":[66,66,66,66,66,66,66,66,66,66,66,66,66,66,66,66,66,66,66,66,66,66,66,66,66,66,66,66,66,66,66,66,66],"card_choices":[{"not_picked":["Prepared","Outmaneuver","Underhanded Strike"],"picked":"SKIP","floor":1},{"not_picked":["Backflip","Reflex"],"picked":"PiercingWail","floor":2},{"not_picked":["Choke","Outmaneuver"],"picked":"Quick Slash","floor":4},{"not_picked":["Outmaneuver","Terror"],"picked":"Cloak And Dagger","floor":5},{"not_picked":["Quick Slash","Underhanded Strike"],"picked":"Footwork","floor":7},{"not_picked":["Slice","Outmaneuver"],"picked":"Infinite Blades","floor":11},{"not_picked":["Night Terror","Prepared"],"picked":"Poisoned Stab","floor":13},{"not_picked":["Quick Slash","Flying Knee"],"picked":"Calculated Gamble","floor":14},{"not_picked":["Corpse Explosion","Wraith Form v2"],"picked":"Glass Knife","floor":16},{"not_picked":[],"picked":"Cloak And Dagger","floor":18},{"not_picked":["Poisoned Stab"],"picked":"SKIP","floor":19},{"not_picked":["Blade Dance"],"picked":"SKIP","floor":20},{"not_picked":["Deflect"],"picked":"SKIP","floor":27},{"not_picked":[],"picked":"Leg Sweep","floor":29},{"not_picked":[],"picked":"Storm of Steel","floor":30},{"not_picked":["Slice"],"picked":"SKIP","floor":31}],"player_experience":818762,"relics_obtained":[{"floor":9,"key":"WingedGreaves"},{"floor":11,"key":"Shovel"},{"floor":13,"key":"Bottled Tornado"},{"floor":15,"key":"Blood Vial"},{"floor":23,"key":"Potion Belt"},{"floor":24,"key":"Ancient Tea Set"},{"floor":25,"key":"Mercury Hourglass"},{"floor":26,"key":"Girya"},{"floor":28,"key":"War Paint"},{"floor":30,"key":"Turnip"},{"floor":32,"key":"Centennial Puzzle"}],"event_choices":[{"damage_healed":0,"gold_gain":0,"player_choice":"Rummage","damage_taken":0,"relics_obtained":["WarpedTongs"],"max_hp_gain":0,"max_hp_loss":0,"event_name":"Accursed Blacksmith","floor":3,"gold_loss":0,"cards_obtained":["Pain"]},{"damage_healed":0,"gold_gain":0,"player_choice":"Ignored","damage_taken":0,"max_hp_gain":0,"max_hp_loss":0,"event_name":"Beggar","floor":22,"gold_loss":0}],"is_beta":false,"boss_relics":[{"not_picked":["Philosopher\u0027s Stone","WristBlade"],"picked":"Busted Crown"}],"items_purged_floors":[10,21],"is_endless":false,"potions_floor_spawned":[2,7,13,18,27,30],"killed_by":"Champ","ascension_level":16}