{"path_per_floor":["M","M","M","M","M","R","E","M","T","?","R","?","M","E","R","B",null,"M","M","?","M","M","R","E","M","T","R","$","R","$","E","R","B",null,"M","?","$","?","M","E","R","M","T","M","M","M","?","M","R"],"character_chosen":"IRONCLAD","items_purchased":["Mercury Hourglass","Shuriken"],"gold_per_floor":[111,121,138,156,169,169,204,218,218,218,218,218,238,273,273,378,378,389,404,404,417,431,431,465,476,476,476,211,211,131,157,157,257,257,271,271,80,80,92,123,123,133,133,152,169,189,189,203,203,203],"floor_reached":50,"campfire_rested":5,"playtime":3506,"current_hp_per_floor":[77,78,80,80,80,80,65,62,62,62,62,62,64,44,68,50,74,65,61,61,56,48,73,48,52,52,52,52,79,79,60,60,17,72,76,76,76,76,51,25,55,47,49,34,35,12,12,10,41,0],"items_purged":["Strike_R","Strike_R"],"gold":203,"score":815,"play_id":"7d81f346-d814-4ed9-bcc8-0bab40c810a7","local_time":"20180427214040","is_prod":false,"is_daily":false,"chose_seed":false,"is_ascension_mode":true,"campfire_upgraded":4,"timestamp":1524890440,"path_taken":["M","M","M","M","M","R","E","M","T","?","R","?","M","E","R","BOSS","M","M","?","M","M","R","E","M","T","R","$","R","?","E","R","BOSS","M","?","$","?","M","E","R","M","T","M","?","?","?","?","R","BOSS"],"build_version":"2018-04-26","seed_source_timestamp":0,"purchased_purges":2,"victory":false,"master_deck":["Strike_R","Strike_R","Defend_R","Defend_R","Defend_R","Defend_R","Bash+1","Iron Wave","Clash","Offering+1","Cleave","Shrug It Off","Blood for Blood+1","Iron Wave","Shrug It Off","Clothesline","Juggernaut+1","Clash+1","Blood for Blood+1","Iron Wave+1","Whirlwind+1","Blood for Blood+1","Demon Form","Blood for Blood+1","Shrug It Off+1","Heavy Blade","Shockwave+1"],"max_hp_per_floor":[80,80,80,80,80,80,80,80,80,80,80,80,82,82,82,82,82,84,84,84,84,86,86,88,90,90,90,90,90,90,90,90,90,90,92,92,92,92,92,94,96,96,98,100,100,102,102,104,104,104],"relics":["Burning Blood","Dream Catcher","Singing Bowl","Kunai","The Courier","Velvet Choker","Ice Cream","Bottled Tornado","Bag of Marbles","Mercury Hourglass","Whetstone","Mark of Pain","Shuriken","Prayer Wheel","Calipers","Darkstone Periapt","Spirit Poop"],"card_choices":[{"not_picked":["Twin Strike","Perfected Strike"],"picked":"Iron Wave","floor":1.0},{"not_picked":["Dual Wield","Warcry"],"picked":"Clash","floor":2.0},{"not_picked":["Warcry","Cleave"],"picked":"Offering","floor":3.0},{"not_picked":["Reckless Charge","Twin Strike"],"picked":"Cleave","floor":4.0},{"not_picked":["Pommel Strike","Reckless Charge"],"picked":"Shrug It Off","floor":5.0},{"not_picked":["Headbutt","Corruption"],"picked":"Blood for Blood","floor":7},{"not_picked":["Armaments","Anger"],"picked":"Iron Wave","floor":8},{"not_picked":["Power Through","Corruption"],"picked":"Shrug It Off","floor":14},{"not_picked":["Cleave","Rupture"],"picked":"Clothesline","floor":15},{"not_picked":["Dark Embrace","Bludgeon"],"picked":"Juggernaut","floor":16},{"not_picked":["Inflame","Clothesline"],"picked":"Clash","floor":19},{"not_picked":["Twin Strike","Wild Strike"],"picked":"Blood for Blood","floor":21},{"not_picked":["Pommel Strike","Thunderclap"],"picked":"Iron Wave","floor":23},{"not_picked":["Havoc","Pummel"],"picked":"Whirlwind","floor":29},{"not_picked":["Shrug It Off","Second Wind"],"picked":"Blood for Blood","floor":31},{"not_picked":["Barricade","Impervious"],"picked":"Demon Form","floor":33},{"not_picked":["Warcry","Sword Boomerang"],"picked":"Blood for Blood","floor":39},{"not_picked":["Carnage","Sword Boomerang"],"picked":"Shrug It Off","floor":42},{"not_picked":["Body Slam","Perfected Strike"],"picked":"Heavy Blade","floor":45},{"not_picked":["Body Slam","Iron Wave"],"picked":"Shockwave","floor":49}],"player_experience":397734,"potions_floor_usage":[16,19,22,24,24,31,46,48,50],"damage_taken":[{"damage":1.0,"enemies":"2 Louse","floor":1.0,"turns":3.0},{"damage":5.0,"enemies":"Small Slimes","floor":2.0,"turns":3.0},{"damage":1.0,"enemies":"Cultist","floor":3.0,"turns":3.0},{"damage":4.0,"enemies":"Large Slime","floor":4.0,"turns":4.0},{"damage":6.0,"enemies":"Exordium Wildlife","floor":5.0,"turns":3.0},{"damage":21.0,"enemies":"Lagavulin","floor":7.0,"turns":6.0},{"damage":9,"enemies":"3 Louse","floor":8,"turns":3},{"damage":6,"enemies":"Exordium Thugs","floor":13,"turns":4},{"damage":26,"enemies":"Lagavulin","floor":14,"turns":6},{"damage":24,"enemies":"Slime Boss","floor":16,"turns":8},{"damage":17,"enemies":"Spheric Guardian","floor":18,"turns":5},{"damage":22,"enemies":"3 Byrds","floor":19,"turns":5},{"damage":11,"enemies":"Centurion and Healer","floor":21,"turns":5},{"damage":16,"enemies":"Chosen and Byrds","floor":22,"turns":7},{"damage":33,"enemies":"Gremlin Leader","floor":24,"turns":6},{"damage":4,"enemies":"Cultist and Chosen","floor":25,"turns":6},{"damage":25,"enemies":"Slavers","floor":31,"turns":2},{"damage":49,"enemies":"Champ","floor":33,"turns":9},{"damage":4,"enemies":"Orb Walker","floor":35,"turns":2},{"damage":31,"enemies":"3 Shapes","floor":39,"turns":7},{"damage":34,"enemies":"Nemesis","floor":40,"turns":5},{"damage":14,"enemies":"Sphere and 2 Shapes","floor":42,"turns":4},{"damage":23,"enemies":"Maw","floor":44,"turns":5},{"damage":5,"enemies":"4 Shapes","floor":45,"turns":6},{"damage":34,"enemies":"3 Darklings","floor":46,"turns":3},{"damage":10,"enemies":"Sphere and 2 Shapes","floor":48,"turns":3},{"damage":47,"enemies":"Donu and Deca","floor":50,"turns":4}],"event_choices":[{"event_name":"Living Wall","player_choice":"Forget","floor":10,"damage_taken":0},{"event_name":"The Lab","player_choice":"Got Potions","floor":12,"damage_taken":0},{"event_name":"The Mausoleum","player_choice":"Yes","floor":20,"damage_taken":0},{"event_name":"SecretPortal","player_choice":"Rejected Portal.","floor":36,"damage_taken":0},{"event_name":"Wheel of Change","player_choice":"Relic","floor":38,"damage_taken":0},{"event_name":"Bonfire Elementals","player_choice":"CURSE","floor":47,"damage_taken":0}],"boss_relics":[{"not_picked":["Eternal Feather","Black Star"],"picked":"Velvet Choker"},{"not_picked":["Calling Bell","Runic Cube"],"picked":"Mark of Pain"}],"potions_floor_spawned":[2,4,13,14,16,19,21,25,40,44,46,48],"seed_played":"-3913756225068426662","killed_by":"Donu and Deca","ascension_level":9,"is_trial":false}