{"gold_per_floor":[112,112,123,146,165,165,194,213,238,252,11,11,37,48,48,147,147,161,177,190,200,200,200,232,157,237,237,18,18,18,36,36,36],"floor_reached":33,"playtime":1633,"items_purged":["Defend_R"],"score":277,"play_id":"cc787735-2443-4ae3-8306-654604328b78","local_time":"20181002151849","is_ascension_mode":false,"campfire_choices":[{"data":"True Grit","floor":6.0,"key":"SMITH"},{"data":"True Grit","floor":12.0,"key":"SMITH"},{"data":"Disarm","floor":15.0,"key":"SMITH"},{"data":"Carnage","floor":23.0,"key":"SMITH"},{"data":"Feed","floor":27,"key":"SMITH"},{"data":"Headbutt","floor":29,"key":"SMITH"},{"data":"True Grit","floor":32,"key":"SMITH"}],"neow_cost":"NONE","seed_source_timestamp":0,"circlet_count":0,"master_deck":["Strike_R","Strike_R","Strike_R","Strike_R+1","Strike_R","Defend_R","Defend_R","Defend_R","Bash+1","Shrug It Off","Disarm+1","True Grit+1","True Grit+1","Headbutt+1","Carnage+1","True Grit+1","Power Through","Shrug It Off","Offering","Feed+1","Iron Wave+1"],"special_seed":0,"relics":["Burning Blood","Meat on the Bone","Whetstone","Question Card","Regal Pillow","Orichalcum","Juzu Bracelet","Runic Dome","Red Skull","Lantern","Tiny Chest","Ancient Tea Set"],"potions_floor_usage":[24,24,31,33],"damage_taken":[{"damage":0.0,"enemies":"Small Slimes","floor":1.0,"turns":5.0},{"damage":4.0,"enemies":"Jaw Worm","floor":3.0,"turns":6.0},{"damage":0.0,"enemies":"Cultist","floor":5.0,"turns":4.0},{"damage":28.0,"enemies":"Gremlin Nob","floor":7.0,"turns":5.0},{"damage":8.0,"enemies":"3 Louse","floor":8.0,"turns":5.0},{"damage":2.0,"enemies":"2 Fungi Beasts","floor":10.0,"turns":5.0},{"damage":26.0,"enemies":"Lagavulin","floor":13.0,"turns":8.0},{"damage":3.0,"enemies":"Blue Slaver","floor":14.0,"turns":3.0},{"damage":47.0,"enemies":"Hexaghost","floor":16.0,"turns":20.0},{"damage":7.0,"enemies":"Shell Parasite","floor":18.0,"turns":6.0},{"damage":20.0,"enemies":"3 Byrds","floor":19.0,"turns":8.0},{"damage":11.0,"enemies":"Snecko","floor":20.0,"turns":5.0},{"damage":7.0,"enemies":"Centurion and Healer","floor":21.0,"turns":9.0},{"damage":48,"enemies":"Gremlin Leader","floor":24,"turns":4},{"damage":26,"enemies":"Cultist and Chosen","floor":31,"turns":6},{"damage":74,"enemies":"Champ","floor":33,"turns":13}],"seed_played":"-1156342433587085228","potions_obtained":[{"floor":1.0,"key":"BloodPotion"},{"floor":8.0,"key":"Weak Potion"},{"floor":14.0,"key":"FearPotion"},{"floor":16.0,"key":"EssenceOfSteel"},{"floor":19.0,"key":"Regen Potion"},{"floor":31,"key":"Weak Potion"}],"is_trial":false,"path_per_floor":["M","?","M","T","M","R","E","M","T","M","$","R","E","M","R","B",null,"M","M","M","M","T","R","E","$","T","R","$","R","?","M","R"],"character_chosen":"IRONCLAD","items_purchased":["Carnage","True Grit","Orichalcum","Ancient Tea Set","Regen Potion"],"campfire_rested":0,"item_purchase_floors":[11,11,11,28,28],"current_hp_per_floor":[80,77,79,79,80,80,58,56,56,60,60,60,52,55,55,26,80,79,65,74,73,73,73,51,51,51,51,51,51,51,50,50,0],"gold":36,"neow_bonus":"THREE_CARDS","is_prod":false,"is_daily":false,"chose_seed":false,"campfire_upgraded":7,"win_rate":0,"timestamp":1538518729,"path_taken":["M","?","M","?","M","R","E","M","T","M","$","R","E","M","R","BOSS","M","M","M","M","?","R","E","$","T","R","$","R","?","M","R","BOSS"],"build_version":"2018-09-27","purchased_purges":1,"victory":false,"max_hp_per_floor":[80,80,80,80,80,80,80,80,80,80,80,80,80,80,80,80,80,80,80,80,80,80,80,80,80,80,80,80,80,80,84,84,84],"card_choices":[{"not_picked":["Thunderclap","Cleave"],"picked":"Shrug It Off","floor":0.0},{"not_picked":["Uppercut","Heavy Blade"],"picked":"Disarm","floor":1.0},{"not_picked":["Bloodletting","Sword Boomerang","Twin Strike"],"picked":"SKIP","floor":3.0},{"not_picked":["Rage","Seeing Red"],"picked":"True Grit","floor":5.0},{"not_picked":["Sword Boomerang","Hemokinesis","Rage"],"picked":"SKIP","floor":7.0},{"not_picked":["Hemokinesis","Berserk","Blood for Blood"],"picked":"True Grit","floor":8.0},{"not_picked":["Bloodletting","Dual Wield","Thunderclap"],"picked":"Headbutt","floor":10.0},{"not_picked":["Brutality","Second Wind","Dual Wield"],"picked":"Power Through","floor":13.0},{"not_picked":["Heavy Blade","Iron Wave","Headbutt"],"picked":"Shrug It Off","floor":14.0},{"not_picked":["Limit Break","Reaper","Impervious"],"picked":"Offering","floor":16.0},{"not_picked":["Thunderclap+1","Combust","Bloodletting","Perfected Strike"],"picked":"SKIP","floor":18.0},{"not_picked":["Burning Pact","Anger","Twin Strike+1","Searing Blow"],"picked":"SKIP","floor":19.0},{"not_picked":["Seeing Red+1","Clash","Thunderclap","Rage"],"picked":"SKIP","floor":20.0},{"not_picked":["Cleave","Rampage","Armaments","Clash"],"picked":"SKIP","floor":21.0},{"not_picked":["Headbutt+1","Anger","Perfected Strike"],"picked":"Feed","floor":24},{"not_picked":["Clothesline","Warcry+1","Armaments"],"picked":"Iron Wave+1","floor":31}],"player_experience":847605,"relics_obtained":[{"floor":4.0,"key":"Whetstone"},{"floor":7.0,"key":"Question Card"},{"floor":9.0,"key":"Regal Pillow"},{"floor":13.0,"key":"Juzu Bracelet"},{"floor":22.0,"key":"Red Skull"},{"floor":24,"key":"Lantern"},{"floor":26,"key":"Tiny Chest"}],"event_choices":[{"event_name":"Scrap Ooze","player_choice":"success","floor":2.0,"damage_taken":3.0},{"event_name":"Beggar","player_choice":"Ignored","floor":30,"damage_taken":0}],"is_beta":false,"boss_relics":[{"not_picked":["Tiny House","Lizard Tail"],"picked":"Runic Dome"}],"items_purged_floors":[25],"is_endless":false,"potions_floor_spawned":[1,8,14,16,19,31],"killed_by":"Champ","ascension_level":0}