{"gold_per_floor":[112,125,145,160,160,160,176,176,252,285,300,326,326,401,401,401],"floor_reached":16,"playtime":990,"items_purged":[],"score":213,"play_id":"12c72683-909b-495f-95f7-3f1f6a83518d","local_time":"20190130212543","is_ascension_mode":true,"campfire_choices":[{"data":"Poisoned Stab","floor":6,"key":"SMITH"},{"data":"Deadly Poison","floor":8,"key":"SMITH"},{"data":"Burst","floor":13,"key":"SMITH"},{"floor":15,"key":"REST"}],"neow_cost":"NONE","seed_source_timestamp":41591249635992,"circlet_count":0,"master_deck":["AscendersBane","Defend_G","Defend_G","Defend_G","Defend_G","Defend_G","Strike_G","Strike_G","Strike_G","Strike_G","Strike_G","Survivor","Neutralize","Poisoned Stab+1","Crippling Poison","Deadly Poison+1","Leg Sweep+1","Deadly Poison","After Image","Burst+1"],"relics":["Ring of the Snake","Snake Skull","Shuriken","Du-Vu Doll","Juzu Bracelet"],"potions_floor_usage":[10,12],"damage_taken":[{"damage":5,"enemies":"2 Louse","floor":1,"turns":5},{"damage":1,"enemies":"Cultist","floor":2,"turns":3},{"damage":0,"enemies":"Small Slimes","floor":3,"turns":4},{"damage":1,"enemies":"Red Slaver","floor":4,"turns":4},{"damage":1,"enemies":"Exordium Thugs","floor":7,"turns":4},{"damage":33,"enemies":"3 Sentries","floor":10,"turns":10},{"damage":1,"enemies":"Blue Slaver","floor":11,"turns":3},{"damage":6,"enemies":"Gremlin Nob","floor":12,"turns":3},{"damage":36,"enemies":"Slime Boss","floor":16,"turns":12}],"seed_played":"3957574092372708115","potions_obtained":[{"floor":2,"key":"Regen Potion"},{"floor":4,"key":"LiquidBronze"},{"floor":7,"key":"Strength Potion"},{"floor":10,"key":"SmokeBomb"}],"is_trial":false,"path_per_floor":["M","M","M","M","?","R","M","R","T","E","M","E","R","?","R","B"],"character_chosen":"THE_SILENT","items_purchased":[],"campfire_rested":1,"item_purchase_floors":[],"current_hp_per_floor":[54,53,53,52,52,52,51,51,51,33,32,26,26,15,34,0],"gold":401,"neow_bonus":"RANDOM_COMMON_RELIC","is_prod":false,"is_daily":false,"chose_seed":false,"campfire_upgraded":3,"win_rate":0,"timestamp":1548912343,"path_taken":["M","M","M","M","?","R","M","R","T","E","M","E","R","?","R","BOSS"],"build_version":"2019-01-23","purchased_purges":0,"victory":false,"max_hp_per_floor":[66,66,66,66,66,66,66,66,66,66,66,66,66,66,66,66],"card_choices":[{"not_picked":["Bane","Cloak And Dagger"],"picked":"Poisoned Stab","floor":1},{"not_picked":["Leg Sweep","Reflex"],"picked":"Crippling Poison","floor":2},{"not_picked":["Underhanded Strike","Deflect"],"picked":"Deadly Poison","floor":3},{"not_picked":["Prepared","Deflect"],"picked":"Leg Sweep","floor":4},{"not_picked":["Quick Slash","Acrobatics"],"picked":"Deadly Poison","floor":7},{"not_picked":["Acrobatics","Outmaneuver","Predator"],"picked":"SKIP","floor":10},{"not_picked":["Sucker Punch","Blade Dance"],"picked":"After Image","floor":11},{"not_picked":["Eviscerate","Skewer"],"picked":"Burst","floor":12}],"player_experience":1190755,"relics_obtained":[{"floor":9,"key":"Shuriken"},{"floor":10,"key":"Du-Vu Doll"},{"floor":12,"key":"Juzu Bracelet"}],"event_choices":[{"damage_healed":0,"gold_gain":0,"player_choice":"Upgraded","damage_taken":0,"max_hp_gain":0,"max_hp_loss":0,"event_name":"Upgrade Shrine","floor":5,"gold_loss":0,"cards_upgraded":["Leg Sweep"]},{"damage_healed":0,"gold_gain":75,"player_choice":"Gather Gold","damage_taken":11,"max_hp_gain":0,"max_hp_loss":0,"event_name":"World of Goop","floor":14,"gold_loss":0}],"is_beta":false,"boss_relics":[],"items_purged_floors":[],"is_endless":false,"potions_floor_spawned":[2,4,7,10],"killed_by":"Slime Boss","ascension_level":18}