{"path_per_floor":["M","?","M","?","?","E","$","R","T","?","?","$","M","M","R","B",null,"M","M","?","?","M","E","R"],"character_chosen":"IRONCLAD","items_purchased":[],"gold_per_floor":[118,118,137,137,137,168,93,93,93,93,43,43,62,72,72,175,175,187,206,206,206,217,252,252],"floor_reached":25,"campfire_rested":0,"playtime":1817,"current_hp_per_floor":[80,73,79,79,79,52,52,52,52,36,36,36,42,48,48,19,80,80,72,57,57,44,20,20],"items_purged":["Strike_R"],"gold":252,"score":241,"play_id":"cef60aca-e732-42ef-9de6-59a182f1401f","is_prod":false,"is_daily":false,"is_ascension_mode":true,"campfire_upgraded":2,"path_taken":["M","?","M","?","?","E","$","R","T","?","?","?","M","?","R","BOSS","M","?","?","?","M","E","R","E"],"build_version":"2018-02-15-PROD1","purchased_purges":1,"victory":false,"master_deck":["Strike_R","Strike_R","Defend_R","Defend_R","Defend_R+1","Defend_R+1","Bash+1","Twin Strike","Whirlwind","Flame Barrier+1","Spot Weakness","Headbutt","Limit Break","Evolve","Flame Barrier","Flame Barrier"],"max_hp_per_floor":[80,80,80,80,80,80,80,80,80,80,80,80,80,80,80,80,80,80,80,85,85,85,85,85],"relics":["Burning Blood","Pen Nib","Champion Belt","Dream Catcher","Shovel","Sozu","Girya","Frozen Eye"],"card_choices":[{"not_picked":["Warcry","Hemokinesis"],"picked":"Twin Strike"},{"not_picked":["Thunderclap","Power Through"],"picked":"Whirlwind"},{"not_picked":["Heavy Blade","Reckless Charge"],"picked":"Flame Barrier"},{"not_picked":["Heavy Blade","True Grit"],"picked":"Spot Weakness"},{"not_picked":["Rage","Flex"],"picked":"Headbutt"},{"not_picked":["Immolate","Brutality"],"picked":"Limit Break"},{"not_picked":["Headbutt","Shrug It Off"],"picked":"Evolve"},{"not_picked":["Clothesline","Pummel"],"picked":"Flame Barrier"},{"not_picked":["Clash","Clothesline"],"picked":"Flame Barrier"}],"player_experience":88807,"potions_floor_usage":[16,16,16],"damage_taken":[{"damage":4,"enemies":"2 Louse","floor":1,"turns":3},{"damage":0,"enemies":"Small Slimes","floor":3,"turns":4},{"damage":33,"enemies":"3 Sentries","floor":6,"turns":9},{"damage":0,"enemies":"Jaw Worm","floor":13,"turns":3},{"damage":0,"enemies":"Large Slime","floor":14,"turns":6},{"damage":35,"enemies":"Hexaghost","floor":16,"turns":9},{"damage":0,"enemies":"3 Byrds","floor":18,"turns":4},{"damage":14,"enemies":"Chosen","floor":19,"turns":6},{"damage":19,"enemies":"3 Cultists","floor":22,"turns":6},{"damage":30,"enemies":"Book of Stabbing","floor":23,"turns":7},{"damage":22,"enemies":"Gremlin Leader","floor":25,"turns":2}],"event_choices":[{"event_name":"Golden Wing","player_choice":"Card Removal","floor":2,"damage_taken":0},{"event_name":"Big Fish","player_choice":"Box","floor":4,"damage_taken":0},{"event_name":"Living Wall","player_choice":"Forget","floor":5,"damage_taken":0},{"event_name":"Shining Light","player_choice":"Entered Light","floor":10,"damage_taken":0},{"event_name":"The Cleric","player_choice":"Card Removal","floor":11,"damage_taken":0},{"event_name":"Forgotten Altar","player_choice":"Shed Blood","floor":20,"damage_taken":0},{"event_name":"Vampires","player_choice":"Ignored","floor":21,"damage_taken":0}],"boss_relics":[{"not_picked":["Philosopher\u0027s Stone","Ectoplasm"],"picked":"Sozu"}],"potions_floor_spawned":[6,13,14,16,23],"seed_played":"3375193025185741322","killed_by":"Gremlin Leader","ascension_level":2,"is_trial":false}