{"gold_per_floor":[115,132,145,172,28,53,53,53,107,77,77,97,120,161,161,280,280,298,317,9,45,59,59,79,114,160,176,176,101,101,101,101,224,224,247,247,247,580,158,183,36,71,71,71,97,97,97,109,109,109],"floor_reached":50,"playtime":4144,"items_purged":["Strike_G","Writhe"],"score":881,"play_id":"27d21cde-19e7-4558-bbc1-2dec203f84de","local_time":"20190217134330","is_ascension_mode":true,"campfire_choices":[{"data":"Footwork","floor":8.0,"key":"SMITH"},{"data":"Dagger Spray","floor":15.0,"key":"SMITH"},{"data":"Cloak And Dagger","floor":23.0,"key":"SMITH"},{"data":"Cloak And Dagger","floor":28,"key":"SMITH"},{"floor":30,"key":"REST"},{"floor":32,"key":"REST"},{"floor":44,"key":"REST"},{"floor":46,"key":"REST"},{"floor":49,"key":"REST"}],"neow_cost":"NONE","seed_source_timestamp":10130614131131,"circlet_count":0,"master_deck":["AscendersBane","Defend_G","Defend_G","Defend_G","Defend_G","Defend_G","Strike_G","Strike_G","Strike_G","Strike_G","Survivor","Neutralize+1","Backstab","Flying Knee","Dash","Footwork+1","Injury","Dagger Spray+1","PiercingWail","Dagger Throw","Dodge and Roll","Cloak And Dagger+1","Cloak And Dagger+1","Blade Dance+1","Cloak And Dagger+1","Blur","Envenom","Skewer+1","Mind Blast","Finesse","Accuracy","Leg Sweep+1","Crippling Poison","Leg Sweep"],"special_seed":0,"relics":["Ring of the Snake","Juzu Bracelet","Darkstone Periapt","Ginger","Blood Vial","Blue Candle","Runic Dome","Shuriken","Red Mask","Boot","Bronze Scales","Fusion Hammer","Paper Crane","Potion Belt","Pen Nib","Gremlin Horn","Mummified Hand"],"potions_floor_usage":[33,42,42,45,48,50,50,50],"damage_taken":[{"damage":2.0,"enemies":"Cultist","floor":1.0,"turns":4.0},{"damage":0.0,"enemies":"Jaw Worm","floor":2.0,"turns":5.0},{"damage":0.0,"enemies":"Small Slimes","floor":3.0,"turns":3.0},{"damage":14.0,"enemies":"3 Sentries","floor":6.0,"turns":11.0},{"damage":5.0,"enemies":"Looter","floor":12.0,"turns":2.0},{"damage":1.0,"enemies":"Exordium Wildlife","floor":13.0,"turns":3.0},{"damage":26.0,"enemies":"Lagavulin","floor":14.0,"turns":9.0},{"damage":30.0,"enemies":"Slime Boss","floor":16.0,"turns":13.0},{"damage":10.0,"enemies":"Chosen","floor":18.0,"turns":5.0},{"damage":6.0,"enemies":"Shell Parasite","floor":19.0,"turns":9.0},{"damage":6.0,"enemies":"Masked Bandits","floor":21.0,"turns":4.0},{"damage":11.0,"enemies":"Snecko","floor":22.0,"turns":5.0},{"damage":18.0,"enemies":"Sentry and Sphere","floor":24.0,"turns":6.0},{"damage":4.0,"enemies":"Gremlin Leader","floor":25.0,"turns":7.0},{"damage":1.0,"enemies":"Snake Plant","floor":27.0,"turns":3.0},{"damage":33,"enemies":"Collector","floor":33,"turns":11},{"damage":7,"enemies":"3 Darklings","floor":35,"turns":5},{"damage":20,"enemies":"Reptomancer","floor":40,"turns":6},{"damage":42,"enemies":"Giant Head","floor":42,"turns":7},{"damage":3,"enemies":"Reptomancer","floor":45,"turns":5},{"damage":1,"enemies":"3 Shapes","floor":48,"turns":2},{"damage":98,"enemies":"Time Eater","floor":50,"turns":15}],"seed_played":"-549818633669704880","potions_obtained":[{"floor":3.0,"key":"SteroidPotion"},{"floor":6.0,"key":"Explosive Potion"},{"floor":10.0,"key":"Block Potion"},{"floor":10.0,"key":"AttackPotion"},{"floor":12.0,"key":"FearPotion"},{"floor":14.0,"key":"Explosive Potion"},{"floor":18.0,"key":"Fire Potion"},{"floor":21.0,"key":"Weak Potion"},{"floor":22.0,"key":"Fire Potion"},{"floor":27,"key":"GamblersBrew"},{"floor":33,"key":"LiquidBronze"},{"floor":42,"key":"Explosive Potion"},{"floor":45,"key":"SkillPotion"},{"floor":48,"key":"PowerPotion"}],"is_trial":false,"path_per_floor":["M","M","M","T","$","E","?","R","T","?","?","M","M","E","R","B",null,"M","M","$","?","M","R","M","E","T","M","R","?","R","?","R","B",null,"M","?","?","?","$","E","$","E","T","R","E","R","?","M","R","B"],"character_chosen":"THE_SILENT","items_purchased":["Footwork","Shuriken","Cloak And Dagger","Accuracy","Paper Crane","Block Potion","Weak Potion","Swift Potion"],"campfire_rested":5,"item_purchase_floors":[5,20,20,39,39,41,41,41],"current_hp_per_floor":[61,61,61,61,61,47,53,53,53,53,59,56,57,33,33,5,63,55,51,51,47,38,38,22,20,20,21,21,21,45,45,69,38,71,66,88,78,78,78,60,60,20,20,46,45,71,71,72,88,0],"gold":109,"neow_bonus":"UPGRADE_CARD","is_prod":false,"is_daily":false,"chose_seed":false,"campfire_upgraded":4,"win_rate":0,"timestamp":1550432610,"path_taken":["M","M","M","?","?","E","?","R","T","?","?","M","M","E","R","BOSS","M","M","$","?","M","R","M","E","T","M","R","?","R","?","R","BOSS","M","?","?","?","$","E","$","E","T","R","E","R","?","M","R","BOSS"],"build_version":"2019-01-23","purchased_purges":2,"victory":false,"max_hp_per_floor":[70,70,70,70,70,70,76,76,76,76,82,82,82,82,82,82,82,82,82,82,82,82,82,82,82,82,82,82,82,82,82,82,82,82,82,88,88,88,88,88,88,88,88,88,88,88,88,88,88,88],"card_choices":[{"not_picked":["Sucker Punch","Eviscerate"],"picked":"Backstab","floor":1.0},{"not_picked":["Caltrops","Poisoned Stab"],"picked":"Flying Knee","floor":2.0},{"not_picked":["Deflect","Concentrate"],"picked":"Dash","floor":3.0},{"not_picked":["Slice","Setup","Acrobatics"],"picked":"SKIP","floor":6.0},{"not_picked":["Backflip","Dagger Throw"],"picked":"Dagger Spray","floor":12.0},{"not_picked":["Calculated Gamble","Reflex"],"picked":"PiercingWail","floor":13.0},{"not_picked":["Deadly Poison","Deflect"],"picked":"Dagger Throw","floor":14.0},{"not_picked":["Corpse Explosion","Bullet Time"],"picked":"Die Die Die","floor":16.0},{"not_picked":["Outmaneuver","Reflex"],"picked":"Dodge and Roll","floor":18.0},{"not_picked":["Flying Knee","Dagger Spray","PiercingWail+1"],"picked":"SKIP","floor":19.0},{"not_picked":["Bullet Time","Concentrate+1"],"picked":"Cloak And Dagger","floor":21.0},{"not_picked":["Crippling Poison","Dagger Spray","PiercingWail"],"picked":"SKIP","floor":22.0},{"not_picked":["Dagger Spray","Poisoned Stab"],"picked":"Blade Dance","floor":24.0},{"not_picked":["Caltrops","Infinite Blades"],"picked":"Cloak And Dagger+1","floor":25.0},{"not_picked":["Backstab","Prepared"],"picked":"Blur","floor":27},{"not_picked":["Burst","Venomology"],"picked":"Envenom","floor":33},{"not_picked":["Bane+1","Finisher"],"picked":"Skewer+1","floor":35},{"not_picked":["Discovery","Sadistic Nature"],"picked":"Mind Blast","floor":37},{"not_picked":["Panacea","Flash of Steel"],"picked":"Finesse","floor":37},{"not_picked":["Poisoned Stab+1","Blur","Prepared"],"picked":"SKIP","floor":40},{"not_picked":["Concentrate","Dodge and Roll+1"],"picked":"Leg Sweep+1","floor":42},{"not_picked":["Choke","Backflip"],"picked":"Crippling Poison","floor":45},{"not_picked":["Slice+1","Bane+1"],"picked":"Leg Sweep","floor":48}],"player_experience":565157,"relics_obtained":[{"floor":4.0,"key":"Juzu Bracelet"},{"floor":6.0,"key":"Darkstone Periapt"},{"floor":9.0,"key":"Blood Vial"},{"floor":14.0,"key":"Blue Candle"},{"floor":21.0,"key":"Red Mask"},{"floor":25.0,"key":"Boot"},{"floor":26.0,"key":"Bronze Scales"},{"floor":40,"key":"Potion Belt"},{"floor":42,"key":"Pen Nib"},{"floor":43,"key":"Gremlin Horn"},{"floor":45,"key":"Mummified Hand"}],"event_choices":[{"damage_healed":0.0,"max_hp_gain":0.0,"max_hp_loss":0.0,"gold_gain":0.0,"event_name":"Big Fish","player_choice":"Box","floor":7.0,"gold_loss":0.0,"damage_taken":0.0,"relics_obtained":["Ginger"],"cards_obtained":["Regret"]},{"damage_healed":0.0,"max_hp_gain":0.0,"max_hp_loss":0.0,"gold_gain":0.0,"event_name":"The Woman in Blue","player_choice":"Bought 2 Potions","floor":10.0,"gold_loss":0.0,"damage_taken":0.0},{"damage_healed":0.0,"max_hp_gain":0.0,"max_hp_loss":0.0,"gold_gain":0.0,"event_name":"Golden Idol","player_choice":"Take Wound","floor":11.0,"gold_loss":0.0,"damage_taken":0.0,"relics_obtained":["Golden Idol"],"cards_obtained":["Injury"]},{"damage_healed":0.0,"max_hp_gain":0.0,"max_hp_loss":0.0,"gold_gain":0.0,"event_name":"Masked Bandits","player_choice":"Fought Bandits","floor":21.0,"gold_loss":0.0,"damage_taken":0.0},{"cards_removed":["Regret"],"damage_healed":0,"gold_gain":0,"player_choice":"Gave Gold","damage_taken":0,"max_hp_gain":0,"max_hp_loss":0,"event_name":"Beggar","floor":29,"gold_loss":75},{"damage_healed":0,"gold_gain":0,"player_choice":"Upgraded","damage_taken":0,"max_hp_gain":0,"max_hp_loss":0,"event_name":"Upgrade Shrine","floor":31,"gold_loss":0,"cards_upgraded":["Blade Dance"]},{"damage_healed":21,"gold_gain":0,"player_choice":"Writhe","damage_taken":0,"max_hp_gain":0,"max_hp_loss":0,"event_name":"Winding Halls","floor":36,"gold_loss":0,"cards_obtained":["Writhe"]},{"damage_healed":0,"gold_gain":0,"player_choice":"Memory 3","damage_taken":10,"max_hp_gain":0,"max_hp_loss":0,"event_name":"SensoryStone","floor":37,"gold_loss":0},{"damage_healed":0,"gold_gain":333,"player_choice":"Gave Idol","damage_taken":0,"max_hp_gain":0,"max_hp_loss":0,"event_name":"The Moai Head","floor":38,"relics_lost":["Golden Idol"],"gold_loss":0},{"cards_removed":["Die Die Die"],"damage_healed":0,"gold_gain":0,"player_choice":"Removed Attack","damage_taken":0,"max_hp_gain":0,"max_hp_loss":0,"event_name":"Falling","floor":47,"gold_loss":0}],"is_beta":false,"boss_relics":[{"not_picked":["Ectoplasm","WristBlade"],"picked":"Runic Dome"},{"not_picked":["Runic Pyramid","Velvet Choker"],"picked":"Fusion Hammer"}],"items_purged_floors":[5,39],"is_endless":false,"potions_floor_spawned":[3,6,12,14,18,21,22,27,33,42,45,48],"killed_by":"Time Eater","ascension_level":10}