{"path_per_floor":["M","?","M","T","M","R","E","R","T","?","E","R","M","$","R","B",null,"M","M","$","?","?","R","E","R","T","R","?","$","$","E","R","B",null,"M","?","?","M","?","R","E","M","T","$","E","M","?","E","R","B"],"character_chosen":"THE_SILENT","items_purchased":["Corpse Explosion","Leg Sweep+1","Snake Skull","Singing Bowl","Footwork","Dodge and Roll+1","Anchor"],"gold_per_floor":[16,16,31,31,46,46,78,78,78,78,107,107,122,53,53,156,156,175,185,29,29,29,29,360,360,360,360,393,95,95,129,129,234,234,245,245,467,487,487,487,520,532,610,286,311,327,327,355,355,355],"floor_reached":51,"campfire_rested":5,"playtime":2722,"item_purchase_floors":[14,20,29,29,44,44,44],"current_hp_per_floor":[63,63,63,63,62,62,43,43,43,29,23,44,31,31,52,48,65,58,55,55,55,55,55,45,66,66,66,55,55,55,39,60,45,64,56,72,72,72,72,72,69,55,55,55,57,55,57,59,82,48],"items_purged":["Strike_G","Strike_G+1"],"gold":355,"score":1290,"play_id":"71a952da-9ebe-4a36-87e2-6c90b9c1ddb3","local_time":"20180525203444","is_prod":false,"is_daily":false,"chose_seed":false,"is_ascension_mode":true,"campfire_upgraded":5,"win_rate":0,"timestamp":1527305684,"campfire_choices":[{"data":"Neutralize","floor":6,"key":"SMITH"},{"data":"Survivor","floor":8,"key":"SMITH"},{"floor":12,"key":"REST"},{"floor":15,"key":"REST"},{"data":"Corpse Explosion","floor":23,"key":"SMITH"},{"floor":25,"key":"REST"},{"data":"Bane","floor":27,"key":"SMITH"},{"floor":32,"key":"REST"},{"data":"Bane","floor":40,"key":"SMITH"},{"floor":49,"key":"REST"}],"path_taken":["M","?","M","?","?","R","E","R","T","?","E","R","M","$","R","BOSS","M","M","$","?","?","R","E","R","T","R","?","?","$","E","R","BOSS","M","?","?","M","?","R","E","M","T","$","E","M","?","E","R","BOSS"],"build_version":"2018-05-24","seed_source_timestamp":676193990131076,"purchased_purges":2,"victory":true,"master_deck":["Defend_G","Defend_G","Defend_G","Defend_G","Defend_G+1","Survivor+1","Neutralize+1","AscendersBane","Poisoned Stab","Poisoned Stab","Bouncing Flask+1","Deadly Poison+1","Corpse Explosion+1","Adrenaline+1","Bane+1","Leg Sweep+1","Catalyst+1","Writhe","Poisoned Stab","Deadly Poison+1","Crippling Poison+1","Burst+1","Writhe","Bane+1","Dash","Footwork","Dodge and Roll+1"],"max_hp_per_floor":[70,70,70,70,70,70,70,70,70,70,70,70,70,70,70,70,70,70,70,70,70,70,70,70,70,70,70,70,70,70,70,70,70,70,72,72,72,72,72,72,74,74,74,74,76,78,80,82,82,82],"relics":["Ring of the Snake","Toolbox","Toxic Egg 2","Bottled Lightning","Mercury Hourglass","Sozu","Dodecahedron","Old Coin","Kunai","Red Mask","Snake Skull","Singing Bowl","Bag of Preparation","Velvet Choker","Smiling Mask","Centennial Puzzle","Anchor","Juzu Bracelet","Torii"],"card_choices":[{"not_picked":["Dagger Spray","Quick Slash"],"picked":"Poisoned Stab","floor":1},{"not_picked":["Dagger Spray","Infinite Blades"],"picked":"Poisoned Stab","floor":3},{"not_picked":["Reflex","Cloak And Dagger","Quick Slash"],"picked":"SKIP","floor":5},{"not_picked":["Dagger Throw","Dash"],"picked":"Bouncing Flask","floor":7},{"not_picked":["Flechettes","Glass Knife","Slice"],"picked":"SKIP","floor":11},{"not_picked":["Backflip+1","Dagger Throw"],"picked":"Deadly Poison+1","floor":13},{"not_picked":["Doppelganger+1","Die Die Die"],"picked":"Adrenaline+1","floor":16},{"not_picked":["Cloak And Dagger+1","Finisher","Slice+1"],"picked":"SKIP","floor":18},{"not_picked":["Poisoned Stab","Infinite Blades"],"picked":"Bane","floor":19},{"not_picked":["Cloak And Dagger+1","Outmaneuver+1"],"picked":"Poisoned Stab","floor":24},{"not_picked":["Heel Hook+1","Endless Agony"],"picked":"Deadly Poison+1","floor":28},{"not_picked":["Dodge and Roll+1","All Out Attack"],"picked":"Crippling Poison+1","floor":31},{"not_picked":["Wraith Form v2","Phantasmal Killer+1"],"picked":"Burst+1","floor":33},{"not_picked":["Dagger Spray","Prepared+1","Dagger Throw+1"],"picked":"Singing Bowl","floor":35},{"not_picked":["Underhanded Strike","Slice+1"],"picked":"Bane","floor":38},{"not_picked":["After Image","Prepared+1","Flying Knee+1"],"picked":"Singing Bowl","floor":41},{"not_picked":["Flechettes+1","Dagger Spray"],"picked":"Dash","floor":42},{"not_picked":["Backflip+1","Slice","Dagger Throw+1"],"picked":"Singing Bowl","floor":45},{"not_picked":["Sucker Punch+1","Prepared+1","Flying Knee+1"],"picked":"Singing Bowl","floor":46},{"not_picked":["Panacea","Secret Weapon","Finesse"],"picked":"Singing Bowl","floor":47},{"not_picked":["Expertise+1","Outmaneuver+1","Finisher+1"],"picked":"Singing Bowl","floor":48}],"player_experience":502878,"potions_floor_usage":[3,7,11,16,18,24],"damage_taken":[{"damage":0,"enemies":"2 Louse","floor":1,"turns":3},{"damage":0,"enemies":"Cultist","floor":3,"turns":5},{"damage":1,"enemies":"Jaw Worm","floor":5,"turns":4},{"damage":19,"enemies":"Lagavulin","floor":7,"turns":7},{"damage":6,"enemies":"Gremlin Nob","floor":11,"turns":4},{"damage":13,"enemies":"Gremlin Gang","floor":13,"turns":3},{"damage":4,"enemies":"Slime Boss","floor":16,"turns":9},{"damage":7,"enemies":"2 Thieves","floor":18,"turns":3},{"damage":3,"enemies":"3 Byrds","floor":19,"turns":3},{"damage":10,"enemies":"Book of Stabbing","floor":24,"turns":4},{"damage":11,"enemies":"Masked Bandits","floor":28,"turns":5},{"damage":16,"enemies":"Slavers","floor":31,"turns":5},{"damage":15,"enemies":"Automaton","floor":33,"turns":6},{"damage":10,"enemies":"3 Shapes","floor":35,"turns":4},{"damage":0,"enemies":"Orb Walker","floor":38,"turns":1},{"damage":5,"enemies":"Nemesis","floor":41,"turns":3},{"damage":14,"enemies":"3 Darklings","floor":42,"turns":3},{"damage":0,"enemies":"Giant Head","floor":45,"turns":4},{"damage":4,"enemies":"4 Shapes","floor":46,"turns":3},{"damage":0,"enemies":"Nemesis","floor":48,"turns":5},{"damage":34,"enemies":"Awakened One","floor":50,"turns":11}],"relics_obtained":[{"floor":4,"key":"Toolbox"},{"floor":7,"key":"Toxic Egg 2"},{"floor":9,"key":"Bottled Lightning"},{"floor":11,"key":"Mercury Hourglass"},{"floor":24,"key":"Old Coin"},{"floor":26,"key":"Kunai"},{"floor":28,"key":"Red Mask"},{"floor":31,"key":"Bag of Preparation"},{"floor":41,"key":"Smiling Mask"},{"floor":43,"key":"Centennial Puzzle"},{"floor":45,"key":"Juzu Bracelet"},{"floor":48,"key":"Torii"}],"event_choices":[{"event_name":"The Lab","player_choice":"Got Potions","floor":2,"damage_taken":0},{"event_name":"Shining Light","player_choice":"Entered Light","floor":10,"damage_taken":0},{"event_name":"The Library","player_choice":"Read","floor":21,"damage_taken":0},{"event_name":"The Mausoleum","player_choice":"Yes","floor":22,"damage_taken":0},{"event_name":"Masked Bandits","player_choice":"Fought over 360 gold","floor":28,"damage_taken":0},{"event_name":"Winding Halls","player_choice":"Writhe","floor":36,"damage_taken":0},{"event_name":"Tomb of Lord Red Mask","player_choice":"Wore Mask","floor":37,"damage_taken":0},{"event_name":"SensoryStone","player_choice":"Memory 1","floor":47,"damage_taken":0}],"boss_relics":[{"not_picked":["Black Star","Ectoplasm"],"picked":"Sozu"},{"not_picked":["Astrolabe","Calling Bell"],"picked":"Velvet Choker"}],"items_purged_floors":[20,44],"potions_floor_spawned":[5,13,16,18,24,38,48],"seed_played":"-7327129417649965950","ascension_level":11,"potions_obtained":[{"floor":2,"key":"FairyPotion"},{"floor":2,"key":"EntropicBrew"},{"floor":2,"key":"Swift Potion"},{"floor":5,"key":"Fire Potion"},{"floor":13,"key":"PowerPotion"},{"floor":16,"key":"PowerPotion"}],"is_trial":false}