{"gold_per_floor":[115,130,140,157,157,157,184,184,236,236,252,327,327,375,375,447,447,459,459,374,20,20,20,20,36,36,36,36,36,70,119,119,119],"floor_reached":33,"playtime":924,"items_purged":["Strike_B"],"score":479,"play_id":"f780a427-44a5-4bf9-a156-167477f9c31c","local_time":"20190117211401","is_ascension_mode":true,"campfire_choices":[{"data":"Zap","floor":6.0,"key":"SMITH"},{"data":"Dualcast","floor":8.0,"key":"SMITH"},{"data":"Loop","floor":10.0,"key":"SMITH"},{"floor":15,"key":"REST"},{"data":"Ball Lightning","floor":23,"key":"SMITH"},{"data":"Cold Snap","floor":27,"key":"SMITH"},{"data":"Tempest","floor":29,"key":"SMITH"},{"data":"Cold Snap","floor":32,"key":"SMITH"}],"neow_cost":"NONE","seed_source_timestamp":0,"circlet_count":0,"master_deck":["AscendersBane","Strike_B+1","Strike_B","Strike_B+1","Defend_B","Defend_B","Defend_B","Defend_B","Zap+1","Dualcast+1","Loop+1","FTL","Cold Snap+1","Ball Lightning+1","Tempest+1","Echo Form","Cold Snap","Cold Snap+1","Self Repair"],"special_seed":0,"relics":["Cracked Core","Ornamental Fan","Whetstone","Anchor","Omamori","Runic Dome","Pear","Blue Candle","Kunai","MutagenicStrength","Pen Nib","Darkstone Periapt","Ancient Tea Set"],"potions_floor_usage":[11,16,30],"damage_taken":[{"damage":14.0,"enemies":"Small Slimes","floor":1.0,"turns":3.0},{"damage":2.0,"enemies":"2 Louse","floor":2.0,"turns":3.0},{"damage":2.0,"enemies":"Jaw Worm","floor":3.0,"turns":3.0},{"damage":7.0,"enemies":"Looter","floor":4.0,"turns":3.0},{"damage":5.0,"enemies":"Lagavulin","floor":7.0,"turns":6.0},{"damage":0,"enemies":"Exordium Wildlife","floor":11,"turns":2},{"damage":26,"enemies":"Slime Boss","floor":16,"turns":8},{"damage":18,"enemies":"Chosen","floor":18,"turns":5},{"damage":2,"enemies":"3 Byrds","floor":25,"turns":3},{"damage":28,"enemies":"Gremlin Leader","floor":30,"turns":8},{"damage":43,"enemies":"Champ","floor":33,"turns":8}],"seed_played":"3534372175324586785","potions_obtained":[{"floor":1.0,"key":"Explosive Potion"},{"floor":3.0,"key":"Weak Potion"},{"floor":7.0,"key":"Weak Potion"},{"floor":25,"key":"Regen Potion"},{"floor":30,"key":"SpeedPotion"}],"is_trial":false,"path_per_floor":["M","M","M","M","?","R","E","R","T","R","M","?","?","T","R","B",null,"M","?","?","$","$","R","?","M","T","R","$","R","E","T","R","B"],"character_chosen":"DEFECT","items_purchased":["Kunai"],"campfire_rested":1,"item_purchase_floors":[21],"current_hp_per_floor":[57,55,53,46,35,35,30,30,30,30,30,19,19,19,42,16,63,45,55,55,55,55,55,55,53,53,53,53,53,40,40,40,0],"gold":119,"neow_bonus":"TEN_PERCENT_HP_BONUS","is_prod":false,"is_daily":false,"chose_seed":false,"campfire_upgraded":7,"win_rate":0,"timestamp":1547788441,"path_taken":["M","M","M","M","?","R","E","R","T","R","M","?","?","?","R","BOSS","M","?","?","?","$","R","?","M","T","R","?","R","E","?","R","BOSS"],"build_version":"2019-01-17","purchased_purges":1,"victory":false,"max_hp_per_floor":[78,78,78,78,78,78,78,78,78,78,78,78,78,78,78,78,78,78,88,88,88,88,88,88,88,88,88,88,88,88,88,88,88],"card_choices":[{"not_picked":["Chaos","Steam","Compile Driver"],"picked":"SKIP","floor":1.0},{"not_picked":["Turbo","FTL"],"picked":"Loop","floor":2.0},{"not_picked":["Static Discharge","Barrage"],"picked":"FTL","floor":3.0},{"not_picked":["Redo","Coolheaded"],"picked":"Cold Snap","floor":4.0},{"not_picked":["Buffer","Beam Cell"],"picked":"Ball Lightning","floor":7.0},{"not_picked":["Compile Driver","Hello World"],"picked":"Tempest","floor":11},{"not_picked":["All For One","Fission"],"picked":"Echo Form","floor":16},{"not_picked":["Ball Lightning","Reinforced Body"],"picked":"Cold Snap","floor":18},{"not_picked":["Barrage","Leap"],"picked":"Cold Snap","floor":25},{"not_picked":["Undo","Force Field"],"picked":"Self Repair","floor":30}],"player_experience":1143288,"relics_obtained":[{"floor":7.0,"key":"Whetstone"},{"floor":9.0,"key":"Anchor"},{"floor":14,"key":"Omamori"},{"floor":26,"key":"Pen Nib"},{"floor":30,"key":"Darkstone Periapt"},{"floor":31,"key":"Ancient Tea Set"}],"event_choices":[{"damage_healed":0.0,"max_hp_gain":0.0,"max_hp_loss":0.0,"gold_gain":0.0,"event_name":"Scrap Ooze","player_choice":"Success","floor":5.0,"gold_loss":0.0,"damage_taken":11.0,"relics_obtained":["Ornamental Fan"]},{"damage_healed":0,"gold_gain":75,"player_choice":"Gather Gold","damage_taken":11,"max_hp_gain":0,"max_hp_loss":0,"event_name":"World of Goop","floor":12,"gold_loss":0},{"damage_healed":0,"gold_gain":0,"player_choice":"Ignored","damage_taken":0,"max_hp_gain":0,"max_hp_loss":0,"event_name":"Shining Light","floor":13,"gold_loss":0},{"damage_healed":0,"gold_gain":0,"player_choice":"Opened","damage_taken":0,"relics_obtained":["Pear"],"max_hp_gain":0,"max_hp_loss":0,"event_name":"The Mausoleum","floor":19,"gold_loss":0,"cards_obtained":["Writhe"]},{"damage_healed":0,"gold_gain":0,"player_choice":"Obtained Relic","damage_taken":0,"relics_obtained":["Blue Candle"],"max_hp_gain":0,"max_hp_loss":0,"event_name":"Addict","floor":20,"gold_loss":85},{"damage_healed":0,"gold_gain":0,"player_choice":"Inject Mutagens","damage_taken":0,"relics_obtained":["MutagenicStrength"],"max_hp_gain":0,"max_hp_loss":0,"event_name":"Drug Dealer","floor":24,"gold_loss":0}],"is_beta":false,"boss_relics":[{"not_picked":["Nuclear Battery","Tiny House"],"picked":"Runic Dome"}],"items_purged_floors":[21],"is_endless":false,"potions_floor_spawned":[1,3,7,25,30],"killed_by":"Champ","ascension_level":17}