{"gold_per_floor":[113,131,150,150,170,170,196,215,264,264,264,15,34,49,49,139,139,160,178,178],"floor_reached":20,"playtime":1376,"items_purged":["Regret"],"score":347,"play_id":"8e8ad9fc-c9c0-416d-8f99-4f2e1c0b0e9e","local_time":"20190228203448","is_ascension_mode":true,"campfire_choices":[{"data":"Zap","floor":6.0,"key":"SMITH"},{"floor":10.0,"key":"REST"},{"data":"Dualcast","floor":15.0,"key":"SMITH"}],"neow_cost":"NONE","seed_source_timestamp":725477475654,"circlet_count":0,"master_deck":["AscendersBane","Strike_B","Strike_B","Strike_B","Strike_B","Defend_B","Defend_B","Defend_B","Defend_B","Zap+1","Dualcast+1","Cold Snap","Cold Snap","Hologram","Steam","Loop","Injury","Leap","Ball Lightning","Ball Lightning","Buffer"],"special_seed":0,"relics":["Cracked Core","Meat on the Bone","Blue Candle","Smiling Mask","Golden Idol","Strawberry","Inserter"],"potions_floor_usage":[20,20],"damage_taken":[{"damage":4.0,"enemies":"Small Slimes","floor":1.0,"turns":3.0},{"damage":10.0,"enemies":"Jaw Worm","floor":2.0,"turns":4.0},{"damage":3.0,"enemies":"2 Louse","floor":3.0,"turns":2.0},{"damage":7.0,"enemies":"Blue Slaver","floor":5.0,"turns":4.0},{"damage":28.0,"enemies":"3 Sentries","floor":7.0,"turns":10.0},{"damage":23.0,"enemies":"Exordium Thugs","floor":8.0,"turns":5.0},{"damage":7.0,"enemies":"2 Fungi Beasts","floor":13.0,"turns":3.0},{"damage":5.0,"enemies":"Looter","floor":14.0,"turns":3.0},{"damage":5.0,"enemies":"The Guardian","floor":16.0,"turns":12.0},{"damage":25.0,"enemies":"Shell Parasite","floor":18.0,"turns":6.0},{"damage":11.0,"enemies":"Spheric Guardian","floor":19.0,"turns":4.0},{"damage":51,"enemies":"Colosseum Slavers","floor":20,"turns":5}],"seed_played":"-5232111852566297868","potions_obtained":[{"floor":2.0,"key":"Dexterity Potion"},{"floor":8.0,"key":"FearPotion"},{"floor":13.0,"key":"SpeedPotion"},{"floor":19.0,"key":"GamblersBrew"}],"is_trial":false,"path_per_floor":["M","M","M","?","M","R","E","M","T","R","?","$","M","M","R","B",null,"M","M","?"],"character_chosen":"DEFECT","items_purchased":["Leap","Strawberry"],"campfire_rested":1,"item_purchase_floors":[12,12],"current_hp_per_floor":[67,57,54,54,47,47,31,20,20,43,43,50,43,50,50,45,75,50,51,0],"gold":178,"neow_bonus":"TEN_PERCENT_HP_BONUS","is_prod":false,"is_daily":false,"chose_seed":false,"campfire_upgraded":2,"win_rate":0,"timestamp":1551414888,"path_taken":["M","M","M","?","M","R","E","M","T","R","?","$","M","M","R","BOSS","M","M","?"],"build_version":"2019-01-23","purchased_purges":1,"victory":false,"max_hp_per_floor":[78,78,78,78,78,78,78,78,78,78,78,85,85,85,85,85,85,85,85,85],"card_choices":[{"not_picked":["Stack","Go for the Eyes"],"picked":"Cold Snap","floor":1.0},{"not_picked":["Static Discharge","Coolheaded"],"picked":"Cold Snap","floor":2.0},{"not_picked":["Conserve Battery","Turbo"],"picked":"Hologram","floor":3.0},{"not_picked":["Beam Cell","Redo"],"picked":"Steam","floor":5.0},{"not_picked":["Blizzard","Stack","Steam"],"picked":"SKIP","floor":7.0},{"not_picked":["Fusion","Force Field"],"picked":"Loop","floor":8.0},{"not_picked":["Steam","Coolheaded"],"picked":"Ball Lightning","floor":13.0},{"not_picked":["Melter","Steam"],"picked":"Ball Lightning","floor":14.0},{"not_picked":["Multi-Cast","Amplify"],"picked":"Buffer","floor":16.0},{"not_picked":["Turbo","Skim","Compile Driver"],"picked":"SKIP","floor":19.0}],"player_experience":1239912,"relics_obtained":[{"floor":7.0,"key":"Blue Candle"},{"floor":9.0,"key":"Smiling Mask"}],"event_choices":[{"damage_healed":0.0,"max_hp_gain":0.0,"max_hp_loss":0.0,"gold_gain":0.0,"event_name":"Big Fish","player_choice":"Box","floor":4.0,"gold_loss":0.0,"damage_taken":0.0,"relics_obtained":["Meat on the Bone"],"cards_obtained":["Regret"]},{"damage_healed":0.0,"max_hp_gain":0.0,"max_hp_loss":0.0,"gold_gain":0.0,"event_name":"Golden Idol","player_choice":"Take Wound","floor":11.0,"gold_loss":0.0,"damage_taken":0.0,"relics_obtained":["Golden Idol"],"cards_obtained":["Injury"]},{"damage_healed":0,"gold_gain":0,"player_choice":"Fight","damage_taken":0,"max_hp_gain":0,"max_hp_loss":0,"event_name":"Colosseum","floor":20,"gold_loss":0}],"is_beta":false,"boss_relics":[{"not_picked":["Empty Cage","FrozenCore"],"picked":"Inserter"}],"items_purged_floors":[12],"is_endless":false,"potions_floor_spawned":[2,8,13,14,19],"killed_by":"Colosseum Slavers","ascension_level":19}