{"gold_per_floor":[111,111,129,129,141,103,103,29,29,29,58,73,98,98,98,203,203,221,221,221,221,231,258,2,2,2,2,21,31,31,51,51,51],"floor_reached":33,"playtime":2464,"items_purged":[],"score":298,"play_id":"6cd1b698-bf4b-425e-adc8-72b291e5838a","local_time":"20181228015055","is_ascension_mode":false,"campfire_choices":[{"data":"Neutralize","floor":7.0,"key":"SMITH"},{"data":"Survivor","floor":10.0,"key":"SMITH"},{"data":"Flying Knee","floor":15.0,"key":"SMITH"},{"data":"Envenom","floor":25.0,"key":"SMITH"},{"data":"Blade Dance","floor":27.0,"key":"SMITH"},{"data":"Flying Knee","floor":30.0,"key":"SMITH"},{"floor":32.0,"key":"REST"}],"neow_cost":"NONE","seed_source_timestamp":39161832010135,"circlet_count":0,"master_deck":["Defend_G","Defend_G","Defend_G","Defend_G","Defend_G","Strike_G+1","Strike_G","Strike_G+1","Strike_G","Survivor+1","Neutralize+1","Flying Knee","Flying Knee+1","Dagger Throw","Terror","Well Laid Plans","Backflip","Dagger Spray","Tools of the Trade","Blade Dance+1","PiercingWail","Dagger Throw+1","Envenom+1","Acrobatics","Flying Knee+1","Deflect"],"special_seed":0,"relics":["Ring of the Serpent","Pear","Pantograph","Dream Catcher","Pen Nib","Whetstone","Letter Opener","StoneCalendar"],"potions_floor_usage":[33],"damage_taken":[{"damage":0.0,"enemies":"Jaw Worm","floor":1.0,"turns":5.0},{"damage":0.0,"enemies":"Small Slimes","floor":3.0,"turns":3.0},{"damage":0.0,"enemies":"Cultist","floor":5.0,"turns":3.0},{"damage":16.0,"enemies":"Lagavulin","floor":11.0,"turns":4.0},{"damage":9.0,"enemies":"Large Slime","floor":12.0,"turns":5.0},{"damage":12.0,"enemies":"Gremlin Nob","floor":13.0,"turns":4.0},{"damage":6.0,"enemies":"Slime Boss","floor":16.0,"turns":7.0},{"damage":5.0,"enemies":"Shell Parasite","floor":18.0,"turns":5.0},{"damage":0.0,"enemies":"Chosen","floor":22.0,"turns":4.0},{"damage":29.0,"enemies":"Book of Stabbing","floor":23.0,"turns":6.0},{"damage":18.0,"enemies":"Sentry and Sphere","floor":28.0,"turns":5.0},{"damage":16.0,"enemies":"Chosen and Byrds","floor":29.0,"turns":5.0},{"damage":17.0,"enemies":"3 Cultists","floor":31.0,"turns":6.0},{"damage":71,"enemies":"Collector","floor":33,"turns":6}],"seed_played":"-6609431304400367386","potions_obtained":[{"floor":1.0,"key":"Block Potion"},{"floor":3.0,"key":"EntropicBrew"},{"floor":11.0,"key":"Ancient Potion"},{"floor":18.0,"key":"Ancient Potion"}],"is_trial":false,"path_per_floor":["M","?","M","?","M","$","R","$","T","R","E","M","E","?","R","B",null,"M","?","?","?","M","E","$","R","T","R","M","M","R","M","R","B"],"character_chosen":"THE_SILENT","items_purchased":["Terror","Well Laid Plans","Letter Opener"],"campfire_rested":1,"item_purchase_floors":[6,8,24],"current_hp_per_floor":[77,77,77,77,77,77,77,77,87,87,71,62,50,47,47,66,87,82,82,82,82,82,53,53,53,53,53,35,19,19,2,28,0],"gold":51,"neow_bonus":"TEN_PERCENT_HP_BONUS","is_prod":false,"is_daily":false,"chose_seed":false,"campfire_upgraded":6,"win_rate":0.0,"timestamp":1545958255,"path_taken":["M","?","M","?","?","$","R","$","T","R","E","M","E","?","R","BOSS","M","?","?","?","M","E","$","R","T","R","?","M","R","M","R","BOSS"],"build_version":"2018-12-20","purchased_purges":0,"victory":false,"max_hp_per_floor":[77,77,77,77,77,77,77,77,87,87,87,87,87,87,87,87,87,87,87,87,87,87,87,87,87,87,87,87,87,87,87,87,87],"card_choices":[{"not_picked":["Well Laid Plans","Poisoned Stab"],"picked":"Flying Knee","floor":1.0},{"not_picked":["Riddle With Holes","Dagger Spray"],"picked":"Flying Knee","floor":3.0},{"not_picked":["Flying Knee","Dodge and Roll"],"picked":"Dagger Throw","floor":5.0},{"not_picked":["Dagger Spray","A Thousand Cuts"],"picked":"Backflip","floor":11.0},{"not_picked":["Caltrops","Flechettes","Dodge and Roll"],"picked":"SKIP","floor":12.0},{"not_picked":["Terror","Crippling Poison"],"picked":"Dagger Spray","floor":13.0},{"not_picked":["Doppelganger","Venomology"],"picked":"Tools of the Trade","floor":16.0},{"not_picked":["Dagger Spray","Tactician+1"],"picked":"Blade Dance","floor":18.0},{"not_picked":["Dodge and Roll","Skewer+1"],"picked":"Dagger Throw+1","floor":22.0},{"not_picked":["Flechettes","Slice"],"picked":"Envenom","floor":23.0},{"not_picked":["Dagger Throw","Poisoned Stab"],"picked":"Acrobatics","floor":28.0},{"not_picked":["Deflect","Skewer+1"],"picked":"Flying Knee","floor":29.0},{"not_picked":["Prepared","Reflex","Dagger Throw"],"picked":"SKIP","floor":31.0},{"not_picked":["Deadly Poison","Backflip"],"picked":"Deflect","floor":32.0}],"player_experience":8719,"relics_obtained":[{"floor":9.0,"key":"Pear"},{"floor":11.0,"key":"Pantograph"},{"floor":13.0,"key":"Dream Catcher"},{"floor":23.0,"key":"Whetstone"},{"floor":26.0,"key":"StoneCalendar"}],"event_choices":[{"damage_healed":0.0,"max_hp_gain":0.0,"max_hp_loss":0.0,"gold_gain":0.0,"event_name":"The Cleric","player_choice":"Leave","floor":2.0,"gold_loss":0.0,"damage_taken":0.0},{"damage_healed":0.0,"max_hp_gain":0.0,"max_hp_loss":0.0,"gold_gain":0.0,"event_name":"The Woman in Blue","player_choice":"Bought 0 Potions","floor":4.0,"gold_loss":0.0,"damage_taken":0.0},{"damage_healed":0.0,"max_hp_gain":0.0,"max_hp_loss":0.0,"gold_gain":0.0,"event_name":"Scrap Ooze","player_choice":"Success","floor":14.0,"gold_loss":0.0,"damage_taken":3.0,"relics_obtained":["Pen Nib"]},{"damage_healed":0.0,"max_hp_gain":0.0,"max_hp_loss":0.0,"gold_gain":0.0,"event_name":"Cursed Tome","player_choice":"Ignored","floor":19.0,"gold_loss":0.0,"damage_taken":0.0},{"cards_removed":["Strike_G"],"damage_healed":0.0,"max_hp_gain":0.0,"max_hp_loss":0.0,"gold_gain":0.0,"event_name":"Back to Basics","player_choice":"Elegance","floor":20.0,"gold_loss":0.0,"damage_taken":0.0},{"damage_healed":0.0,"max_hp_gain":0.0,"max_hp_loss":0.0,"gold_gain":0.0,"event_name":"The Library","player_choice":"Read","floor":21.0,"gold_loss":0.0,"damage_taken":0.0,"cards_obtained":["PiercingWail"]}],"is_beta":false,"boss_relics":[{"not_picked":["White Beast Statue","Busted Crown"],"picked":"Ring of the Serpent"}],"items_purged_floors":[],"is_endless":false,"potions_floor_spawned":[1,3,11,18],"killed_by":"Collector","ascension_level":0}