{"gold_per_floor":[110,110,60,83,106,137,137,137,137,137,237,277,298,336,336,459,459,474,69,52,77,96,140,140,158,213,229,139,139,162,197,197,321,321,334,334,334,354,378,442,29,362,387,413,413,438,453,465,465,465,465,465,23,57,57],"floor_reached":55,"playtime":4557,"items_purged":["Defend_G","Defend_G"],"score":837,"play_id":"9588de2b-3e85-4823-ab45-1644752a560e","local_time":"20190424002750","is_ascension_mode":false,"campfire_choices":[{"data":"Dash","floor":7.0,"key":"SMITH"},{"data":"Neutralize","floor":10.0,"key":"SMITH"},{"data":"Dagger Throw","floor":15.0,"key":"SMITH"},{"floor":24.0,"key":"RECALL"},{"floor":32.0,"key":"REST"},{"floor":45.0,"key":"REST"},{"floor":49,"key":"REST"},{"floor":52,"key":"REST"}],"neow_cost":"NONE","seed_source_timestamp":24998278400981,"circlet_count":0,"master_deck":["Defend_G","Strike_G","Strike_G","Survivor","Neutralize+1","Well Laid Plans+1","Prepared+1","Backflip","Backflip","Dash+1","Leg Sweep","Cloak And Dagger","Dagger Throw+1","After Image","Slice","Riddle With Holes","Footwork","Blur+1","Cloak And Dagger+1","Endless Agony+1","Flying Knee","Predator+1","Dagger Throw+1","Adrenaline","Backflip","Madness","Madness","Dash","Dagger Spray+1","Dodge and Roll","Chrysalis+1","Underhanded Strike+1","Finisher+1","Quick Slash+1","Glass Knife","Caltrops"],"special_seed":0,"relics":["Astrolabe","Juzu Bracelet","Strawberry","Paper Crane","Fusion Hammer","Ice Cream","Orichalcum","Tiny Chest","Bag of Marbles","Pen Nib","WristBlade","Ginger","Bronze Scales","War Paint","Incense Burner","Lantern","Vajra","Oddly Smooth Stone","Tough Bandages"],"potions_floor_usage":[50,50],"damage_taken":[{"damage":0.0,"enemies":"Small Slimes","floor":1.0,"turns":5.0},{"damage":0.0,"enemies":"Cultist","floor":4.0,"turns":4.0},{"damage":0.0,"enemies":"2 Louse","floor":5.0,"turns":3.0},{"damage":13.0,"enemies":"3 Sentries","floor":6.0,"turns":19.0},{"damage":4.0,"enemies":"Gremlin Nob","floor":12.0,"turns":6.0},{"damage":5.0,"enemies":"2 Fungi Beasts","floor":13.0,"turns":6.0},{"damage":0.0,"enemies":"3 Sentries","floor":14.0,"turns":12.0},{"damage":21.0,"enemies":"Hexaghost","floor":16.0,"turns":17.0},{"damage":0.0,"enemies":"3 Byrds","floor":18.0,"turns":8.0},{"damage":6.0,"enemies":"2 Thieves","floor":20.0,"turns":5.0},{"damage":3.0,"enemies":"Snecko","floor":21.0,"turns":7.0},{"damage":0.0,"enemies":"3 Cultists","floor":22.0,"turns":7.0},{"damage":0.0,"enemies":"Book of Stabbing","floor":23.0,"turns":7.0},{"damage":1.0,"enemies":"Centurion and Healer","floor":25.0,"turns":7.0},{"damage":1.0,"enemies":"Cultist and Chosen","floor":27.0,"turns":8.0},{"damage":1.0,"enemies":"Snecko","floor":30.0,"turns":5.0},{"damage":8.0,"enemies":"Slavers","floor":31.0,"turns":6.0},{"damage":8.0,"enemies":"Automaton","floor":33.0,"turns":11.0},{"damage":7.0,"enemies":"3 Shapes","floor":35.0,"turns":4.0},{"damage":0.0,"enemies":"Orb Walker","floor":38.0,"turns":2.0},{"damage":0.0,"enemies":"Transient","floor":39.0,"turns":5.0},{"damage":11.0,"enemies":"2 Orb Walkers","floor":40.0,"turns":5.0},{"damage":1.0,"enemies":"Giant Head","floor":44.0,"turns":8.0},{"damage":1.0,"enemies":"Reptomancer","floor":46.0,"turns":7.0},{"damage":5.0,"enemies":"3 Darklings","floor":47.0,"turns":5.0},{"damage":29,"enemies":"Writhing Mass","floor":48,"turns":6},{"damage":6,"enemies":"Awakened One","floor":50,"turns":12},{"damage":38,"enemies":"Shield and Spear","floor":54,"turns":7},{"damage":42,"enemies":"The Heart","floor":55,"turns":3}],"seed_played":"6302196813609885125","potions_obtained":[{"floor":4.0,"key":"PowerPotion"},{"floor":5.0,"key":"Weak Potion"},{"floor":6.0,"key":"Fire Potion"},{"floor":16.0,"key":"Explosive Potion"},{"floor":20.0,"key":"GhostInAJar"},{"floor":22.0,"key":"EssenceOfSteel"},{"floor":23.0,"key":"SteroidPotion"},{"floor":31.0,"key":"Dexterity Potion"},{"floor":35.0,"key":"AttackPotion"},{"floor":38.0,"key":"FearPotion"},{"floor":40.0,"key":"AttackPotion"},{"floor":46.0,"key":"SmokeBomb"}],"is_trial":false,"path_per_floor":["M","?","?","M","M","E","R","?","T","R","?","E","M","E","R","B",null,"M","$","M","M","M","E","R","M","T","M","?","T","M","E","R","B",null,"M","?","?","M","M","?","$","?","T","E","R","E","M","M","R","B",null,"R","$","E","B"],"character_chosen":"THE_SILENT","items_purchased":["Infinite Blades","Ice Cream","Riddle With Holes","Chrysalis","Bronze Scales","Vajra","Oddly Smooth Stone","Caltrops"],"campfire_rested":4,"item_purchase_floors":[19,19,19,41,41,53,53,53],"current_hp_per_floor":[70,53,53,53,53,40,40,33,33,33,33,36,31,31,31,10,77,77,77,71,68,68,68,68,67,67,66,66,66,65,57,77,69,77,70,60,60,60,60,49,49,49,49,48,71,70,65,36,59,53,77,77,77,39,0],"gold":57,"neow_bonus":"BOSS_RELIC","is_prod":false,"is_daily":false,"chose_seed":false,"campfire_upgraded":3,"win_rate":0,"timestamp":1556090870,"path_taken":["M","?","?","M","M","E","R","?","T","R","?","E","M","E","R","BOSS","M","$","M","M","M","E","R","M","T","M","?","?","M","E","R","BOSS","M","?","?","M","M","?","$","?","T","E","R","E","M","M","R","BOSS","R","$","E","BOSS"],"build_version":"2019-01-23","purchased_purges":2,"victory":false,"max_hp_per_floor":[70,70,70,70,70,70,70,70,70,70,70,77,77,77,77,77,77,77,77,77,77,77,77,77,77,77,77,77,77,77,77,77,77,77,77,77,77,77,77,77,77,77,77,77,77,77,77,77,77,77,77,77,77,77,77],"card_choices":[{"not_picked":["Crippling Poison","Prepared"],"picked":"Backflip","floor":1.0},{"not_picked":["Crippling Poison","Flying Knee"],"picked":"Backflip","floor":4.0},{"not_picked":["Calculated Gamble","Bane","Acrobatics"],"picked":"SKIP","floor":5.0},{"not_picked":["Catalyst","Die Die Die"],"picked":"Dash","floor":6.0},{"not_picked":["Blade Dance","Poisoned Stab"],"picked":"Leg Sweep","floor":12.0},{"not_picked":["Well Laid Plans","Underhanded Strike"],"picked":"Cloak And Dagger","floor":13.0},{"not_picked":["Storm of Steel","Tactician"],"picked":"Dagger Throw","floor":14.0},{"not_picked":["Malaise","Grand Finale"],"picked":"After Image","floor":16.0},{"not_picked":["Sucker Punch","Leg Sweep+1"],"picked":"Slice","floor":18.0},{"not_picked":["PiercingWail","Eviscerate+1"],"picked":"Footwork","floor":20.0},{"not_picked":["Poisoned Stab","Concentrate"],"picked":"Blur","floor":21.0},{"not_picked":["Blur","Flechettes"],"picked":"Cloak And Dagger","floor":22.0},{"not_picked":["All Out Attack","Outmaneuver"],"picked":"Endless Agony+1","floor":23.0},{"not_picked":["Masterful Stab","Outmaneuver"],"picked":"Flying Knee","floor":25.0},{"not_picked":["Corpse Explosion","Underhanded Strike+1"],"picked":"Predator+1","floor":27.0},{"not_picked":["Deflect","Quick Slash+1","Poisoned Stab"],"picked":"SKIP","floor":30.0},{"not_picked":["Footwork","Expertise"],"picked":"Dagger Throw+1","floor":31.0},{"not_picked":["Grand Finale","Burst"],"picked":"Adrenaline","floor":33.0},{"not_picked":["Slice","Bane"],"picked":"Backflip","floor":35.0},{"not_picked":["Underhanded Strike","Bane+1"],"picked":"Dash","floor":38.0},{"not_picked":["Bouncing Flask+1","Blur"],"picked":"Dagger Spray+1","floor":39.0},{"not_picked":["Deflect","Distraction"],"picked":"Dodge and Roll","floor":40.0},{"not_picked":["Cloak And Dagger","Slice"],"picked":"Underhanded Strike+1","floor":44.0},{"not_picked":["Footwork+1","Noxious Fumes"],"picked":"Finisher+1","floor":46.0},{"not_picked":["Acrobatics","Dodge and Roll+1"],"picked":"Quick Slash+1","floor":47.0},{"not_picked":["Slice+1","Quick Slash+1"],"picked":"Glass Knife","floor":48},{"not_picked":["Dagger Throw+1","Poisoned Stab","Sucker Punch+1"],"picked":"SKIP","floor":54}],"player_experience":1262135,"relics_obtained":[{"floor":6.0,"key":"Juzu Bracelet"},{"floor":12.0,"key":"Strawberry"},{"floor":14.0,"key":"Paper Crane"},{"floor":23.0,"key":"Orichalcum"},{"floor":26.0,"key":"Tiny Chest"},{"floor":29.0,"key":"Bag of Marbles"},{"floor":31.0,"key":"Pen Nib"},{"floor":40.0,"key":"Ginger"},{"floor":43.0,"key":"War Paint"},{"floor":44.0,"key":"Incense Burner"},{"floor":46.0,"key":"Lantern"},{"floor":54,"key":"Tough Bandages"}],"event_choices":[{"damage_healed":0.0,"max_hp_gain":0.0,"max_hp_loss":0.0,"gold_gain":0.0,"event_name":"Golden Idol","player_choice":"Take Damage","floor":2.0,"gold_loss":0.0,"damage_taken":17.0,"relics_obtained":["Golden Idol"]},{"cards_removed":["Defend_G"],"damage_healed":0.0,"max_hp_gain":0.0,"max_hp_loss":0.0,"gold_gain":0.0,"event_name":"The Cleric","player_choice":"Card Removal","floor":3.0,"gold_loss":50.0,"damage_taken":0.0},{"cards_removed":["Expertise"],"damage_healed":0.0,"max_hp_gain":0.0,"max_hp_loss":0.0,"gold_gain":0.0,"event_name":"Golden Wing","player_choice":"Card Removal","floor":8.0,"gold_loss":0.0,"damage_taken":7.0},{"damage_healed":0.0,"max_hp_gain":0.0,"max_hp_loss":0.0,"gold_gain":100.0,"event_name":"Golden Shrine","player_choice":"Pray","floor":11.0,"gold_loss":0.0,"damage_taken":0.0},{"cards_removed":["Defend_G"],"damage_healed":0.0,"max_hp_gain":0.0,"max_hp_loss":0.0,"gold_gain":0.0,"event_name":"Designer","player_choice":"Upgrade and Remove","floor":28.0,"gold_loss":90.0,"damage_taken":0.0,"cards_upgraded":["Cloak And Dagger"]},{"damage_healed":0.0,"max_hp_gain":0.0,"max_hp_loss":0.0,"gold_gain":0.0,"event_name":"Winding Halls","player_choice":"Embrace Madness","floor":36.0,"gold_loss":0.0,"damage_taken":10.0,"cards_obtained":["Madness","Madness"]},{"cards_removed":["Infinite Blades"],"damage_healed":0.0,"max_hp_gain":0.0,"max_hp_loss":0.0,"gold_gain":0.0,"event_name":"Falling","player_choice":"Removed Power","floor":37.0,"gold_loss":0.0,"damage_taken":0.0},{"damage_healed":0.0,"max_hp_gain":0.0,"max_hp_loss":0.0,"gold_gain":0.0,"event_name":"Mysterious Sphere","player_choice":"Fight","floor":40.0,"gold_loss":0.0,"damage_taken":0.0},{"damage_healed":0.0,"max_hp_gain":0.0,"max_hp_loss":0.0,"gold_gain":333.0,"event_name":"The Moai Head","player_choice":"Gave Idol","floor":42.0,"relics_lost":["Golden Idol"],"gold_loss":0.0,"damage_taken":0.0}],"is_beta":false,"boss_relics":[{"not_picked":["Black Star","Snecko Eye"],"picked":"Fusion Hammer"},{"not_picked":["Empty Cage","Cursed Key"],"picked":"WristBlade"}],"items_purged_floors":[41,53],"is_endless":false,"potions_floor_spawned":[4,5,6,16,20,22,23,31,35,38,40,46],"killed_by":"The Heart","ascension_level":0}