{"path_per_floor":["M","M","M","$","M","R","E","R","T","M","M","M","E"],"character_chosen":"THE_SILENT","items_purchased":["Noxious Fumes"],"gold_per_floor":[114,129,149,39,57,57,88,88,88,98,114,133,458,458],"floor_reached":14,"campfire_rested":0,"playtime":845,"current_hp_per_floor":[58,50,43,43,42,42,34,34,34,29,26,15,10,0],"items_purged":["Phantasmal Killer"],"gold":458,"score":140,"play_id":"3eda0307-582b-44f8-b9ce-c4a0ffddd539","local_time":"20180422040537","is_prod":false,"is_daily":false,"chose_seed":false,"is_ascension_mode":true,"campfire_upgraded":2,"timestamp":1524395137,"path_taken":["M","?","M","$","M","R","E","R","T","?","M","M","E","M"],"build_version":"2018-04-19","seed_source_timestamp":148959971281428,"purchased_purges":1,"victory":false,"master_deck":["Defend_G","Defend_G","Defend_G","Defend_G","Defend_G","Strike_G","Strike_G","Strike_G","Strike_G","Strike_G","Survivor","Neutralize+1","Slice","After Image","Noxious Fumes+1","Deadly Poison","Backflip","Poisoned Stab","Slice","Slice"],"max_hp_per_floor":[70,70,70,70,70,70,70,70,70,70,70,70,70,70],"relics":["Ring of the Snake","Bag of Marbles","Gremlin Horn","Old Coin"],"card_choices":[{"not_picked":["Prepared","Bane"],"picked":"Slice","floor":2},{"not_picked":["Calculated Gamble","Prepared"],"picked":"After Image","floor":3},{"not_picked":["Poisoned Stab","Sucker Punch"],"picked":"Deadly Poison","floor":5},{"not_picked":["Storm of Steel","Masterful Stab"],"picked":"Backflip","floor":7},{"not_picked":["Deflect","Escape Plan"],"picked":"Poisoned Stab","floor":10},{"not_picked":["Dagger Spray","PiercingWail"],"picked":"Slice","floor":11},{"not_picked":["Sucker Punch","Quick Slash"],"picked":"Slice","floor":13}],"player_experience":357957,"potions_floor_usage":[],"damage_taken":[{"damage":5,"enemies":"Cultist","floor":1,"turns":5},{"damage":8,"enemies":"Small Slimes","floor":2,"turns":4},{"damage":7,"enemies":"Jaw Worm","floor":3,"turns":4},{"damage":1,"enemies":"Looter","floor":5,"turns":5},{"damage":8,"enemies":"Lagavulin","floor":7,"turns":8},{"damage":5,"enemies":"2 Fungi Beasts","floor":10,"turns":4},{"damage":3,"enemies":"Exordium Wildlife","floor":11,"turns":3},{"damage":11,"enemies":"3 Louse","floor":12,"turns":4},{"damage":5,"enemies":"3 Sentries","floor":13,"turns":6},{"damage":10,"enemies":"Gremlin Gang","floor":14,"turns":2}],"event_choices":[],"boss_relics":[],"potions_floor_spawned":[2,3,12],"seed_played":"-6601330453285981001","killed_by":"Gremlin Gang","ascension_level":7,"is_trial":false}