{"path_per_floor":["M","?","?","$","M","E","M","R","T","M","M","E","M","E","R","B",null,"M","?","M","M"],"character_chosen":"IRONCLAD","items_purchased":["Metallicize"],"gold_per_floor":[110,285,285,216,232,262,274,274,274,293,313,343,355,384,384,483,483,499,499,519,538],"floor_reached":22,"campfire_rested":1,"playtime":4501,"current_hp_per_floor":[80,80,80,80,80,72,78,78,78,77,72,58,55,55,81,24,87,59,59,55,25],"items_purged":[],"gold":538,"score":234,"play_id":"976dc458-bc95-4da0-82af-a989ecdb7d21","is_prod":false,"is_daily":false,"is_ascension_mode":false,"campfire_upgraded":1,"path_taken":["M","?","?","?","M","E","M","R","T","M","M","E","M","E","R","BOSS","M","?","M","M","M"],"build_version":"2018-02-15-PROD1","purchased_purges":0,"victory":false,"master_deck":["Defend_R","Defend_R","Defend_R","Defend_R","Bash","Iron Wave","Metallicize+1","Anger","Infernal Blade","Infernal Blade","Iron Wave","Rampage","Body Slam","Pommel Strike","Impervious","Regret","Normality","Pain","Cleave+1","Bite","Bite","Bite","Bite","Bite","Juggernaut"],"max_hp_per_floor":[80,80,80,80,80,87,87,87,87,87,87,87,87,87,87,87,87,87,60,60,60],"relics":["Burning Blood","Strawberry","Matryoshka","Charon\u0027s Ashes","Bottled Lightning","Calling Bell","Orichalcum","Ornamental Fan","Red Skull"],"card_choices":[{"not_picked":["Cleave","Twin Strike"],"picked":"Iron Wave"},{"not_picked":["Bloodletting","Inflame"],"picked":"Anger"},{"not_picked":["Warcry","Thunderclap"],"picked":"Infernal Blade"},{"not_picked":["Perfected Strike","Flex"],"picked":"Infernal Blade"},{"not_picked":["Thunderclap","Flex"],"picked":"Iron Wave"},{"not_picked":["Brutality","Bloodletting"],"picked":"Rampage"},{"not_picked":["Armaments","Thunderclap"],"picked":"Body Slam"},{"not_picked":["Inflame","Sever Soul"],"picked":"Pommel Strike"},{"not_picked":["Reaper","Dark Embrace"],"picked":"Impervious"},{"not_picked":["Hemokinesis","True Grit"],"picked":"Cleave"},{"not_picked":["Twin Strike","Armaments"],"picked":"Juggernaut"}],"player_experience":21727,"potions_floor_usage":[16,16],"damage_taken":[{"damage":2,"enemies":"Small Slimes","floor":1,"turns":4},{"damage":0,"enemies":"2 Louse","floor":5,"turns":5},{"damage":21,"enemies":"3 Sentries","floor":6,"turns":14},{"damage":0,"enemies":"Cultist","floor":7,"turns":4},{"damage":7,"enemies":"Gremlin Gang","floor":10,"turns":6},{"damage":11,"enemies":"Exordium Wildlife","floor":11,"turns":5},{"damage":20,"enemies":"Lagavulin","floor":12,"turns":8},{"damage":9,"enemies":"2 Fungi Beasts","floor":13,"turns":3},{"damage":6,"enemies":"Gremlin Nob","floor":14,"turns":3},{"damage":82,"enemies":"The Guardian","floor":16,"turns":19},{"damage":34,"enemies":"Spheric Guardian","floor":18,"turns":6},{"damage":18,"enemies":"Chosen","floor":20,"turns":5},{"damage":60,"enemies":"Centurion and Healer","floor":21,"turns":13},{"damage":40,"enemies":"Sentry and Sphere","floor":22,"turns":7}],"event_choices":[{"event_name":"Liars Game","player_choice":"agreed","floor":2,"damage_taken":0},{"event_name":"Fountain of Cleansing","player_choice":"Removed Curse","floor":3,"damage_taken":0},{"event_name":"Vampires","player_choice":"Became a vampire","floor":19,"damage_taken":0}],"boss_relics":[{"not_picked":["Runic Dome","Eternal Feather"],"picked":"Calling Bell"}],"potions_floor_spawned":[6,11,12,13,14,20],"seed_played":"-8098816059569909243","killed_by":"Sentry and Sphere","ascension_level":0,"is_trial":false}