{"path_per_floor":["M","M","M","M","?","E","M","?","T","E","M","R","M","M","R"],"character_chosen":"IRONCLAD","items_purchased":[],"gold_per_floor":[111,129,141,153,153,185,201,201,283,313,325,325,336,351,351],"floor_reached":16,"campfire_rested":2,"playtime":1107,"current_hp_per_floor":[79,77,72,48,32,23,14,40,40,18,17,41,24,24,48],"items_purged":[],"gold":351,"score":116,"play_id":"28b2a980-e7bd-49ef-a493-bdc5ea68e0d7","local_time":"20180305233757","is_prod":false,"is_daily":false,"is_ascension_mode":false,"campfire_upgraded":0,"timestamp":1520314677,"path_taken":["M","?","M","M","?","E","M","?","T","E","M","R","M","M","R","BOSS"],"build_version":"2018-03-01-PROD1","purchased_purges":0,"victory":false,"master_deck":["Strike_R+1","Strike_R+1","Strike_R","Strike_R","Strike_R","Defend_R","Defend_R","Defend_R","Defend_R","Bash","Demon Form","Fire Breathing","Evolve","Flame Barrier","Berserk","Wild Strike+1","Sword Boomerang+1","Spot Weakness","Perfected Strike+1"],"max_hp_per_floor":[80,80,80,80,80,80,80,80,80,80,80,80,80,80,80],"relics":["Sozu","Happy Flower","Molten Egg 2","Ancient Tea Set"],"card_choices":[{"not_picked":["Sword Boomerang","Armaments"],"picked":"Demon Form"},{"not_picked":["Second Wind","Carnage"],"picked":"Fire Breathing"},{"not_picked":["Sword Boomerang","Thunderclap"],"picked":"Evolve"},{"not_picked":["Perfected Strike","True Grit"],"picked":"Flame Barrier"},{"not_picked":["Headbutt","Rage"],"picked":"Berserk"},{"not_picked":["Hemokinesis","Fiend Fire"],"picked":"Wild Strike"},{"not_picked":["Evolve","Uppercut"],"picked":"Sword Boomerang"},{"not_picked":["Thunderclap","True Grit"],"picked":"Spot Weakness"},{"not_picked":["Flex","Intimidate"],"picked":"Perfected Strike"}],"player_experience":114600,"potions_floor_usage":[],"damage_taken":[{"damage":1.0,"enemies":"Cultist","floor":1.0,"turns":3.0},{"damage":2.0,"enemies":"Jaw Worm","floor":2.0,"turns":4.0},{"damage":5.0,"enemies":"2 Louse","floor":3.0,"turns":2.0},{"damage":24.0,"enemies":"Exordium Wildlife","floor":4.0,"turns":5.0},{"damage":9.0,"enemies":"Lagavulin","floor":6.0,"turns":7.0},{"damage":9.0,"enemies":"3 Louse","floor":7.0,"turns":4.0},{"damage":22.0,"enemies":"Gremlin Nob","floor":10.0,"turns":4.0},{"damage":1.0,"enemies":"2 Fungi Beasts","floor":11.0,"turns":3.0},{"damage":17,"enemies":"Gremlin Gang","floor":13,"turns":4},{"damage":0,"enemies":"Blue Slaver","floor":14,"turns":3},{"damage":54,"enemies":"The Guardian","floor":16,"turns":7}],"event_choices":[{"event_name":"Shining Light","player_choice":"Entered Light","floor":5.0,"damage_taken":0.0},{"event_name":"Big Fish","player_choice":"Banana","floor":8.0,"damage_taken":0.0}],"boss_relics":[],"potions_floor_spawned":[2,6,10,11,13,14],"seed_played":"-1256156857462859030","killed_by":"The Guardian","ascension_level":0,"is_trial":false}