{"gold_per_floor":[111,127,202,222,49,49,68,68,68,68,95,124,140,174,174,252,252,267,182,107,157,0,0,32,32,57,57,70,70,70,83,83,157,157,170,190,190,11,11,11,38,38,38,49,63,73,73,83,83,83],"floor_reached":50,"playtime":2287,"items_purged":["Strike_G","Normality"],"score":1142,"play_id":"1bc42a3f-e289-4142-9937-5b40bf8357f5","local_time":"20190307150111","is_ascension_mode":true,"campfire_choices":[{"data":"Bouncing Flask","floor":6.0,"key":"SMITH"},{"data":"Neutralize","floor":8.0,"key":"SMITH"},{"data":"Burst","floor":15.0,"key":"SMITH"},{"data":"Catalyst","floor":23.0,"key":"SMITH"},{"data":"Burst","floor":25.0,"key":"SMITH"},{"floor":30.0,"key":"REST"},{"floor":32.0,"key":"REST"},{"data":"Well Laid Plans","floor":40.0,"key":"SMITH"},{"floor":47.0,"key":"REST"},{"floor":49.0,"key":"REST"}],"neow_cost":"PERCENT_DAMAGE","seed_source_timestamp":0,"circlet_count":0,"master_deck":["AscendersBane","Defend_G","Defend_G","Defend_G","Defend_G","Defend_G","Strike_G","Strike_G","Strike_G","Strike_G","Survivor+1","Neutralize+1","Dagger Spray","Backflip+1","Bouncing Flask+1","Catalyst+1","Backstab","Flying Knee","Deadly Poison","Blur","Burst+1","Burst+1","Dodge and Roll","Footwork","Glass Knife","Catalyst","Skewer","PiercingWail","Glass Knife","Well Laid Plans+1","Well Laid Plans+1"],"special_seed":0,"relics":["Ring of the Snake","Mango","Bottled Flame","Turnip","Odd Mushroom","Strawberry","Cursed Key","Ancient Tea Set","Snake Skull","War Paint","Orichalcum","Orrery","Du-Vu Doll"],"potions_floor_usage":[50],"damage_taken":[{"damage":5.0,"enemies":"Small Slimes","floor":1.0,"turns":6.0},{"damage":6.0,"enemies":"Jaw Worm","floor":2.0,"turns":5.0},{"damage":1.0,"enemies":"2 Louse","floor":4.0,"turns":2.0},{"damage":2.0,"enemies":"2 Fungi Beasts","floor":7.0,"turns":3.0},{"damage":15.0,"enemies":"Lagavulin","floor":11.0,"turns":5.0},{"damage":10.0,"enemies":"The Mushroom Lair","floor":12.0,"turns":4.0},{"damage":1.0,"enemies":"Exordium Thugs","floor":13.0,"turns":3.0},{"damage":13.0,"enemies":"3 Sentries","floor":14.0,"turns":10.0},{"damage":0.0,"enemies":"The Guardian","floor":16.0,"turns":7.0},{"damage":2.0,"enemies":"Chosen","floor":18.0,"turns":3.0},{"damage":26.0,"enemies":"Book of Stabbing","floor":24.0,"turns":5.0},{"damage":11.0,"enemies":"Shell Parasite","floor":28.0,"turns":3.0},{"damage":18.0,"enemies":"Chosen and Byrds","floor":31.0,"turns":7.0},{"damage":48.0,"enemies":"Automaton","floor":33.0,"turns":13.0},{"damage":32.0,"enemies":"3 Darklings","floor":35.0,"turns":5.0},{"damage":3.0,"enemies":"Orb Walker","floor":36.0,"turns":2.0},{"damage":19.0,"enemies":"Nemesis","floor":41.0,"turns":5.0},{"damage":0.0,"enemies":"Transient","floor":44.0,"turns":6.0},{"damage":12.0,"enemies":"Spire Growth","floor":45.0,"turns":4.0},{"damage":0.0,"enemies":"Maw","floor":46.0,"turns":6.0},{"damage":4.0,"enemies":"4 Shapes","floor":48.0,"turns":7.0},{"damage":68,"enemies":"Donu and Deca","floor":50,"turns":5}],"seed_played":"6126995564241976458","potions_obtained":[{"floor":2.0,"key":"Dexterity Potion"},{"floor":4.0,"key":"Regen Potion"},{"floor":11.0,"key":"EssenceOfSteel"},{"floor":16.0,"key":"Energy Potion"},{"floor":36.0,"key":"GhostInAJar"},{"floor":37.0,"key":"PowerPotion"},{"floor":44.0,"key":"AttackPotion"},{"floor":45.0,"key":"Weak Potion"}],"is_trial":false,"path_per_floor":["M","M","?","M","$","R","M","R","T","?","E","?","M","E","R","B",null,"M","?","$","?","$","R","E","R","T","$","M","$","R","M","R","B",null,"M","M","?","$","T","R","E","$","T","M","M","M","R","M","R","B"],"character_chosen":"THE_SILENT","items_purchased":["Catalyst","Backstab","Snake Skull","Well Laid Plans"],"campfire_rested":4,"item_purchase_floors":[5,5,22,38],"current_hp_per_floor":[53,47,36,35,35,35,33,33,33,59,59,49,48,42,42,42,76,74,74,74,74,74,74,48,48,48,48,37,37,63,45,71,23,71,39,36,36,36,36,36,17,17,17,17,5,5,31,27,53,0],"gold":83,"neow_bonus":"ONE_RARE_RELIC","is_prod":false,"is_daily":false,"chose_seed":false,"campfire_upgraded":6,"win_rate":0,"timestamp":1551967271,"path_taken":["M","M","?","M","$","R","M","R","T","?","E","?","M","E","R","BOSS","M","?","$","?","$","R","E","R","T","?","M","$","R","M","R","BOSS","BOSS","M","M","?","$","?","R","E","$","T","?","M","?","R","M","R","BOSS"],"build_version":"2019-01-23","purchased_purges":2,"victory":false,"max_hp_per_floor":[80,80,80,80,80,80,80,80,80,80,80,80,80,87,87,87,87,87,87,87,87,87,87,87,87,87,87,87,87,87,87,87,87,87,87,87,87,87,87,87,87,87,87,87,87,87,87,87,87,87],"card_choices":[{"not_picked":["Prepared","Cloak And Dagger"],"picked":"Dagger Spray","floor":1.0},{"not_picked":["Acrobatics","Calculated Gamble"],"picked":"Backflip","floor":2.0},{"not_picked":["Finisher","Deflect"],"picked":"Bouncing Flask","floor":4.0},{"not_picked":["Calculated Gamble","Deflect"],"picked":"Flying Knee","floor":7.0},{"not_picked":["Deflect","Flechettes","Underhanded Strike"],"picked":"SKIP","floor":11.0},{"not_picked":["Distraction","Slice"],"picked":"Deadly Poison","floor":12.0},{"not_picked":["Quick Slash","Dodge and Roll"],"picked":"Blur","floor":13.0},{"not_picked":["Crippling Poison","Well Laid Plans"],"picked":"Burst","floor":14.0},{"not_picked":["Doppelganger","Malaise"],"picked":"Burst","floor":16.0},{"not_picked":["Underhanded Strike","Flying Knee+1","Outmaneuver"],"picked":"SKIP","floor":18.0},{"not_picked":["Setup","Eviscerate"],"picked":"Dodge and Roll","floor":24.0},{"not_picked":["Eviscerate+1","Noxious Fumes","Backstab"],"picked":"SKIP","floor":28.0},{"not_picked":["Poisoned Stab","Backflip"],"picked":"Footwork","floor":31.0},{"not_picked":["Grand Finale","Tools of the Trade"],"picked":"Glass Knife","floor":33.0},{"not_picked":["Blade Dance","Poisoned Stab"],"picked":"Catalyst","floor":34.0},{"not_picked":["PiercingWail","Deflect"],"picked":"Skewer","floor":34.0},{"not_picked":["Setup","Blur"],"picked":"PiercingWail","floor":34.0},{"not_picked":["Dagger Spray","Backflip"],"picked":"Glass Knife","floor":34.0},{"not_picked":["Poisoned Stab","Outmaneuver","Infinite Blades"],"picked":"SKIP","floor":35.0},{"not_picked":["Blade Dance","Dodge and Roll","Infinite Blades"],"picked":"SKIP","floor":36.0},{"not_picked":["Terror+1","Underhanded Strike","Acrobatics"],"picked":"SKIP","floor":41.0},{"not_picked":["Blade Dance","Flying Knee","Dagger Spray+1"],"picked":"SKIP","floor":44.0},{"not_picked":["Riddle With Holes","Cloak And Dagger","Noxious Fumes"],"picked":"SKIP","floor":45.0},{"not_picked":["Poisoned Stab","Underhanded Strike+1"],"picked":"Well Laid Plans+1","floor":46.0},{"not_picked":["Endless Agony","Flechettes","Cloak And Dagger"],"picked":"SKIP","floor":48.0}],"player_experience":457686,"relics_obtained":[{"floor":9.0,"key":"Bottled Flame"},{"floor":11.0,"key":"Turnip"},{"floor":12.0,"key":"Odd Mushroom"},{"floor":14.0,"key":"Strawberry"},{"floor":24.0,"key":"War Paint"},{"floor":26.0,"key":"Orichalcum"},{"floor":41.0,"key":"Du-Vu Doll"}],"event_choices":[{"damage_healed":0.0,"max_hp_gain":0.0,"max_hp_loss":0.0,"gold_gain":75.0,"event_name":"World of Goop","player_choice":"Gather Gold","floor":3.0,"gold_loss":0.0,"damage_taken":11.0},{"damage_healed":26.0,"max_hp_gain":0.0,"max_hp_loss":0.0,"gold_gain":0.0,"event_name":"Big Fish","player_choice":"Banana","floor":10.0,"gold_loss":0.0,"damage_taken":0.0},{"damage_healed":0.0,"max_hp_gain":0.0,"max_hp_loss":0.0,"gold_gain":0.0,"event_name":"Mushrooms","player_choice":"Fought Mushrooms","floor":12.0,"gold_loss":0.0,"damage_taken":0.0},{"damage_healed":0.0,"max_hp_gain":0.0,"max_hp_loss":0.0,"gold_gain":0.0,"event_name":"Addict","player_choice":"Obtained Relic","floor":19.0,"gold_loss":85.0,"damage_taken":0.0,"relics_obtained":["Ancient Tea Set"]},{"damage_healed":0.0,"max_hp_gain":0.0,"max_hp_loss":0.0,"gold_gain":50.0,"event_name":"Golden Shrine","player_choice":"Pray","floor":21.0,"gold_loss":0.0,"damage_taken":0.0},{"damage_healed":0.0,"max_hp_gain":0.0,"max_hp_loss":0.0,"gold_gain":0.0,"event_name":"Lab","player_choice":"Got Potions","floor":37.0,"gold_loss":0.0,"damage_taken":0.0}],"is_beta":false,"boss_relics":[{"not_picked":["Fusion Hammer","WristBlade"],"picked":"Cursed Key"},{"not_picked":["Black Star","Busted Crown"],"picked":"Orrery"}],"items_purged_floors":[20,38],"is_endless":false,"potions_floor_spawned":[2,4,11,12,16,24,28,36,44,45],"killed_by":"Donu and Deca","ascension_level":19}