{"gold_per_floor":[117,117,16,31,83,114,130,158,158,15,35,54,54,64,64,160,160,173,173,273,290,304,317,317,317,317,352,5,15,33,47,47,149,149,165,180,280,298,311,311,324,324],"floor_reached":42,"playtime":2838,"items_purged":[],"score":511,"play_id":"859a7f10-5495-43f9-aa52-33a976be7e0f","local_time":"20190415013417","is_ascension_mode":false,"campfire_choices":[{"data":"Inflame","floor":13,"key":"SMITH"},{"data":"Fire Breathing","floor":15,"key":"SMITH"},{"floor":25,"key":"REST"},{"floor":32,"key":"REST"},{"data":"Brutality","floor":40,"key":"SMITH"}],"neow_cost":"NONE","seed_source_timestamp":368235184066329,"circlet_count":0,"master_deck":["Strike_R","Strike_R","Strike_R","Strike_R","Defend_R","Defend_R","Defend_R","Defend_R","Bash","Flex","Strike_B","Flex","Rupture","Anger","Iron Wave","Inflame+1","Perfected Strike","Fire Breathing","Flex+1","Shrug It Off+1","Fire Breathing+1","Flex+1","Intimidate+1","Brutality+1","Anger","Anger+1","Armaments+1","Shrug It Off+1","Twin Strike","Combust","Thinking Ahead+1","Battle Trance+1","Carnage","Armaments+1","Pommel Strike+1","Thunderclap+1","Impervious+1","Dual Wield+1","Perfected Strike+1","Flex+1","Shrug It Off+1","Hemokinesis","Fiend Fire"],"relics":["Burning Blood","Bag of Marbles","StoneCalendar","Toxic Egg 2","Oddly Smooth Stone","Runic Cube","Lantern","Mango","Mummified Hand","Ancient Tea Set","Pantograph","Bottled Lightning","Cursed Key","Ginger"],"potions_floor_usage":[16,16,23,23,33],"damage_taken":[{"damage":5,"enemies":"Jaw Worm","floor":1,"turns":4},{"damage":6,"enemies":"Cultist","floor":4,"turns":3},{"damage":44,"enemies":"Lagavulin","floor":6,"turns":6},{"damage":0,"enemies":"2 Louse","floor":7,"turns":1},{"damage":3,"enemies":"Gremlin Nob","floor":8,"turns":3},{"damage":8,"enemies":"Exordium Thugs","floor":11,"turns":4},{"damage":10,"enemies":"Gremlin Gang","floor":12,"turns":4},{"damage":10,"enemies":"Large Slime","floor":14,"turns":4},{"damage":27,"enemies":"Slime Boss","floor":16,"turns":7},{"damage":21,"enemies":"Spheric Guardian","floor":18,"turns":4},{"damage":22,"enemies":"Colosseum Slavers","floor":20,"turns":5},{"damage":20,"enemies":"Colosseum Nobs","floor":20,"turns":4},{"damage":27,"enemies":"Chosen","floor":21,"turns":5},{"damage":27,"enemies":"Shelled Parasite and Fungi","floor":22,"turns":5},{"damage":13,"enemies":"Snake Plant","floor":23,"turns":4},{"damage":16,"enemies":"Book of Stabbing","floor":27,"turns":4},{"damage":12,"enemies":"Centurion and Healer","floor":29,"turns":5},{"damage":2,"enemies":"Chosen and Byrds","floor":30,"turns":3},{"damage":6,"enemies":"Shelled Parasite and Fungi","floor":31,"turns":2},{"damage":31,"enemies":"Automaton","floor":33,"turns":6},{"damage":1,"enemies":"3 Shapes","floor":35,"turns":3},{"damage":15,"enemies":"3 Darklings","floor":36,"turns":4},{"damage":33,"enemies":"Mind Bloom Boss Battle","floor":37,"turns":5},{"damage":10,"enemies":"4 Shapes","floor":38,"turns":4},{"damage":31,"enemies":"Spire Growth","floor":39,"turns":5},{"damage":20,"enemies":"Writhing Mass","floor":41,"turns":3},{"damage":32,"enemies":"4 Shapes","floor":42,"turns":3}],"seed_played":"-7891456276311767981","potions_obtained":[{"floor":4,"key":"Regen Potion"},{"floor":8,"key":"Regen Potion"},{"floor":11,"key":"Strength Potion"},{"floor":14,"key":"SteroidPotion"},{"floor":20,"key":"Block Potion"},{"floor":21,"key":"Strength Potion"},{"floor":31,"key":"Explosive Potion"},{"floor":33,"key":"SteroidPotion"},{"floor":36,"key":"Explosive Potion"}],"is_trial":false,"path_per_floor":["M","?","$","M","T","E","M","E","T","$","M","M","R","M","R","B",null,"M","?","?","M","M","M","?","R","T","E","$","M","M","M","R","B",null,"M","M","?","M","M","R","M","M"],"character_chosen":"IRONCLAD","items_purchased":["Flex","Rupture","Fire Breathing","Flex+1","Shrug It Off+1","Thinking Ahead+1","Battle Trance+1","Carnage","SkillPotion"],"campfire_rested":2,"item_purchase_floors":[3,3,10,10,10,28,28,28,28],"current_hp_per_floor":[88,88,88,88,88,50,56,59,59,59,57,53,53,49,49,28,88,73,73,57,36,15,20,20,50,50,40,40,34,38,38,68,68,102,102,93,75,71,46,46,32,0],"gold":324,"neow_bonus":"TEN_PERCENT_HP_BONUS","is_prod":false,"is_daily":false,"chose_seed":false,"campfire_upgraded":3,"win_rate":0.0,"timestamp":1555306457,"path_taken":["M","?","?","M","?","E","M","E","T","$","M","M","R","?","R","BOSS","M","?","?","?","M","?","?","R","T","E","$","M","?","M","R","BOSS","M","M","?","M","M","R","M","M"],"build_version":"2019-01-23","purchased_purges":0,"victory":false,"max_hp_per_floor":[88,88,88,88,88,88,88,88,88,88,88,88,88,88,88,88,88,88,88,102,102,102,102,102,102,102,102,102,102,102,102,102,102,102,102,102,102,102,102,102,102,102],"card_choices":[{"not_picked":["Clash","Twin Strike"],"picked":"Flex","floor":1},{"not_picked":["Warcry","True Grit"],"picked":"Anger","floor":4},{"not_picked":["Cleave","Infernal Blade"],"picked":"Iron Wave","floor":6},{"not_picked":["Thunderclap","Power Through"],"picked":"Inflame","floor":7},{"not_picked":["Rupture","Headbutt"],"picked":"Perfected Strike","floor":8},{"not_picked":["Infernal Blade+1","Perfected Strike"],"picked":"Fire Breathing","floor":11},{"not_picked":["Clash","Fire Breathing"],"picked":"Flex+1","floor":12},{"not_picked":["Entrench+1","Warcry+1"],"picked":"Intimidate+1","floor":14},{"not_picked":["Juggernaut","Berserk"],"picked":"Brutality","floor":16},{"not_picked":["Corruption","Burning Pact+1"],"picked":"Anger","floor":18},{"not_picked":["Whirlwind","Searing Blow"],"picked":"Anger+1","floor":20},{"not_picked":["Sword Boomerang","Rampage"],"picked":"Armaments+1","floor":21},{"not_picked":["Thunderclap","Clothesline"],"picked":"Shrug It Off+1","floor":22},{"not_picked":["Clothesline","Perfected Strike+1"],"picked":"Twin Strike","floor":23},{"not_picked":["Corruption","Brutality"],"picked":"Combust","floor":27},{"not_picked":["Body Slam","Power Through+1"],"picked":"Armaments+1","floor":29},{"not_picked":["Perfected Strike+1","Flex+1"],"picked":"Pommel Strike+1","floor":30},{"not_picked":["Headbutt","Armaments+1"],"picked":"Thunderclap+1","floor":31},{"not_picked":["Bludgeon","Brutality"],"picked":"Impervious+1","floor":33},{"not_picked":["Twin Strike","Thunderclap+1"],"picked":"Dual Wield+1","floor":35},{"not_picked":["Body Slam","Second Wind+1"],"picked":"Perfected Strike+1","floor":36},{"not_picked":["Dual Wield+1","Rupture"],"picked":"Flex+1","floor":37},{"not_picked":["Body Slam","Armaments+1"],"picked":"Shrug It Off+1","floor":38},{"not_picked":["Pommel Strike+1","Second Wind+1"],"picked":"Hemokinesis","floor":39},{"not_picked":["Shrug It Off+1","True Grit+1"],"picked":"Fiend Fire","floor":41}],"player_experience":9080,"relics_obtained":[{"floor":5,"key":"Bag of Marbles"},{"floor":6,"key":"StoneCalendar"},{"floor":8,"key":"Toxic Egg 2"},{"floor":9,"key":"Oddly Smooth Stone"},{"floor":20,"key":"Mango"},{"floor":20,"key":"Mummified Hand"},{"floor":26,"key":"Pantograph"},{"floor":27,"key":"Bottled Lightning"},{"floor":37,"key":"Ginger"}],"event_choices":[{"cards_removed":["Strike_R"],"damage_healed":0,"gold_gain":0,"player_choice":"Took Card","damage_taken":0,"max_hp_gain":0,"max_hp_loss":0,"event_name":"NoteForYourself","floor":2,"gold_loss":0,"cards_obtained":["Strike_B"]},{"damage_healed":0,"gold_gain":0,"player_choice":"Opened","damage_taken":0,"relics_obtained":["Lantern"],"max_hp_gain":0,"max_hp_loss":0,"event_name":"The Mausoleum","floor":19,"gold_loss":0},{"damage_healed":0,"gold_gain":0,"player_choice":"Fight","damage_taken":0,"max_hp_gain":0,"max_hp_loss":0,"event_name":"Colosseum","floor":20,"gold_loss":0},{"damage_healed":0,"gold_gain":0,"player_choice":"Fought Nobs","damage_taken":0,"max_hp_gain":0,"max_hp_loss":0,"event_name":"Colosseum","floor":20,"gold_loss":0},{"damage_healed":0,"gold_gain":0,"player_choice":"Gave Potion","damage_taken":0,"relics_obtained":["Ancient Tea Set"],"max_hp_gain":0,"max_hp_loss":0,"event_name":"WeMeetAgain","floor":24,"gold_loss":0},{"damage_healed":0,"gold_gain":0,"player_choice":"Fight","damage_taken":0,"max_hp_gain":0,"max_hp_loss":0,"event_name":"MindBloom","floor":37,"gold_loss":0}],"is_beta":false,"boss_relics":[{"not_picked":["Fusion Hammer","Runic Pyramid"],"picked":"Runic Cube"},{"not_picked":["Sozu","Black Star"],"picked":"Cursed Key"}],"items_purged_floors":[],"is_endless":false,"potions_floor_spawned":[4,8,11,12,14,20,20,21,31,33,36,37,38],"killed_by":"4 Shapes","ascension_level":0}