{"gold_per_floor":[115,129,56,71,71,71,91,57,111,143,143,168,182,199,199,297,297,317,317,166,180,95,95,95],"floor_reached":24,"playtime":1440,"items_purged":["Strike_B"],"score":227,"play_id":"89dc2fe0-c95d-4fe2-aa2d-e12047254d36","local_time":"20190421212732","is_ascension_mode":true,"campfire_choices":[{"data":"Defragment","floor":6,"key":"SMITH"},{"data":"Double Energy","floor":11,"key":"SMITH"},{"data":"Heatsinks","floor":15,"key":"SMITH"},{"data":"Echo Form","floor":23,"key":"SMITH"}],"neow_cost":"NONE","seed_source_timestamp":959601547682565,"circlet_count":0,"master_deck":["Strike_B","Strike_B","Strike_B","Defend_B","Defend_B","Defend_B","Defend_B","Zap","Dualcast","Heatsinks+1","Defragment+1","Glacier","Loop","Double Energy+1","Skim","Chill","Echo Form+1","Self Repair"],"relics":["Cracked Core","NeowsBlessing","Boot","Regal Pillow","DataDisk","Sozu","Question Card","Girya"],"potions_floor_usage":[24,24],"damage_taken":[{"damage":0,"enemies":"Small Slimes","floor":1,"turns":1},{"damage":0,"enemies":"Jaw Worm","floor":2,"turns":1},{"damage":0,"enemies":"2 Louse","floor":4,"turns":1},{"damage":2,"enemies":"2 Fungi Beasts","floor":7,"turns":3},{"damage":21,"enemies":"Gremlin Nob","floor":10,"turns":6},{"damage":1,"enemies":"Lagavulin","floor":12,"turns":8},{"damage":0,"enemies":"Blue Slaver","floor":13,"turns":4},{"damage":5,"enemies":"Large Slime","floor":14,"turns":6},{"damage":25,"enemies":"Hexaghost","floor":16,"turns":16},{"damage":22,"enemies":"2 Thieves","floor":18,"turns":5},{"damage":13,"enemies":"Shell Parasite","floor":21,"turns":9},{"damage":68,"enemies":"Gremlin Leader","floor":24,"turns":13}],"seed_played":"-2744020051924415722","potions_obtained":[{"floor":1,"key":"SpeedPotion"},{"floor":12,"key":"Ancient Potion"},{"floor":13,"key":"Swift Potion"},{"floor":14,"key":"EssenceOfSteel"}],"is_trial":false,"path_per_floor":["M","M","$","M","?","R","M","$","T","E","R","E","M","M","R","B",null,"M","?","$","M","?","R","E"],"character_chosen":"DEFECT","items_purchased":["Defragment","Double Energy","Self Repair"],"campfire_rested":0,"item_purchase_floors":[3,8,20],"current_hp_per_floor":[75,75,75,75,80,80,78,78,78,57,57,56,56,51,51,26,80,58,58,58,52,52,52,0],"gold":95,"neow_bonus":"THREE_ENEMY_KILL","is_prod":false,"is_daily":false,"chose_seed":false,"campfire_upgraded":4,"win_rate":0,"timestamp":1555896452,"path_taken":["M","M","$","M","?","R","M","$","T","E","R","E","M","M","R","BOSS","M","?","$","M","?","R","E"],"build_version":"2019-01-23","purchased_purges":1,"victory":false,"max_hp_per_floor":[75,75,75,75,80,80,80,80,80,80,80,80,80,80,80,80,80,80,80,80,80,80,80,80],"card_choices":[{"not_picked":["Beam Cell","Sweeping Beam"],"picked":"Heatsinks","floor":1},{"not_picked":["Hello World","Stack","Streamline"],"picked":"SKIP","floor":2},{"not_picked":["Stack","Coolheaded"],"picked":"Glacier","floor":4},{"not_picked":["Aggregate","Barrage"],"picked":"Loop","floor":7},{"not_picked":["Beam Cell","Auto Shields","White Noise"],"picked":"SKIP","floor":10},{"not_picked":["Turbo","Glacier","Undo"],"picked":"SKIP","floor":12},{"not_picked":["Leap","Redo"],"picked":"Skim","floor":13},{"not_picked":["Darkness","Streamline"],"picked":"Chill","floor":14},{"not_picked":["All For One","Multi-Cast"],"picked":"Echo Form","floor":16},{"not_picked":["Beam Cell","Steam Power","Barrage+1"],"picked":"SKIP","floor":18},{"not_picked":["Coolheaded","Gash+1","Chaos","Steam"],"picked":"SKIP","floor":21}],"player_experience":77753,"relics_obtained":[{"floor":9,"key":"Boot"},{"floor":10,"key":"Regal Pillow"},{"floor":12,"key":"DataDisk"}],"event_choices":[{"damage_healed":0,"gold_gain":0,"player_choice":"Donut","damage_taken":0,"max_hp_gain":5,"max_hp_loss":0,"event_name":"Big Fish","floor":5,"gold_loss":0},{"damage_healed":0,"gold_gain":0,"player_choice":"Opened","damage_taken":0,"relics_obtained":["Question Card"],"max_hp_gain":0,"max_hp_loss":0,"event_name":"The Mausoleum","floor":19,"gold_loss":0},{"damage_healed":0,"gold_gain":0,"player_choice":"Obtained Relic","damage_taken":0,"relics_obtained":["Girya"],"max_hp_gain":0,"max_hp_loss":0,"event_name":"Addict","floor":22,"gold_loss":85}],"is_beta":false,"boss_relics":[{"not_picked":["Orrery","Snecko Eye"],"picked":"Sozu"}],"items_purged_floors":[20],"is_endless":false,"potions_floor_spawned":[1,12,13,14,16,21],"killed_by":"Gremlin Leader","ascension_level":2}