{"gold_per_floor":[109,120,120,67,80,106,106,135,160,176,210,210,210,43,43,116,116,126,144,154,167,13,13],"floor_reached":23,"playtime":1643,"items_purged":["Strike_B"],"score":496,"play_id":"f507fe7e-35ee-4428-abc7-62d6772061db","local_time":"20190224172228","is_ascension_mode":true,"campfire_choices":[{"data":"Zap","floor":7.0,"key":"SMITH"},{"floor":12.0,"key":"REST"},{"floor":15.0,"key":"REST"}],"neow_cost":"PERCENT_DAMAGE","seed_source_timestamp":24713928589439,"circlet_count":0,"master_deck":["AscendersBane","Strike_B","Strike_B","Defend_B","Defend_B","Defend_B","Defend_B","Zap+1","Dualcast","Electrodynamics","Auto Shields","Ball Lightning","Ball Lightning","Sunder","Beam Cell","Glacier","Doom and Gloom","Reboot","Echo Form","Go for the Eyes","FTL+1","Chill"],"special_seed":0,"relics":["Cracked Core","Orichalcum","Happy Flower","Bronze Scales","Dead Branch","Cursed Key"],"potions_floor_usage":[21,23,23],"damage_taken":[{"damage":0.0,"enemies":"2 Louse","floor":1.0,"turns":2.0},{"damage":1.0,"enemies":"Cultist","floor":2.0,"turns":4.0},{"damage":0.0,"enemies":"Small Slimes","floor":5.0,"turns":1.0},{"damage":3.0,"enemies":"Gremlin Nob","floor":6.0,"turns":3.0},{"damage":8.0,"enemies":"3 Sentries","floor":8.0,"turns":3.0},{"damage":0.0,"enemies":"Red Slaver","floor":10.0,"turns":3.0},{"damage":24.0,"enemies":"Lagavulin","floor":11.0,"turns":5.0},{"damage":0.0,"enemies":"Slime Boss","floor":16.0,"turns":6.0},{"damage":22.0,"enemies":"Shell Parasite","floor":18.0,"turns":5.0},{"damage":15.0,"enemies":"Spheric Guardian","floor":19.0,"turns":4.0},{"damage":0.0,"enemies":"Snecko","floor":20.0,"turns":5.0},{"damage":21,"enemies":"Shelled Parasite and Fungi","floor":21,"turns":3},{"damage":7,"enemies":"Book of Stabbing","floor":23,"turns":4}],"seed_played":"-606839594500954830","potions_obtained":[{"floor":1.0,"key":"Energy Potion"},{"floor":6.0,"key":"LiquidBronze"},{"floor":10.0,"key":"Energy Potion"},{"floor":19.0,"key":"Poison Potion"},{"floor":21,"key":"EssenceOfSteel"}],"is_trial":false,"path_per_floor":["M","M","?","$","M","E","R","E","T","M","E","R","?","$","R","B",null,"M","M","M","M","$","E"],"character_chosen":"DEFECT","items_purchased":["Fire Potion","Doom and Gloom","Reboot","EssenceOfSteel"],"campfire_rested":2,"item_purchase_floors":[4,14,14,22],"current_hp_per_floor":[46,45,45,45,45,42,42,34,34,34,10,31,21,21,42,42,64,42,27,27,6,6,0],"gold":13,"neow_bonus":"THREE_RARE_CARDS","is_prod":false,"is_daily":false,"chose_seed":false,"campfire_upgraded":1,"win_rate":0,"timestamp":1551050548,"path_taken":["M","M","?","?","M","E","R","E","T","M","E","R","?","$","R","BOSS","M","M","M","M","$","E"],"build_version":"2019-01-23","purchased_purges":1,"victory":false,"max_hp_per_floor":[71,71,71,71,71,71,71,71,71,71,71,71,71,71,71,71,71,71,71,71,71,71,71],"card_choices":[{"not_picked":["Meteor Strike","Biased Cognition"],"picked":"Electrodynamics","floor":0.0},{"not_picked":["Double Energy","Compile Driver"],"picked":"Auto Shields","floor":1.0},{"not_picked":["Gash","Force Field"],"picked":"Ball Lightning","floor":2.0},{"not_picked":["Scrape","Coolheaded"],"picked":"Ball Lightning","floor":5.0},{"not_picked":["Go for the Eyes","Barrage"],"picked":"Sunder","floor":6.0},{"not_picked":["Rebound","Skim","Hello World"],"picked":"SKIP","floor":8.0},{"not_picked":["Heatsinks","Blizzard"],"picked":"Beam Cell","floor":10.0},{"not_picked":["Steam Power","Rebound"],"picked":"Glacier","floor":11.0},{"not_picked":["Rainbow","Core Surge"],"picked":"Echo Form","floor":16.0},{"not_picked":["Rip and Tear","Turbo"],"picked":"Go for the Eyes","floor":18.0},{"not_picked":["Barrage","Storm"],"picked":"FTL+1","floor":19.0},{"not_picked":["Leap","Compile Driver"],"picked":"Chill","floor":20.0},{"not_picked":["Go for the Eyes","Steam Power","Rebound+1"],"picked":"SKIP","floor":21}],"player_experience":584247,"relics_obtained":[{"floor":6.0,"key":"Orichalcum"},{"floor":8.0,"key":"Happy Flower"},{"floor":9.0,"key":"Bronze Scales"},{"floor":11.0,"key":"Dead Branch"}],"event_choices":[{"cards_removed":["Strike_B"],"damage_healed":0.0,"max_hp_gain":0.0,"max_hp_loss":0.0,"gold_gain":0.0,"event_name":"Purifier","player_choice":"Purged","floor":3.0,"gold_loss":0.0,"damage_taken":0.0},{"damage_healed":0.0,"max_hp_gain":0.0,"max_hp_loss":0.0,"gold_gain":0.0,"event_name":"Wheel of Change","player_choice":"Damaged","floor":13.0,"gold_loss":0.0,"damage_taken":10.0}],"is_beta":false,"boss_relics":[{"not_picked":["Tiny House","Nuclear Battery"],"picked":"Cursed Key"}],"items_purged_floors":[22],"is_endless":false,"potions_floor_spawned":[1,6,10,19,21],"killed_by":"Book of Stabbing","ascension_level":18}