{"path_per_floor":["M","?","M","M","M","E","R","M","T","M","R","$","E","M","R","B",null,"M","?","?","M","M","R","E","M","T","M","E","M","R","$","R","B",null,"M","M","?","?","M"],"character_chosen":"DEFECT","items_purchased":["Finesse","Gash","Swift Potion"],"gold_per_floor":[14,14,34,48,59,92,92,112,112,122,122,21,55,72,72,177,177,192,217,217,234,251,251,279,299,299,314,344,359,359,180,180,283,283,294,306,306,306,321,321],"floor_reached":40,"campfire_rested":1,"playtime":5283,"item_purchase_floors":[12,31,31],"current_hp_per_floor":[73,73,73,70,46,36,36,36,36,18,40,40,40,40,40,6,75,64,64,64,64,54,54,54,57,57,57,57,50,50,50,50,50,75,67,67,67,67,52,0],"items_purged":["Strike_B"],"gold":321,"score":592,"play_id":"1318eb4e-78d6-46d0-97ae-d23dab6d81de","local_time":"20180530202422","is_prod":false,"is_daily":false,"chose_seed":false,"is_ascension_mode":false,"campfire_upgraded":3,"win_rate":0,"timestamp":1527729862,"campfire_choices":[{"data":"Hologram","floor":7,"key":"SMITH"},{"floor":11,"key":"REST"},{"data":"Zap","floor":15,"key":"SMITH"},{"data":"Scrape","floor":23,"key":"SMITH"},{"data":"Defend_B","floor":30,"key":"PURGE"},{"data":"Defend_B","floor":32,"key":"PURGE"}],"path_taken":["M","?","M","M","?","E","R","M","T","M","R","?","E","M","R","BOSS","M","?","?","M","M","R","E","M","T","M","E","M","R","$","R","BOSS","M","M","?","?","M","E"],"build_version":"2018-05-30","seed_source_timestamp":12706532482163,"purchased_purges":1,"victory":false,"master_deck":["Defend_B+1","Zap+1","Dualcast","Meteor Strike","Go for the Eyes","Turbo+1","Conserve Battery","Gash","Hologram+1","Creative AI","Finesse","Scrape+1","All For One","Hyperbeam+1","Hologram+1","Biased Cognition+1","Gash","Gash","Gash","Gash","Meteor Strike","Decay"],"max_hp_per_floor":[75,75,75,75,75,75,75,75,75,75,75,75,75,75,75,75,75,75,75,75,75,75,75,75,75,75,75,75,75,75,75,75,75,75,75,75,75,75,75,75],"relics":["Cracked Core","War Paint","Happy Flower","Juzu Bracelet","Astrolabe","Red Mask","Toolbox","Peace Pipe","Pen Nib","Lizard Tail"],"card_choices":[{"not_picked":["Creative AI","Electrodynamics"],"picked":"Meteor Strike","floor":0},{"not_picked":["Ball Lightning","Reprogram"],"picked":"Go for the Eyes","floor":1},{"not_picked":["Doom and Gloom","Leap"],"picked":"Turbo","floor":3},{"not_picked":["Streamline","Stack"],"picked":"Conserve Battery","floor":4},{"not_picked":["Conserve Battery","Beam Cell"],"picked":"Gash","floor":5},{"not_picked":["Chill","Rebound"],"picked":"Hologram","floor":6},{"not_picked":["Reinforced Body","Cold Snap"],"picked":"Creative AI","floor":8},{"not_picked":["Barrage","Cold Snap","Conserve Battery"],"picked":"SKIP","floor":10},{"not_picked":["Beam Cell","Rebound"],"picked":"Storm","floor":13},{"not_picked":["Sweeping Beam","Rebound"],"picked":"Scrape","floor":14},{"not_picked":["Electrodynamics","Machine Learning"],"picked":"All For One","floor":16},{"not_picked":["Sweeping Beam","Capacitor","Coolheaded"],"picked":"SKIP","floor":18},{"not_picked":["Rebound+1","Leap"],"picked":"Gash","floor":19},{"not_picked":["Redo","Conserve Battery","Leap+1"],"picked":"SKIP","floor":21},{"not_picked":["Consume","Stack"],"picked":"Gash","floor":22},{"not_picked":["Fusion","Barrage","Melter+1"],"picked":"SKIP","floor":24},{"not_picked":["Creative AI","Compile Driver","Barrage"],"picked":"SKIP","floor":25},{"not_picked":["Chaos","Glacier","Go for the Eyes"],"picked":"SKIP","floor":27},{"not_picked":["Conserve Battery","Rebound","Consume"],"picked":"SKIP","floor":28},{"not_picked":["Beam Cell","Redo","Stack"],"picked":"SKIP","floor":29},{"not_picked":["Beam Cell","Redo","Stack"],"picked":"SKIP","floor":29},{"not_picked":["Hyperbeam","Fission"],"picked":"Meteor Strike","floor":33},{"not_picked":["Turbo","Genetic Algorithm","Ball Lightning"],"picked":"SKIP","floor":35},{"not_picked":["Compile Driver","Barrage","Redo+1"],"picked":"SKIP","floor":36},{"not_picked":["Sunder+1","Beam Cell","Undo"],"picked":"SKIP","floor":39}],"player_experience":41485,"potions_floor_usage":[6,14,16,19,22,25,33,36,40,40,40],"damage_taken":[{"damage":2,"enemies":"2 Louse","floor":1,"turns":2},{"damage":0,"enemies":"Jaw Worm","floor":3,"turns":3},{"damage":3,"enemies":"Small Slimes","floor":4,"turns":4},{"damage":24,"enemies":"Gremlin Gang","floor":5,"turns":6},{"damage":10,"enemies":"Gremlin Nob","floor":6,"turns":4},{"damage":0,"enemies":"Red Slaver","floor":8,"turns":3},{"damage":18,"enemies":"Large Slime","floor":10,"turns":7},{"damage":0,"enemies":"Lagavulin","floor":13,"turns":6},{"damage":0,"enemies":"3 Louse","floor":14,"turns":3},{"damage":34,"enemies":"Slime Boss","floor":16,"turns":9},{"damage":11,"enemies":"2 Thieves","floor":18,"turns":3},{"damage":0,"enemies":"Masked Bandits","floor":19,"turns":2},{"damage":0,"enemies":"3 Byrds","floor":21,"turns":3},{"damage":10,"enemies":"Snake Plant","floor":22,"turns":3},{"damage":0,"enemies":"Gremlin Leader","floor":24,"turns":6},{"damage":1,"enemies":"Centurion and Healer","floor":25,"turns":3},{"damage":0,"enemies":"3 Cultists","floor":27,"turns":2},{"damage":0,"enemies":"Book of Stabbing","floor":28,"turns":3},{"damage":11,"enemies":"Cultist and Chosen","floor":29,"turns":4},{"damage":0,"enemies":"Collector","floor":33,"turns":4},{"damage":8,"enemies":"3 Shapes","floor":35,"turns":3},{"damage":0,"enemies":"Flame Bruiser 1 Orb","floor":36,"turns":3},{"damage":15,"enemies":"4 Shapes","floor":39,"turns":2},{"damage":102,"enemies":"Nemesis","floor":40,"turns":8}],"relics_obtained":[{"floor":6,"key":"War Paint"},{"floor":9,"key":"Happy Flower"},{"floor":13,"key":"Juzu Bracelet"},{"floor":19,"key":"Red Mask"},{"floor":24,"key":"Toolbox"},{"floor":26,"key":"Peace Pipe"},{"floor":28,"key":"Pen Nib"}],"event_choices":[{"event_name":"Living Wall","player_choice":"Forget","floor":2,"damage_taken":0},{"event_name":"Masked Bandits","player_choice":"Fought over 192 gold","floor":19,"damage_taken":0},{"event_name":"The Library","player_choice":"Read","floor":20,"damage_taken":0},{"event_name":"Purifier","player_choice":"One Purge","floor":37,"damage_taken":0},{"event_name":"Wheel of Change","player_choice":"Curse","floor":38,"damage_taken":0}],"boss_relics":[{"not_picked":["Eternal Feather","Runic Pyramid"],"picked":"Astrolabe"},{"not_picked":["Orrery","Velvet Choker"],"picked":"Lizard Tail"}],"items_purged_floors":[31],"potions_floor_spawned":[5,6,8,16,18,21,25,29,33,39],"seed_played":"4266962137907066480","killed_by":"Nemesis","ascension_level":0,"potions_obtained":[{"floor":5,"key":"Swift Potion"},{"floor":6,"key":"Fire Potion"},{"floor":8,"key":"FocusPotion"},{"floor":16,"key":"SneckoOil"},{"floor":18,"key":"Explosive Potion"},{"floor":21,"key":"AttackPotion"},{"floor":25,"key":"EssenceOfSteel"},{"floor":29,"key":"Ancient Potion"},{"floor":33,"key":"GamblersBrew"},{"floor":39,"key":"Dexterity Potion"}],"is_trial":false}