{"gold_per_floor":[211,211,227,227,227,268,268,302,328,328,328],"floor_reached":11,"playtime":440,"items_purged":[],"score":87,"play_id":"ca1d5d5c-67eb-4a08-a11c-82bb7ad03aa3","local_time":"20190418205633","is_ascension_mode":true,"campfire_choices":[{"floor":10,"key":"REST"}],"neow_cost":"NONE","seed_source_timestamp":699575805298077,"circlet_count":0,"master_deck":["Defend_G","Defend_G","Defend_G","Defend_G","Defend_G","Strike_G","Strike_G","Strike_G","Strike_G","Strike_G","Survivor","Neutralize","Dash"],"relics":["Ring of the Snake","Anchor","Golden Idol","Question Card","Meat on the Bone","Pen Nib"],"potions_floor_usage":[8,8],"damage_taken":[{"damage":0,"enemies":"2 Louse","floor":1,"turns":2},{"damage":1,"enemies":"Small Slimes","floor":3,"turns":4},{"damage":18,"enemies":"3 Sentries","floor":6,"turns":11},{"damage":27,"enemies":"Lagavulin","floor":8,"turns":8},{"damage":29,"enemies":"3 Sentries","floor":11,"turns":9}],"seed_played":"-1054275348745677111","potions_obtained":[{"floor":1,"key":"Poison Potion"},{"floor":6,"key":"Poison Potion"}],"is_trial":false,"path_per_floor":["M","?","M","?","?","E","?","E","T","R","E"],"character_chosen":"THE_SILENT","items_purchased":[],"campfire_rested":1,"item_purchase_floors":[],"current_hp_per_floor":[70,70,69,69,52,34,34,7,7,28,0],"gold":328,"neow_bonus":"HUNDRED_GOLD","is_prod":false,"is_daily":false,"chose_seed":false,"campfire_upgraded":0,"win_rate":0,"timestamp":1555635393,"path_taken":["M","?","M","?","?","E","?","E","T","R","E"],"build_version":"2019-01-23","purchased_purges":0,"victory":false,"max_hp_per_floor":[70,70,70,70,70,70,70,70,70,70,70],"card_choices":[{"not_picked":["Cloak And Dagger","Dagger Throw"],"picked":"Dash","floor":1},{"not_picked":["Dagger Throw","Blade Dance","Accuracy"],"picked":"SKIP","floor":3},{"not_picked":["Infinite Blades","Outmaneuver","Well Laid Plans"],"picked":"SKIP","floor":6},{"not_picked":["Quick Slash","Noxious Fumes","Endless Agony","Blade Dance"],"picked":"SKIP","floor":8}],"player_experience":64955,"relics_obtained":[{"floor":6,"key":"Question Card"},{"floor":8,"key":"Meat on the Bone"},{"floor":9,"key":"Pen Nib"}],"event_choices":[{"damage_healed":0,"gold_gain":0,"player_choice":"Box","damage_taken":0,"relics_obtained":["Anchor"],"max_hp_gain":0,"max_hp_loss":0,"event_name":"Big Fish","floor":2,"gold_loss":0,"cards_obtained":["Regret"]},{"cards_removed":["Regret"],"damage_healed":0,"gold_gain":0,"player_choice":"Forget","damage_taken":0,"max_hp_gain":0,"max_hp_loss":0,"event_name":"Living Wall","floor":4,"gold_loss":0},{"damage_healed":0,"gold_gain":0,"player_choice":"Take Damage","damage_taken":17,"relics_obtained":["Golden Idol"],"max_hp_gain":0,"max_hp_loss":0,"event_name":"Golden Idol","floor":5,"gold_loss":0},{"damage_healed":0,"gold_gain":0,"player_choice":"Ignored","damage_taken":0,"max_hp_gain":0,"max_hp_loss":0,"event_name":"Liars Game","floor":7,"gold_loss":0}],"is_beta":false,"boss_relics":[],"items_purged_floors":[],"is_endless":false,"potions_floor_spawned":[1,6],"killed_by":"3 Sentries","ascension_level":2}