{"gold_per_floor":[110,60,76,76,151,151,179,198,224,244,256,256,256,271,271,367,367,387,158,176,191,202,234,12,22,46,9,9,27,27,27,27,127,127,143,196,215,232,249,249,249,267,267,296,296,308,308,308,308,308],"floor_reached":51,"playtime":8063,"items_purged":["Defend_R"],"score":676,"play_id":"76aec774-4f8b-44ed-a88c-83ddd910b9ef","local_time":"20190428091859","is_ascension_mode":false,"campfire_choices":[{"data":"Shockwave","floor":6,"key":"SMITH"},{"data":"Bash","floor":12,"key":"SMITH"},{"data":"Disarm","floor":15,"key":"SMITH"},{"data":"Flame Barrier","floor":28,"key":"SMITH"},{"data":"Apotheosis","floor":32,"key":"SMITH"},{"data":"Double Tap","floor":40,"key":"SMITH"},{"data":"Clothesline","floor":45,"key":"SMITH"},{"data":"Inflame","floor":49,"key":"SMITH"}],"neow_cost":"NONE","seed_source_timestamp":3098145017229850,"circlet_count":0,"master_deck":["Strike_R","Strike_R","Strike_R","Defend_R","Defend_R","Defend_R","Bash+1","Burning Pact","Shockwave+1","Flame Barrier+1","Twin Strike","Clothesline+1","Shrug It Off","Disarm+1","Reaper","Uppercut","Thunderclap","Shrug It Off","Armaments","Apotheosis+1","Dropkick","Havoc+1","Double Tap+1","Inflame+1","Flex","Dual Wield+1","Spot Weakness+1","Flex+1","Iron Wave+1","Sword Boomerang+1","Twin Strike+1","Pummel+1","Doubt"],"relics":["Burning Blood","NeowsBlessing","Oddly Smooth Stone","Centennial Puzzle","Vajra","Sozu","Red Skull","Pocketwatch","Potion Belt","Dodecahedron","Orrery","Girya","Anchor","Dream Catcher"],"potions_floor_usage":[16,23,25,42],"damage_taken":[{"damage":0,"enemies":"Jaw Worm","floor":1,"turns":1},{"damage":0,"enemies":"2 Louse","floor":3,"turns":1},{"damage":0,"enemies":"3 Sentries","floor":7,"turns":2},{"damage":0,"enemies":"Cultist","floor":8,"turns":4},{"damage":5,"enemies":"Exordium Thugs","floor":10,"turns":5},{"damage":0,"enemies":"Large Slime","floor":11,"turns":6},{"damage":7,"enemies":"Looter","floor":14,"turns":3},{"damage":66,"enemies":"Hexaghost","floor":16,"turns":14},{"damage":10,"enemies":"Chosen","floor":18,"turns":4},{"damage":10,"enemies":"3 Byrds","floor":20,"turns":4},{"damage":5,"enemies":"Centurion and Healer","floor":21,"turns":8},{"damage":16,"enemies":"Snake Plant","floor":22,"turns":6},{"damage":42,"enemies":"Slavers","floor":23,"turns":5},{"damage":35,"enemies":"Sentry and Sphere","floor":25,"turns":6},{"damage":15,"enemies":"3 Cultists","floor":29,"turns":6},{"damage":53,"enemies":"Champ","floor":33,"turns":16},{"damage":6,"enemies":"3 Darklings","floor":35,"turns":5},{"damage":60,"enemies":"2 Orb Walkers","floor":36,"turns":5},{"damage":7,"enemies":"Orb Walker","floor":37,"turns":4},{"damage":28,"enemies":"Spire Growth","floor":38,"turns":4},{"damage":0,"enemies":"Transient","floor":39,"turns":5},{"damage":0,"enemies":"Maw","floor":42,"turns":7},{"damage":53,"enemies":"Reptomancer","floor":44,"turns":7},{"damage":24,"enemies":"Spire Growth","floor":46,"turns":4},{"damage":71,"enemies":"Donu and Deca","floor":50,"turns":8}],"seed_played":"4469410130006427243","potions_obtained":[{"floor":3,"key":"Regen Potion"},{"floor":7,"key":"SkillPotion"},{"floor":8,"key":"Energy Potion"},{"floor":16,"key":"BloodPotion"}],"is_trial":false,"path_per_floor":["M","?","M","?","?","R","E","M","T","M","M","R","T","M","R","B",null,"M","$","M","M","M","E","$","M","T","$","R","M","T","?","R","B",null,"M","?","M","M","M","R","?","M","T","E","R","M","?","?","R","B",null],"character_chosen":"IRONCLAD","items_purchased":["Red Skull","Armaments","Apotheosis","Dropkick"],"campfire_rested":0,"item_purchase_floors":[19,24,24,27],"current_hp_per_floor":[80,80,80,73,62,62,68,74,74,75,80,80,80,79,79,34,80,80,80,77,78,75,60,60,46,46,46,46,52,52,52,52,14,80,80,40,39,17,47,47,47,53,53,33,33,15,80,80,80,21],"gold":308,"neow_bonus":"THREE_ENEMY_KILL","is_prod":false,"is_daily":false,"chose_seed":false,"campfire_upgraded":8,"win_rate":0.0,"timestamp":1556435939,"path_taken":["M","?","M","?","?","R","E","M","T","M","M","R","?","M","R","BOSS","M","$","M","M","M","E","$","M","T","?","R","M","?","?","R","BOSS","M","?","M","M","M","R","?","M","T","E","R","M","?","?","R","BOSS"],"build_version":"2019-01-23","purchased_purges":1,"victory":true,"max_hp_per_floor":[80,80,80,80,80,80,80,80,80,80,80,80,80,80,80,80,80,80,80,80,80,80,80,80,80,80,80,80,80,80,80,80,80,80,80,80,80,80,80,80,80,80,80,80,80,80,80,80,80,80],"card_choices":[{"not_picked":["Clash","Havoc"],"picked":"Burning Pact","floor":1},{"not_picked":["Heavy Blade","Cleave"],"picked":"Shockwave","floor":3},{"not_picked":["Barricade","Brutality"],"picked":"Flame Barrier","floor":7},{"not_picked":["Ghostly Armor","Iron Wave"],"picked":"Twin Strike","floor":8},{"not_picked":["Sentinel","Iron Wave"],"picked":"Clothesline","floor":10},{"not_picked":["Perfected Strike","Sword Boomerang"],"picked":"Shrug It Off","floor":11},{"not_picked":["Power Through","Headbutt"],"picked":"Disarm","floor":14},{"not_picked":["Immolate","Bludgeon"],"picked":"Reaper","floor":16},{"not_picked":["Iron Wave","Entrench"],"picked":"Uppercut","floor":18},{"not_picked":["Seeing Red+1","Cleave"],"picked":"Thunderclap","floor":20},{"not_picked":["Wild Strike","True Grit"],"picked":"Shrug It Off","floor":21},{"not_picked":["Body Slam","Clash+1"],"picked":"Sword Boomerang","floor":22},{"not_picked":["Havoc","Anger","Perfected Strike"],"picked":"SKIP","floor":23},{"not_picked":["Evolve","Clash+1","Dual Wield"],"picked":"SKIP","floor":25},{"not_picked":["Clothesline+1","Shockwave+1"],"picked":"Havoc+1","floor":29},{"not_picked":["Bludgeon","Feed"],"picked":"Double Tap","floor":33},{"not_picked":["Disarm+1","Berserk"],"picked":"Inflame","floor":34},{"not_picked":["Heavy Blade+1","Clash"],"picked":"Flex","floor":34},{"not_picked":["Twin Strike","Clothesline"],"picked":"Dual Wield+1","floor":35},{"not_picked":["Pommel Strike+1","Evolve"],"picked":"Spot Weakness+1","floor":36},{"not_picked":["Body Slam+1","Twin Strike"],"picked":"Flex+1","floor":37},{"not_picked":["Perfected Strike","Second Wind"],"picked":"Iron Wave+1","floor":38},{"not_picked":["Immolate","Wild Strike+1"],"picked":"Sword Boomerang+1","floor":39},{"not_picked":["Body Slam","Blood for Blood+1"],"picked":"Twin Strike+1","floor":42},{"not_picked":["Clash","Reckless Charge","Wild Strike"],"picked":"SKIP","floor":44},{"not_picked":["Twin Strike","Carnage"],"picked":"Pummel+1","floor":46}],"player_experience":45174,"relics_obtained":[{"floor":7,"key":"Oddly Smooth Stone"},{"floor":9,"key":"Centennial Puzzle"},{"floor":13,"key":"Vajra"},{"floor":23,"key":"Pocketwatch"},{"floor":26,"key":"Potion Belt"},{"floor":30,"key":"Dodecahedron"},{"floor":36,"key":"Girya"},{"floor":43,"key":"Anchor"},{"floor":44,"key":"Dream Catcher"}],"event_choices":[{"cards_removed":["Strike_R"],"damage_healed":0,"gold_gain":0,"player_choice":"Card Removal","damage_taken":0,"max_hp_gain":0,"max_hp_loss":0,"event_name":"The Cleric","floor":2,"gold_loss":50},{"cards_removed":["Strike_R"],"damage_healed":0,"gold_gain":0,"player_choice":"Card Removal","damage_taken":7,"max_hp_gain":0,"max_hp_loss":0,"event_name":"Golden Wing","floor":4,"gold_loss":0},{"damage_healed":0,"gold_gain":75,"player_choice":"Gather Gold","damage_taken":11,"max_hp_gain":0,"max_hp_loss":0,"event_name":"World of Goop","floor":5,"gold_loss":0},{"damage_healed":0,"gold_gain":0,"player_choice":"Ignored","damage_taken":0,"max_hp_gain":0,"max_hp_loss":0,"event_name":"Ghosts","floor":31,"gold_loss":0},{"damage_healed":0,"gold_gain":0,"player_choice":"Fight","damage_taken":0,"max_hp_gain":0,"max_hp_loss":0,"event_name":"Mysterious Sphere","floor":36,"gold_loss":0},{"cards_removed":["Sword Boomerang"],"damage_healed":0,"gold_gain":0,"player_choice":"Removed Attack","damage_taken":0,"max_hp_gain":0,"max_hp_loss":0,"event_name":"Falling","floor":41,"gold_loss":0},{"damage_healed":65,"gold_gain":0,"player_choice":"Heal","damage_taken":0,"max_hp_gain":0,"max_hp_loss":0,"event_name":"MindBloom","floor":47,"gold_loss":0,"cards_obtained":["Doubt"]},{"damage_healed":0,"gold_gain":0,"player_choice":"Memory 1","damage_taken":0,"max_hp_gain":0,"max_hp_loss":0,"event_name":"SensoryStone","floor":48,"gold_loss":0}],"is_beta":false,"boss_relics":[{"not_picked":["Fusion Hammer","Lizard Tail"],"picked":"Sozu"},{"not_picked":["Coffee Dripper","Eternal Feather"],"picked":"Orrery"}],"items_purged_floors":[19],"is_endless":false,"potions_floor_spawned":[3,7,8,16,18,20,21,33,39,42,46],"ascension_level":0}