{"path_per_floor":["M","M","M","?","$","E","R","M","T","?","R","M","M","M","R","B",null,"M","?","?","M"],"character_chosen":"IRONCLAD","items_purchased":["Combust"],"gold_per_floor":[118,138,156,156,46,109,109,121,121,121,121,139,158,178,178,309,309,332,255,255,271,271],"floor_reached":22,"campfire_rested":2,"playtime":1141,"current_hp_per_floor":[72,72,72,65,65,21,42,38,38,20,56,48,51,46,46,9,56,30,30,30,26,0],"items_purged":["Strike_R"],"gold":271,"score":273,"play_id":"e7003eda-639f-4464-bd51-d5e16ae31bf8","local_time":"20180502093908","is_prod":false,"is_daily":false,"chose_seed":false,"is_ascension_mode":true,"campfire_upgraded":1,"timestamp":1525279148,"path_taken":["M","M","M","?","?","E","R","?","T","?","R","M","M","M","R","BOSS","M","?","?","M","M"],"build_version":"2018-04-28v2","seed_source_timestamp":297349137757828,"purchased_purges":1,"victory":false,"master_deck":["Strike_R","Strike_R","Strike_R","Defend_R","Defend_R","Defend_R","Defend_R","Bash","Dropkick","Inflame","Combust","Rupture+1","Iron Wave","Shrug It Off","Brutality","Metallicize","J.A.X.","Offering"],"max_hp_per_floor":[72,72,72,72,72,72,72,72,72,72,72,72,72,72,72,72,72,72,72,72,72,72],"relics":["Burning Blood","Gambling Chip","Tiny Chest","Regal Pillow","Golden Idol","Mark of Pain"],"card_choices":[{"not_picked":["Intimidate","Twin Strike"],"picked":"Dropkick","floor":1},{"not_picked":["Fire Breathing","Body Slam"],"picked":"Inflame","floor":3},{"not_picked":["Havoc","Shockwave"],"picked":"Rupture","floor":8},{"not_picked":["Thunderclap","Clothesline"],"picked":"Iron Wave","floor":12},{"not_picked":["Havoc","Rampage"],"picked":"Shrug It Off","floor":14},{"not_picked":["Juggernaut","Bludgeon"],"picked":"Brutality","floor":16},{"not_picked":["Clothesline","Wild Strike"],"picked":"Metallicize","floor":18}],"player_experience":416295,"potions_floor_usage":[6,16],"damage_taken":[{"damage":2,"enemies":"Jaw Worm","floor":1,"turns":3},{"damage":6,"enemies":"Cultist","floor":2,"turns":3},{"damage":1,"enemies":"Small Slimes","floor":3,"turns":3},{"damage":50,"enemies":"Lagavulin","floor":6,"turns":7},{"damage":10,"enemies":"Looter","floor":8,"turns":4},{"damage":14,"enemies":"Blue Slaver","floor":12,"turns":4},{"damage":3,"enemies":"2 Fungi Beasts","floor":13,"turns":3},{"damage":11,"enemies":"3 Louse","floor":14,"turns":4},{"damage":43,"enemies":"Slime Boss","floor":16,"turns":8},{"damage":32,"enemies":"3 Byrds","floor":18,"turns":5},{"damage":10,"enemies":"Chosen","floor":21,"turns":4},{"damage":26,"enemies":"Snake Plant","floor":22,"turns":3}],"event_choices":[{"event_name":"Golden Wing","player_choice":"Card Removal","floor":4,"damage_taken":0},{"event_name":"Golden Idol","player_choice":"Take Damage","floor":10,"damage_taken":0},{"event_name":"Drug Dealer","player_choice":"Got JAXXED","floor":19,"damage_taken":0},{"event_name":"Match and Keep!","player_choice":"1 cards matched","floor":20,"damage_taken":0}],"boss_relics":[{"not_picked":["Pandora\u0027s Box","Lizard Tail"],"picked":"Mark of Pain"}],"potions_floor_spawned":[1,8,12],"seed_played":"684269663298034307","killed_by":"Snake Plant","ascension_level":9,"is_trial":false}