{"gold_per_floor":[110,110,183,183,54,54,93,93,120,161,211,234,234,253,253,351,351,370,370,9,24,44,44,80,80,80,94,94,128,128,149,149,240,240,261,285,300,315,315],"floor_reached":39,"playtime":2861,"items_purged":[],"score":1033,"play_id":"1a6916db-042a-4ed6-a11f-b339e5bfb9b4","local_time":"20190320110758","is_ascension_mode":true,"campfire_choices":[{"data":"Uppercut","floor":6.0,"key":"SMITH"},{"data":"Inflame","floor":8.0,"key":"SMITH"},{"data":"True Grit","floor":13.0,"key":"SMITH"},{"data":"Armaments","floor":15.0,"key":"SMITH"},{"data":"Havoc","floor":23.0,"key":"SMITH"},{"floor":25.0,"key":"REST"},{"data":"Disarm","floor":30.0,"key":"SMITH"},{"floor":32.0,"key":"REST"}],"neow_cost":"NONE","seed_source_timestamp":92275960579255,"circlet_count":0,"master_deck":["AscendersBane","Strike_R","Strike_R","Defend_R","Defend_R","Defend_R","Bash","Uppercut+1","Feel No Pain","Disarm+1","Inflame+1","True Grit+1","Armaments+1","Dark Embrace","Infernal Blade+1","Feed+1","Metallicize+1","Cleave","Master of Strategy","Havoc+1","Pummel","Twin Strike+1","Dropkick+1","Juggernaut","Bloodletting+1","Shrug It Off+1","Spot Weakness+1"],"special_seed":0,"relics":["Black Blood","NeowsBlessing","Golden Idol","Gambling Chip","Kunai","Astrolabe","Nilry\u0027s Codex","Vajra","Toxic Egg 2","Molten Egg 2","Shuriken"],"potions_floor_usage":[39],"damage_taken":[{"damage":0.0,"enemies":"Jaw Worm","floor":1.0,"turns":1.0},{"damage":0.0,"enemies":"3 Sentries","floor":7.0,"turns":3.0},{"damage":0.0,"enemies":"Gremlin Nob","floor":10.0,"turns":1.0},{"damage":14.0,"enemies":"Small Slimes","floor":12.0,"turns":5.0},{"damage":0.0,"enemies":"Cultist","floor":14.0,"turns":3.0},{"damage":21.0,"enemies":"Slime Boss","floor":16.0,"turns":8.0},{"damage":13.0,"enemies":"2 Thieves","floor":18.0,"turns":5.0},{"damage":6.0,"enemies":"Chosen","floor":21.0,"turns":5.0},{"damage":11.0,"enemies":"Snake Plant","floor":22.0,"turns":6.0},{"damage":21.0,"enemies":"Book of Stabbing","floor":24.0,"turns":5.0},{"damage":21.0,"enemies":"Centurion and Healer","floor":27.0,"turns":8.0},{"damage":6.0,"enemies":"Gremlin Leader","floor":29.0,"turns":7.0},{"damage":13.0,"enemies":"Snecko","floor":31.0,"turns":6.0},{"damage":21.0,"enemies":"Champ","floor":33.0,"turns":9.0},{"damage":8.0,"enemies":"Orb Walker","floor":35.0,"turns":2.0},{"damage":40.0,"enemies":"3 Darklings","floor":36.0,"turns":5.0},{"damage":48.0,"enemies":"Writhing Mass","floor":37.0,"turns":9.0},{"damage":9.0,"enemies":"Spire Growth","floor":38.0,"turns":5.0},{"damage":19,"enemies":"4 Shapes","floor":39,"turns":1}],"seed_played":"-5501193528863751633","potions_obtained":[{"floor":10.0,"key":"Energy Potion"},{"floor":12.0,"key":"AttackPotion"},{"floor":21.0,"key":"GamblersBrew"},{"floor":29.0,"key":"FearPotion"},{"floor":36.0,"key":"EssenceOfSteel"}],"is_trial":false,"path_per_floor":["M","$","?","?","$","R","E","R","T","E","?","M","R","M","R","B",null,"M","?","$","M","M","R","E","R","T","M","?","E","R","M","R","B",null,"M","M","M","M","M"],"character_chosen":"IRONCLAD","items_purchased":["Feel No Pain","Disarm","Master of Strategy","Vajra"],"campfire_rested":2,"item_purchase_floors":[5,5,20,20],"current_hp_per_floor":[74,74,74,48,48,48,54,54,54,60,60,52,52,58,58,43,67,60,39,39,43,38,38,23,46,46,35,35,35,35,32,58,43,76,82,52,14,19,0],"gold":315,"neow_bonus":"THREE_ENEMY_KILL","is_prod":false,"is_daily":false,"chose_seed":false,"campfire_upgraded":6,"win_rate":0,"timestamp":1553076478,"path_taken":["M","$","?","?","$","R","E","R","T","E","?","?","R","M","R","BOSS","M","?","$","M","M","R","E","R","T","M","?","E","R","M","R","BOSS","M","M","?","?","M"],"build_version":"2019-01-23","purchased_purges":0,"victory":false,"max_hp_per_floor":[75,75,75,75,75,75,75,75,75,75,75,75,75,75,75,75,75,75,75,75,79,79,79,79,79,79,83,83,83,83,87,87,87,87,91,91,91,95,95],"card_choices":[{"not_picked":["Perfected Strike","Ghostly Armor"],"picked":"Uppercut","floor":1.0},{"not_picked":["Perfected Strike","Bloodletting"],"picked":"Inflame","floor":7.0},{"not_picked":["Dark Embrace","Inflame"],"picked":"True Grit","floor":10.0},{"not_picked":["Perfected Strike","Demon Form"],"picked":"Armaments","floor":12.0},{"not_picked":["Warcry","Clothesline","Pommel Strike"],"picked":"SKIP","floor":14.0},{"not_picked":["Double Tap","Impervious"],"picked":"Dark Embrace","floor":16.0},{"not_picked":["Flex+1","Havoc"],"picked":"Cleave","floor":18.0},{"not_picked":["Sword Boomerang","Pommel Strike"],"picked":"Havoc","floor":21.0},{"not_picked":["Body Slam","Brutality"],"picked":"Pummel","floor":22.0},{"not_picked":["Heavy Blade","Perfected Strike","Armaments"],"picked":"SKIP","floor":24.0},{"not_picked":["Clash+1","Iron Wave+1"],"picked":"Twin Strike+1","floor":27.0},{"not_picked":["Pommel Strike+1","Clash+1","Wild Strike+1"],"picked":"SKIP","floor":29.0},{"not_picked":["Thunderclap+1","Second Wind+1"],"picked":"Dropkick+1","floor":31.0},{"not_picked":["Feed+1","Dark Embrace"],"picked":"Juggernaut","floor":33.0},{"not_picked":["Warcry+1","True Grit+1"],"picked":"Bloodletting+1","floor":35.0},{"not_picked":["Clash+1","Dual Wield+1"],"picked":"Shrug It Off+1","floor":36.0},{"not_picked":["Fire Breathing+1","Anger+1"],"picked":"Spot Weakness+1","floor":37.0},{"not_picked":["Rupture","Perfected Strike+1","Thunderclap+1"],"picked":"SKIP","floor":38.0}],"player_experience":529264,"relics_obtained":[{"floor":7.0,"key":"Gambling Chip"},{"floor":10.0,"key":"Kunai"},{"floor":19.0,"key":"Nilry\u0027s Codex"},{"floor":24.0,"key":"Toxic Egg 2"},{"floor":26.0,"key":"Molten Egg 2"},{"floor":29.0,"key":"Shuriken"}],"event_choices":[{"damage_healed":0.0,"max_hp_gain":0.0,"max_hp_loss":0.0,"gold_gain":73.0,"event_name":"Golden Wing","player_choice":"Gained Gold","floor":3.0,"gold_loss":0.0,"damage_taken":0.0},{"damage_healed":0.0,"max_hp_gain":0.0,"max_hp_loss":0.0,"gold_gain":0.0,"event_name":"Golden Idol","player_choice":"Take Damage","floor":4.0,"gold_loss":0.0,"damage_taken":26.0,"relics_obtained":["Golden Idol"]},{"damage_healed":0.0,"max_hp_gain":0.0,"max_hp_loss":0.0,"gold_gain":50.0,"event_name":"Golden Shrine","player_choice":"Pray","floor":11.0,"gold_loss":0.0,"damage_taken":0.0},{"damage_healed":0.0,"max_hp_gain":0.0,"max_hp_loss":0.0,"gold_gain":0.0,"event_name":"Cursed Tome","player_choice":"Obtained Book","floor":19.0,"gold_loss":0.0,"damage_taken":21.0},{"cards_removed":["Strike_R"],"damage_healed":0.0,"max_hp_gain":0.0,"max_hp_loss":0.0,"gold_gain":0.0,"event_name":"Purifier","player_choice":"Purged","floor":28.0,"gold_loss":0.0,"damage_taken":0.0}],"is_beta":false,"boss_relics":[{"not_picked":["White Beast Statue","Runic Dome"],"picked":"Astrolabe"},{"not_picked":["Runic Pyramid","Black Star"],"picked":"Black Blood"}],"items_purged_floors":[],"is_endless":false,"potions_floor_spawned":[10,12,21,22,24,29,36],"killed_by":"4 Shapes","ascension_level":20}