{"path_per_floor":["M","M","M","?","M","R","E","?","T","E","R","$","$","E","R","B",null,"M","M","$","M","$","R","E","M","T","R","M","E","?","M","R","B",null,"M","T","?","M","M","R","E","R","T","M","M","M","$","M","R"],"character_chosen":"THE_SILENT","items_purchased":["Escape Plan","Bane","Adrenaline","Bouncing Flask","Prepared","Bandage Up","Bronze Scales"],"gold_per_floor":[114,125,141,216,234,234,260,286,286,316,316,279,12,38,38,143,143,153,166,166,179,179,179,211,221,221,221,239,267,267,282,282,383,383,400,400,400,417,428,428,455,455,455,472,491,503,101,116,116,116],"floor_reached":50,"campfire_rested":4,"playtime":4232,"current_hp_per_floor":[63,55,53,42,31,52,46,41,41,36,36,36,36,24,46,34,64,66,69,69,59,59,59,49,51,51,51,51,40,40,39,63,22,67,67,69,69,59,52,52,49,49,49,51,50,57,57,55,81,0],"items_purged":["Strike_G","Dagger Spray"],"gold":116,"score":851,"play_id":"4c762233-eb53-4c94-96e6-1759fc40e9eb","local_time":"20180509210927","is_prod":false,"is_daily":false,"chose_seed":false,"is_ascension_mode":true,"campfire_upgraded":5,"timestamp":1525925367,"path_taken":["M","M","M","?","M","R","E","?","T","E","R","?","$","E","R","BOSS","M","M","$","M","$","R","E","M","T","R","?","E","?","M","R","BOSS","M","?","?","?","M","R","E","R","T","M","M","M","$","M","R","BOSS"],"build_version":"2018-05-03","seed_source_timestamp":0,"purchased_purges":5,"victory":false,"master_deck":["Survivor","Neutralize","AscendersBane","Deadly Poison","Backstab","Bane","Backflip","Venomology+1","Escape Plan","Bane","Adrenaline+1","Burst","Acrobatics","Poisoned Stab","Calculated Gamble","Backstab","All Out Attack","Bane","Crippling Poison+1","Escape Plan+1","Underhanded Strike","Noxious Fumes+1","Leg Sweep+1","Dagger Throw+1","Bullet Time+1","Concentrate+1","Poisoned Stab","Catalyst+1","Catalyst","Calculated Gamble","Underhanded Strike","Bouncing Flask","Prepared","Bandage Up","Underhanded Strike"],"max_hp_per_floor":[70,70,70,70,70,70,70,70,70,72,72,72,72,74,74,74,74,76,76,76,76,76,76,76,78,78,78,78,78,78,80,80,82,82,82,84,84,84,86,86,86,86,86,88,88,88,88,88,88,88],"relics":["Ring of the Snake","Tough Bandages","Odd Mushroom","Meat on the Bone","Singing Bowl","Omamori","Pandora\u0027s Box","Art of War","Oddly Smooth Stone","Lantern","Prayer Wheel","Astrolabe","Letter Opener","Darkstone Periapt","Smiling Mask","Bronze Scales"],"card_choices":[{"not_picked":["Outmaneuver","Blade Dance"],"picked":"Deadly Poison","floor":1},{"not_picked":["Cloak And Dagger","Flying Knee"],"picked":"Backstab","floor":2},{"not_picked":["Flying Knee","Crippling Poison"],"picked":"Bane","floor":3},{"not_picked":["Finisher","Dagger Spray"],"picked":"Backflip","floor":5},{"not_picked":["Heel Hook","Dodge and Roll"],"picked":"Venomology","floor":7},{"not_picked":["Flying Knee","Deflect"],"picked":"Backflip","floor":8},{"not_picked":["Doppelganger","Storm of Steel"],"picked":"Burst","floor":16},{"not_picked":["Expertise","Caltrops"],"picked":"Bane","floor":19},{"not_picked":["Dodge and Roll","Die Die Die"],"picked":"Crippling Poison","floor":21},{"not_picked":["Dagger Spray","Dash"],"picked":"Escape Plan","floor":24},{"not_picked":["PiercingWail","Slice"],"picked":"Underhanded Strike","floor":28},{"not_picked":["Quick Slash","Flying Knee"],"picked":"Noxious Fumes","floor":29},{"not_picked":["Bane","PiercingWail"],"picked":"Concentrate","floor":35},{"not_picked":["Dagger Throw","Choke"],"picked":"Poisoned Stab","floor":38},{"not_picked":["Escape Plan","Blur"],"picked":"Catalyst","floor":41},{"not_picked":["Backflip","Poisoned Stab"],"picked":"Catalyst","floor":43},{"not_picked":["Slice","Accuracy"],"picked":"Calculated Gamble","floor":45},{"not_picked":["Backflip","Backstab"],"picked":"Underhanded Strike","floor":46},{"not_picked":["Poisoned Stab","Dodge and Roll"],"picked":"Underhanded Strike","floor":48}],"player_experience":431590,"potions_floor_usage":[7,8,10,14,14,14,18,19,19,19,24,24,28,28,29,33,33,33,35,38,39,41,45,45,46,48,50,50,50,50],"damage_taken":[{"damage":0,"enemies":"Small Slimes","floor":1,"turns":3},{"damage":8,"enemies":"2 Louse","floor":2,"turns":4},{"damage":2,"enemies":"Jaw Worm","floor":3,"turns":5},{"damage":11,"enemies":"2 Fungi Beasts","floor":5,"turns":3},{"damage":6,"enemies":"Gremlin Nob","floor":7,"turns":4},{"damage":5,"enemies":"The Mushroom Lair","floor":8,"turns":4},{"damage":19,"enemies":"Lagavulin","floor":10,"turns":5},{"damage":26,"enemies":"Gremlin Nob","floor":14,"turns":4},{"damage":24,"enemies":"The Guardian","floor":16,"turns":14},{"damage":0,"enemies":"Spheric Guardian","floor":18,"turns":3},{"damage":6,"enemies":"Chosen","floor":19,"turns":4},{"damage":10,"enemies":"Snake Plant","floor":21,"turns":4},{"damage":31,"enemies":"Slavers","floor":24,"turns":4},{"damage":0,"enemies":"3 Cultists","floor":25,"turns":4},{"damage":0,"enemies":"Sentry and Sphere","floor":28,"turns":4},{"damage":23,"enemies":"Book of Stabbing","floor":29,"turns":5},{"damage":15,"enemies":"Snake Plant","floor":31,"turns":3},{"damage":70,"enemies":"Champ","floor":33,"turns":13},{"damage":0,"enemies":"3 Darklings","floor":35,"turns":3},{"damage":10,"enemies":"3 Shapes","floor":38,"turns":4},{"damage":21,"enemies":"3 Darklings","floor":39,"turns":4},{"damage":15,"enemies":"2 Orb Walkers","floor":41,"turns":3},{"damage":0,"enemies":"4 Shapes","floor":44,"turns":3},{"damage":13,"enemies":"Sphere and 2 Shapes","floor":45,"turns":4},{"damage":2,"enemies":"3 Darklings","floor":46,"turns":4},{"damage":6,"enemies":"4 Shapes","floor":48,"turns":3},{"damage":97,"enemies":"Donu and Deca","floor":50,"turns":6}],"event_choices":[{"event_name":"World of Goop","player_choice":"Gather Gold","floor":4,"damage_taken":0},{"event_name":"Mushrooms","player_choice":"Fought Mushrooms","floor":8,"damage_taken":0},{"event_name":"Accursed Blacksmith","player_choice":"Rummage","floor":30,"damage_taken":0}],"boss_relics":[{"not_picked":["White Beast Statue","Black Star"],"picked":"Pandora\u0027s Box"},{"not_picked":["Tiny House","Orrery"],"picked":"Astrolabe"}],"potions_floor_spawned":[5,7,8,14,16,18,24,25,33,41,44,46,48],"seed_played":"5982592181403763972","killed_by":"Donu and Deca","ascension_level":10,"is_trial":false}