{"gold_per_floor":[118,118,130,143,8,40,50,65,137,157,157,177,177,207,207,279,279,293,343,357,371,381,408,408,421,421,421,450,450,450],"floor_reached":30,"playtime":1223,"items_purged":[],"score":554,"play_id":"ff925fc5-a841-491c-8309-294b4c31cf7f","local_time":"20190215143240","is_ascension_mode":true,"campfire_choices":[{"floor":11.0,"key":"REST"},{"data":"Corruption","floor":15.0,"key":"SMITH"},{"floor":24.0,"key":"REST"},{"floor":27.0,"key":"REST"},{"floor":29.0,"key":"REST"}],"neow_cost":"NONE","seed_source_timestamp":18896916885810,"circlet_count":0,"master_deck":["AscendersBane","Strike_R","Strike_R","Strike_R","Strike_R","Strike_R","Defend_R","Defend_R","Defend_R","Defend_R","Bash","Demon Form+1","True Grit","Clothesline","Whirlwind","Shrug It Off","Corruption+1","Shrug It Off","Shockwave","True Grit","Infernal Blade","Offering","Flame Barrier","Iron Wave+1","Metallicize","Heavy Blade+1","True Grit"],"special_seed":0,"relics":["Burning Blood","Red Skull","Molten Egg 2","WingedGreaves","Fusion Hammer","Oddly Smooth Stone","Nunchaku","Boot"],"potions_floor_usage":[30],"damage_taken":[{"damage":16.0,"enemies":"Jaw Worm","floor":1.0,"turns":4.0},{"damage":13.0,"enemies":"Cultist","floor":3.0,"turns":5.0},{"damage":2.0,"enemies":"2 Louse","floor":4.0,"turns":4.0},{"damage":44.0,"enemies":"Gremlin Nob","floor":6.0,"turns":5.0},{"damage":10.0,"enemies":"Blue Slaver","floor":7.0,"turns":6.0},{"damage":0.0,"enemies":"Red Slaver","floor":8.0,"turns":3.0},{"damage":3.0,"enemies":"3 Louse","floor":10.0,"turns":5.0},{"damage":8.0,"enemies":"Looter","floor":12.0,"turns":3.0},{"damage":12.0,"enemies":"Lagavulin","floor":14.0,"turns":7.0},{"damage":21.0,"enemies":"Slime Boss","floor":16.0,"turns":7.0},{"damage":9.0,"enemies":"3 Byrds","floor":18.0,"turns":5.0},{"damage":18.0,"enemies":"2 Thieves","floor":20.0,"turns":5.0},{"damage":14.0,"enemies":"Centurion and Healer","floor":21.0,"turns":7.0},{"damage":24.0,"enemies":"Shelled Parasite and Fungi","floor":22.0,"turns":6.0},{"damage":14.0,"enemies":"Gremlin Leader","floor":23.0,"turns":6.0},{"damage":20.0,"enemies":"Sentry and Sphere","floor":25.0,"turns":6.0},{"damage":47.0,"enemies":"Slavers","floor":28.0,"turns":7.0},{"damage":42,"enemies":"Gremlin Leader","floor":30,"turns":5}],"seed_played":"8083545478411299544","potions_obtained":[{"floor":4.0,"key":"SpeedPotion"},{"floor":7.0,"key":"Weak Potion"},{"floor":12.0,"key":"LiquidBronze"},{"floor":14.0,"key":"BloodPotion"},{"floor":22.0,"key":"SpeedPotion"},{"floor":28.0,"key":"Strength Potion"}],"is_trial":false,"path_per_floor":["M","?","M","M","$","E","M","M","T","M","R","M","?","E","R","B",null,"M","?","M","M","M","E","R","M","T","R","E","R","E"],"character_chosen":"IRONCLAD","items_purchased":["Whirlwind","Shrug It Off"],"campfire_rested":4,"item_purchase_floors":[5,5],"current_hp_per_floor":[58,58,51,55,55,17,13,19,19,22,44,42,47,41,41,34,69,66,66,54,46,28,20,44,30,30,54,13,37,0],"gold":450,"neow_bonus":"ONE_RANDOM_RARE_CARD","is_prod":false,"is_daily":false,"chose_seed":false,"campfire_upgraded":1,"win_rate":0,"timestamp":1550269960,"path_taken":["M","?","M","M","$","E","M","M","T","?","R","M","?","E","R","BOSS","M","?","M","M","?","E","R","M","T","R","E","R","E"],"build_version":"2019-01-23","purchased_purges":0,"victory":false,"max_hp_per_floor":[75,75,75,75,75,75,75,75,75,75,75,75,80,80,80,80,80,80,80,80,80,80,80,80,80,80,80,80,80,80],"card_choices":[{"not_picked":["Headbutt","Burning Pact","Perfected Strike"],"picked":"SKIP","floor":1.0},{"not_picked":["Intimidate","Iron Wave"],"picked":"True Grit","floor":3.0},{"not_picked":["Perfected Strike","Pommel Strike"],"picked":"Clothesline","floor":4.0},{"not_picked":["Sentinel","Cleave","Brutality"],"picked":"SKIP","floor":6.0},{"not_picked":["Wild Strike","Flex"],"picked":"Corruption","floor":7.0},{"not_picked":["Armaments","Rupture"],"picked":"Shrug It Off","floor":8.0},{"not_picked":["Spot Weakness","Twin Strike+1"],"picked":"Shockwave","floor":10.0},{"not_picked":["Perfected Strike+1","Dual Wield"],"picked":"True Grit","floor":12.0},{"not_picked":["Havoc","Burning Pact"],"picked":"Infernal Blade","floor":14.0},{"not_picked":["Double Tap","Feed+1"],"picked":"Offering","floor":16.0},{"not_picked":["Iron Wave+1","Warcry"],"picked":"Flame Barrier","floor":18.0},{"not_picked":["Bloodletting","Anger+1","Havoc"],"picked":"SKIP","floor":20.0},{"not_picked":["Pommel Strike+1","Wild Strike+1"],"picked":"Iron Wave+1","floor":21.0},{"not_picked":["Twin Strike+1","Shrug It Off"],"picked":"Metallicize","floor":22.0},{"not_picked":["Blood for Blood+1","Perfected Strike+1"],"picked":"Heavy Blade+1","floor":23.0},{"not_picked":["Anger+1","Pommel Strike+1","Inflame"],"picked":"SKIP","floor":25.0},{"not_picked":["Havoc","Wild Strike+1"],"picked":"True Grit","floor":28.0}],"player_experience":1218263,"relics_obtained":[{"floor":6.0,"key":"Red Skull"},{"floor":9.0,"key":"Molten Egg 2"},{"floor":14.0,"key":"WingedGreaves"},{"floor":23.0,"key":"Oddly Smooth Stone"},{"floor":26.0,"key":"Nunchaku"},{"floor":28.0,"key":"Boot"}],"event_choices":[{"damage_healed":0.0,"max_hp_gain":0.0,"max_hp_loss":0.0,"gold_gain":0.0,"event_name":"Upgrade Shrine","player_choice":"Upgraded","floor":2.0,"gold_loss":0.0,"damage_taken":0.0,"cards_upgraded":["Demon Form"]},{"damage_healed":0.0,"max_hp_gain":5.0,"max_hp_loss":0.0,"gold_gain":0.0,"event_name":"Big Fish","player_choice":"Donut","floor":13.0,"gold_loss":0.0,"damage_taken":0.0},{"damage_healed":0.0,"max_hp_gain":0.0,"max_hp_loss":0.0,"gold_gain":100.0,"event_name":"The Joust","player_choice":"Bet on Murderer","floor":19.0,"gold_loss":50.0,"damage_taken":0.0}],"is_beta":false,"boss_relics":[{"not_picked":["Empty Cage","Black Blood"],"picked":"Fusion Hammer"}],"items_purged_floors":[],"is_endless":false,"potions_floor_spawned":[4,7,12,14,22,28],"killed_by":"Gremlin Leader","ascension_level":19}