{"gold_per_floor":[114,42,42,17,92,92,117,131,131,150,150,150,150,163,163,264,264,284,284,209,209,209,243,243,258,258,258,274,274,305,329,341,353],"floor_reached":33,"playtime":1226,"items_purged":["Normality"],"score":367,"play_id":"e31c9361-350b-4236-8235-1b0f390af79a","local_time":"20180719200459","is_ascension_mode":true,"campfire_choices":[{"data":"Zap","floor":6.0,"key":"SMITH"},{"data":"Echo Form","floor":12.0,"key":"SMITH"},{"data":"Defragment","floor":15.0,"key":"SMITH"},{"data":"Rainbow","floor":24,"key":"SMITH"},{"floor":27,"key":"REST"},{"data":"Dualcast","floor":29,"key":"SMITH"},{"floor":32,"key":"REST"}],"neow_cost":"NONE","seed_source_timestamp":0,"circlet_count":0,"master_deck":["Defend_B","Defend_B","Defend_B","Defend_B","Zap+1","Dualcast+1","Go for the Eyes","Electrodynamics","Redo","Echo Form+1","Conserve Battery","Defragment+1","Barrage","Capacitor","Rainbow+1","Sunder+1","Skim+1","Darkness+1","Coolheaded","Auto Shields","Leap","Conserve Battery","Coolheaded"],"special_seed":0,"relics":["Cracked Core","NeowsBlessing","Orichalcum","Symbiotic Virus","Letter Opener","Astrolabe","Ancient Tea Set","Anchor","Centennial Puzzle","MawBank"],"potions_floor_usage":[23,25,30,33],"damage_taken":[{"damage":0.0,"enemies":"Small Slimes","floor":1.0,"turns":1.0},{"damage":0.0,"enemies":"3 Sentries","floor":7.0,"turns":2.0},{"damage":0.0,"enemies":"Cultist","floor":8.0,"turns":1.0},{"damage":2.0,"enemies":"Jaw Worm","floor":10.0,"turns":3.0},{"damage":7.0,"enemies":"Exordium Wildlife","floor":14.0,"turns":2.0},{"damage":18.0,"enemies":"Hexaghost","floor":16.0,"turns":7.0},{"damage":18.0,"enemies":"Shell Parasite","floor":18.0,"turns":4.0},{"damage":28,"enemies":"Slavers","floor":23,"turns":4},{"damage":0,"enemies":"3 Byrds","floor":25,"turns":2},{"damage":21,"enemies":"Snecko","floor":28,"turns":5},{"damage":18,"enemies":"Book of Stabbing","floor":30,"turns":5},{"damage":15,"enemies":"Snake Plant","floor":31,"turns":4},{"damage":56,"enemies":"Collector","floor":33,"turns":7}],"seed_played":"-3453226979564765422","potions_obtained":[{"floor":7.0,"key":"SteroidPotion"},{"floor":14.0,"key":"Regen Potion"},{"floor":23,"key":"Regen Potion"},{"floor":28,"key":"Fruit Juice"},{"floor":30,"key":"Ancient Potion"}],"is_trial":false,"path_per_floor":["M","$","?","$","?","R","E","M","T","M","?","R","?","M","R","B",null,"M","?","$","?","?","E","R","M","T","R","M","R","E","M","R"],"character_chosen":"DEFECT","items_purchased":["Electrodynamics","Redo"],"campfire_rested":2,"item_purchase_floors":[2,4],"current_hp_per_floor":[75,75,75,75,64,64,64,64,64,62,55,55,55,48,48,45,75,57,57,57,57,57,29,29,34,34,56,35,35,22,7,31,0],"gold":353,"neow_bonus":"THREE_ENEMY_KILL","is_prod":false,"is_daily":false,"chose_seed":false,"campfire_upgraded":5,"win_rate":0,"timestamp":1532055899,"path_taken":["M","$","?","$","?","R","E","M","T","M","?","R","?","M","R","BOSS","M","?","$","?","?","E","R","M","T","R","M","R","E","M","R","BOSS"],"build_version":"2018-07-19","purchased_purges":1,"victory":false,"max_hp_per_floor":[75,75,75,75,75,75,75,75,75,75,75,75,75,75,75,75,75,75,75,75,75,75,75,75,75,75,75,75,75,80,80,80,80],"card_choices":[{"not_picked":["Stack","Redo"],"picked":"Go for the Eyes","floor":1.0},{"not_picked":["Gash","Sweeping Beam"],"picked":"Echo Form","floor":7.0},{"not_picked":["Blizzard","Beam Cell"],"picked":"Conserve Battery","floor":8.0},{"not_picked":["Turbo","Sweeping Beam"],"picked":"Defragment","floor":10.0},{"not_picked":["Cold Snap","Aggregate"],"picked":"Capacitor","floor":14.0},{"not_picked":["Machine Learning","Buffer"],"picked":"Rainbow","floor":16.0},{"not_picked":["Lockon","Compile Driver+1"],"picked":"Coolheaded","floor":18.0},{"not_picked":["Leap","Genetic Algorithm"],"picked":"Auto Shields","floor":23},{"not_picked":["Streamline+1","Blizzard","Rebound"],"picked":"SKIP","floor":25},{"not_picked":["Streamline","Undo+1"],"picked":"Leap","floor":28},{"not_picked":["Turbo+1","Hello World"],"picked":"Conserve Battery","floor":30},{"not_picked":["Redo","Rebound"],"picked":"Coolheaded","floor":31}],"player_experience":638927,"relics_obtained":[{"floor":7.0,"key":"Symbiotic Virus"},{"floor":9.0,"key":"Letter Opener"},{"floor":23,"key":"Anchor"},{"floor":26,"key":"Centennial Puzzle"},{"floor":30,"key":"MawBank"}],"event_choices":[{"event_name":"Big Fish","player_choice":"Box","floor":3.0,"damage_taken":0.0},{"event_name":"World of Goop","player_choice":"Gather Gold","floor":5.0,"damage_taken":0.0},{"event_name":"Golden Wing","player_choice":"Card Removal","floor":11.0,"damage_taken":0.0},{"event_name":"Living Wall","player_choice":"Change","floor":13.0,"damage_taken":0.0},{"event_name":"Accursed Blacksmith","player_choice":"Rummage","floor":19.0,"damage_taken":0.0},{"event_name":"Drug Dealer","player_choice":"Ignored","floor":21.0,"damage_taken":0.0},{"event_name":"Vampires","player_choice":"Ignored","floor":22.0,"damage_taken":0.0}],"is_beta":false,"boss_relics":[{"not_picked":["Ectoplasm","Nuclear Battery"],"picked":"Astrolabe"}],"items_purged_floors":[20],"is_endless":false,"potions_floor_spawned":[7,14,23,28,30],"killed_by":"Collector","ascension_level":4}