{"gold_per_floor":[114,125,139,139,139,139,289,323,395,395,273,273,298,312,312,389,389,404,416,416,427,352,352,386,386],"floor_reached":25,"playtime":1294,"items_purged":["Doubt"],"score":401,"play_id":"da6cb314-ef0b-42f0-9334-b6f28fc114e6","local_time":"20180822221659","is_ascension_mode":true,"campfire_choices":[{"data":"Disarm","floor":6,"key":"SMITH"},{"floor":10,"key":"REST"},{"data":"Iron Wave","floor":12,"key":"SMITH"},{"floor":15,"key":"REST"},{"floor":23,"key":"REST"}],"neow_cost":"","seed_source_timestamp":5877195043361,"circlet_count":0,"master_deck":["Strike_R","Strike_R","Strike_R","Defend_R","Defend_R","Defend_R","Defend_R","Bash","AscendersBane","Pommel Strike","Disarm+1","Iron Wave+1","Wild Strike","Armaments","Impervious","Cleave","Carnage","Spot Weakness"],"relics":["Burning Blood","Vajra","Bird Faced Urn","Frozen Egg 2","Regal Pillow","Sozu","Nilry\u0027s Codex","Happy Flower"],"potions_floor_usage":[8,21],"damage_taken":[{"damage":2,"enemies":"2 Louse","floor":1,"turns":3},{"damage":14,"enemies":"Jaw Worm","floor":2,"turns":5},{"damage":2,"enemies":"Cultist","floor":3,"turns":5},{"damage":34,"enemies":"Gremlin Nob","floor":8,"turns":5},{"damage":29,"enemies":"3 Sentries","floor":13,"turns":9},{"damage":7,"enemies":"Looter","floor":14,"turns":4},{"damage":22,"enemies":"The Guardian","floor":16,"turns":16},{"damage":38,"enemies":"Spheric Guardian","floor":18,"turns":6},{"damage":7,"enemies":"3 Byrds","floor":19,"turns":8},{"damage":2,"enemies":"Snecko","floor":21,"turns":5},{"damage":49,"enemies":"Book of Stabbing","floor":24,"turns":7},{"damage":22,"enemies":"Chosen and Byrds","floor":25,"turns":4}],"seed_played":"3240670078332527275","potions_obtained":[{"floor":2,"key":"FearPotion"},{"floor":8,"key":"GamblersBrew"}],"is_trial":false,"path_per_floor":["M","M","M","?","?","R","?","E","T","R","$","R","E","M","R","B",null,"M","M","?","M","?","R","E"],"character_chosen":"IRONCLAD","items_purchased":["Iron Wave"],"campfire_rested":3,"item_purchase_floors":[11],"current_hp_per_floor":[72,64,68,61,43,43,43,15,15,37,37,37,14,13,50,34,65,33,32,11,20,20,57,14,0],"gold":386,"neow_bonus":"","is_prod":false,"is_daily":false,"chose_seed":false,"campfire_upgraded":2,"win_rate":0,"timestamp":1535001419,"path_taken":["M","M","M","?","?","R","?","E","T","R","$","R","E","M","R","BOSS","M","M","?","M","?","R","E","M"],"build_version":"2018-08-16","purchased_purges":1,"victory":false,"max_hp_per_floor":[75,75,75,75,75,75,75,75,75,75,75,75,75,75,75,75,75,75,75,75,75,75,75,75,75],"card_choices":[{"not_picked":["Thunderclap","Anger"],"picked":"Pommel Strike","floor":1},{"not_picked":["Headbutt","Cleave"],"picked":"Disarm","floor":2},{"not_picked":["Havoc","Perfected Strike","Rupture"],"picked":"SKIP","floor":3},{"not_picked":["Infernal Blade","Anger","Heavy Blade"],"picked":"SKIP","floor":8},{"not_picked":["Limit Break","Thunderclap"],"picked":"Wild Strike","floor":13},{"not_picked":["Burning Pact","Pommel Strike"],"picked":"Armaments","floor":14},{"not_picked":["Brutality+1","Exhume"],"picked":"Impervious","floor":16},{"not_picked":["Body Slam","Havoc"],"picked":"Cleave","floor":18},{"not_picked":["Flex","Reckless Charge"],"picked":"Carnage","floor":19},{"not_picked":["Rampage+1","Flex","Headbutt"],"picked":"SKIP","floor":21},{"not_picked":["Limit Break","Cleave"],"picked":"Spot Weakness","floor":24}],"player_experience":786485,"relics_obtained":[{"floor":8,"key":"Bird Faced Urn"},{"floor":9,"key":"Frozen Egg 2"},{"floor":13,"key":"Regal Pillow"},{"floor":20,"key":"Nilry\u0027s Codex"},{"floor":24,"key":"Happy Flower"}],"event_choices":[{"event_name":"Golden Wing","player_choice":"Card Removal","floor":4,"damage_taken":0},{"event_name":"Scrap Ooze","player_choice":"success","floor":5,"damage_taken":18},{"event_name":"Liars Game","player_choice":"agreed","floor":7,"damage_taken":0},{"event_name":"Cursed Tome","player_choice":"Obtained Book","floor":20,"damage_taken":0},{"event_name":"Beggar","player_choice":"Gave Gold","floor":22,"damage_taken":0}],"is_beta":false,"boss_relics":[{"not_picked":["Runic Dome","Coffee Dripper"],"picked":"Sozu"}],"items_purged_floors":[11],"is_endless":false,"potions_floor_spawned":[2,8,18,21],"killed_by":"Chosen and Byrds","ascension_level":15}