{"gold_per_floor":[110,124,55,66,84,84,84,102,148,161,181,210,225,240,240,337,337,349,362,377,390,46,46,79,19,19,19,84,84,98,112,112,211,211,224,247,98,109,109,109,138,138,163,163,198,55,55,69,69,69],"floor_reached":51,"playtime":5698,"items_purged":["Strike_R","Strike_R"],"score":776,"play_id":"3e7e1bc0-12b6-40ec-b642-0530277252a7","local_time":"20181006041141","is_ascension_mode":false,"campfire_choices":[{"data":"True Grit","floor":6.0,"key":"SMITH"},{"data":"Havoc","floor":15.0,"key":"SMITH"},{"data":"Inflame","floor":23.0,"key":"SMITH"},{"data":"Demon Form","floor":27.0,"key":"SMITH"},{"data":"Disarm","floor":29.0,"key":"SMITH"},{"data":"Heavy Blade","floor":32.0,"key":"SMITH"},{"data":"Offering","floor":40.0,"key":"SMITH"},{"data":"Armaments","floor":42.0,"key":"SMITH"},{"floor":49,"key":"REST"}],"neow_cost":"NONE","seed_source_timestamp":0,"circlet_count":0,"master_deck":["Strike_R","Defend_R","Defend_R","Defend_R","Defend_R","Bash","True Grit+1","Iron Wave","Ghostly Armor","Whirlwind+1","Iron Wave","Clothesline","Havoc+1","Pommel Strike","Inflame+1","Demon Form+1","Uppercut+1","Heavy Blade+1","Disarm+1","Flame Barrier","Impervious","Iron Wave","Shockwave","Heavy Blade","Offering","Juggernaut+1","Spot Weakness","Warcry+1","True Grit","Shrug It Off","Iron Wave+1","Shrug It Off","Headbutt+1","Offering+1","Armaments+1","Pain"],"special_seed":0,"relics":["Burning Blood","Bronze Scales","Blue Candle","Mark of Pain","Strawberry","Bag of Preparation","Frozen Egg 2","Tiny Chest","Orrery","Juzu Bracelet","Dodecahedron","Bag of Marbles","WarpedTongs","Darkstone Periapt","Ancient Tea Set","Pantograph"],"potions_floor_usage":[50,50,50],"damage_taken":[{"damage":1.0,"enemies":"Jaw Worm","floor":1.0,"turns":5.0},{"damage":7.0,"enemies":"Cultist","floor":2.0,"turns":5.0},{"damage":1.0,"enemies":"2 Louse","floor":4.0,"turns":3.0},{"damage":20.0,"enemies":"Gremlin Gang","floor":5.0,"turns":5.0},{"damage":0.0,"enemies":"3 Louse","floor":8.0,"turns":1.0},{"damage":0.0,"enemies":"Red Slaver","floor":10.0,"turns":3.0},{"damage":3.0,"enemies":"Lots of Slimes","floor":11.0,"turns":1.0},{"damage":27.0,"enemies":"Lagavulin","floor":12.0,"turns":12.0},{"damage":11.0,"enemies":"Exordium Thugs","floor":13.0,"turns":4.0},{"damage":2.0,"enemies":"Looter","floor":14.0,"turns":3.0},{"damage":39.0,"enemies":"Hexaghost","floor":16.0,"turns":10.0},{"damage":5.0,"enemies":"Shell Parasite","floor":18.0,"turns":5.0},{"damage":0.0,"enemies":"Chosen","floor":19.0,"turns":4.0},{"damage":15.0,"enemies":"Snake Plant","floor":20.0,"turns":4.0},{"damage":17.0,"enemies":"Shelled Parasite and Fungi","floor":21.0,"turns":5.0},{"damage":26.0,"enemies":"Book of Stabbing","floor":24.0,"turns":5.0},{"damage":3.0,"enemies":"Gremlin Leader","floor":28.0,"turns":7.0},{"damage":5.0,"enemies":"Centurion and Healer","floor":30.0,"turns":5.0},{"damage":15.0,"enemies":"Snake Plant","floor":31.0,"turns":4.0},{"damage":49.0,"enemies":"Automaton","floor":33.0,"turns":9.0},{"damage":17.0,"enemies":"3 Darklings","floor":35.0,"turns":3.0},{"damage":2.0,"enemies":"Orb Walker","floor":38.0,"turns":4.0},{"damage":17.0,"enemies":"Nemesis","floor":41.0,"turns":7.0},{"damage":18.0,"enemies":"Giant Head","floor":45.0,"turns":6.0},{"damage":16,"enemies":"Sphere and 2 Shapes","floor":48,"turns":6},{"damage":34,"enemies":"Awakened One","floor":50,"turns":9}],"seed_played":"8740458305268034815","potions_obtained":[{"floor":4.0,"key":"EssenceOfSteel"},{"floor":5.0,"key":"Explosive Potion"},{"floor":12.0,"key":"SpeedPotion"},{"floor":13.0,"key":"PowerPotion"},{"floor":16.0,"key":"Strength Potion"},{"floor":18.0,"key":"BloodPotion"},{"floor":24.0,"key":"Energy Potion"},{"floor":28.0,"key":"SmokeBomb"},{"floor":35.0,"key":"Poison Potion"},{"floor":41.0,"key":"LiquidBronze"},{"floor":48,"key":"LiquidBronze"}],"is_trial":false,"path_per_floor":["M","M","$","M","M","R","?","M","T","M","M","E","M","M","R","B",null,"M","M","M","M","$","R","E","?","T","R","E","R","M","M","R","B",null,"M","T","$","M","?","R","E","R","T","?","E","$","T","M","R","B"],"character_chosen":"IRONCLAD","items_purchased":["Ghostly Armor","Impervious","Strawberry","Iron Wave","Shrug It Off","Ancient Tea Set"],"campfire_rested":1,"item_purchase_floors":[3,22,22,22,37,46],"current_hp_per_floor":[80,79,79,80,66,66,66,72,72,78,80,59,54,58,58,25,80,80,80,71,60,67,67,55,55,55,55,58,58,59,50,50,7,87,76,76,76,80,80,80,69,69,69,69,57,57,57,47,73,59],"gold":69,"neow_bonus":"REMOVE_CARD","is_prod":false,"is_daily":false,"chose_seed":false,"campfire_upgraded":8,"win_rate":0,"timestamp":1538824301,"path_taken":["M","M","$","M","M","R","?","M","T","M","M","E","M","M","R","BOSS","M","M","M","M","$","R","E","?","T","R","E","R","?","?","R","BOSS","M","?","?","M","?","R","E","R","T","?","E","$","?","M","R","BOSS"],"build_version":"2018-10-04v2","purchased_purges":2,"victory":true,"max_hp_per_floor":[80,80,80,80,80,80,80,80,80,80,80,80,80,80,80,80,80,80,80,80,80,87,87,87,87,87,87,87,87,87,87,87,87,87,87,87,87,87,87,87,87,87,87,87,87,87,87,87,87,87],"card_choices":[{"not_picked":["Anger","Fire Breathing"],"picked":"True Grit","floor":1.0},{"not_picked":["Dual Wield","Fire Breathing"],"picked":"Iron Wave","floor":2.0},{"not_picked":["Clash","Wild Strike"],"picked":"Whirlwind","floor":4.0},{"not_picked":["Blood for Blood","Twin Strike"],"picked":"Iron Wave","floor":5.0},{"not_picked":["Thunderclap","Heavy Blade","Bloodletting"],"picked":"SKIP","floor":8.0},{"not_picked":["Ghostly Armor","Twin Strike"],"picked":"Clothesline","floor":10.0},{"not_picked":["Wild Strike","Cleave"],"picked":"Havoc","floor":11.0},{"not_picked":["Headbutt","Havoc"],"picked":"Pommel Strike","floor":12.0},{"not_picked":["Burning Pact","Wild Strike","Clash"],"picked":"SKIP","floor":13.0},{"not_picked":["Iron Wave","Pummel"],"picked":"Inflame","floor":14.0},{"not_picked":["Immolate","Juggernaut"],"picked":"Demon Form","floor":16.0},{"not_picked":["Twin Strike+1","Headbutt+1"],"picked":"Uppercut+1","floor":18.0},{"not_picked":["Reckless Charge+1","Carnage"],"picked":"Heavy Blade","floor":19.0},{"not_picked":["Body Slam","Corruption"],"picked":"Disarm","floor":20.0},{"not_picked":["Evolve","Uppercut"],"picked":"Flame Barrier","floor":21.0},{"not_picked":["Blood for Blood","Pommel Strike","Havoc"],"picked":"SKIP","floor":24.0},{"not_picked":["Twin Strike","Clash"],"picked":"Shockwave","floor":28.0},{"not_picked":["Shockwave","Flex"],"picked":"Heavy Blade","floor":30.0},{"not_picked":["Anger","Pommel Strike"],"picked":"Offering","floor":31.0},{"not_picked":["Berserk+1","Immolate"],"picked":"Juggernaut+1","floor":33.0},{"not_picked":["Sword Boomerang","Sever Soul"],"picked":"Spot Weakness","floor":34.0},{"not_picked":["Perfected Strike","Twin Strike"],"picked":"Warcry+1","floor":34.0},{"not_picked":["Hemokinesis","Thunderclap"],"picked":"True Grit","floor":34.0},{"not_picked":["Sword Boomerang","Anger"],"picked":"Shrug It Off","floor":34.0},{"not_picked":["Demon Form+1","Feel No Pain+1"],"picked":"Iron Wave+1","floor":35.0},{"not_picked":["Anger+1","Dual Wield"],"picked":"Headbutt+1","floor":38.0},{"not_picked":["Clash","Havoc"],"picked":"Armaments","floor":41.0},{"not_picked":["Perfected Strike+1","Combust+1","Flame Barrier"],"picked":"SKIP","floor":45.0},{"not_picked":["Flex+1","Infernal Blade+1","Evolve+1"],"picked":"SKIP","floor":48}],"player_experience":891785,"relics_obtained":[{"floor":9.0,"key":"Bronze Scales"},{"floor":12.0,"key":"Blue Candle"},{"floor":24.0,"key":"Bag of Preparation"},{"floor":26.0,"key":"Frozen Egg 2"},{"floor":28.0,"key":"Tiny Chest"},{"floor":36.0,"key":"Juzu Bracelet"},{"floor":41.0,"key":"Dodecahedron"},{"floor":43.0,"key":"Bag of Marbles"},{"floor":45.0,"key":"Darkstone Periapt"},{"floor":47.0,"key":"Pantograph"}],"event_choices":[{"event_name":"Upgrade Shrine","player_choice":"Upgraded","floor":7.0,"damage_taken":0.0},{"event_name":"Designer","player_choice":"Remove Card","floor":25.0,"damage_taken":0.0},{"event_name":"Duplicator","player_choice":"One dupe","floor":39.0,"damage_taken":0.0},{"event_name":"Accursed Blacksmith","player_choice":"Rummage","floor":44.0,"damage_taken":0.0}],"is_beta":false,"boss_relics":[{"not_picked":["Black Blood","Calling Bell"],"picked":"Mark of Pain"},{"not_picked":["White Beast Statue","Snecko Eye"],"picked":"Orrery"}],"items_purged_floors":[22,37],"is_endless":false,"potions_floor_spawned":[4,5,12,13,16,18,24,28,30,35,41,48],"ascension_level":0}