{"gold_per_floor":[115,130,144,155,169,169,169,195,195,212,225,72,72,72],"floor_reached":14,"playtime":809,"items_purged":["Pain"],"score":174,"play_id":"bd08609c-959d-4339-aaf9-dc1b61f5c37e","local_time":"20181106010449","is_ascension_mode":true,"campfire_choices":[{"data":"Neutralize","floor":6,"key":"SMITH"},{"floor":13,"key":"REST"}],"neow_cost":"NONE","seed_source_timestamp":55105020024054,"circlet_count":0,"master_deck":["AscendersBane","Defend_G","Defend_G","Defend_G","Defend_G","Defend_G","Strike_G","Strike_G","Strike_G","Strike_G","Strike_G","Survivor","Neutralize+1","Quick Slash","Dodge and Roll","Blur","Deadly Poison","Backflip","After Image","Catalyst","Footwork"],"relics":["Ring of the Snake","WarpedTongs","Bottled Flame","Sundial"],"potions_floor_usage":[4,4,14],"damage_taken":[{"damage":0,"enemies":"Jaw Worm","floor":1,"turns":7},{"damage":1,"enemies":"Cultist","floor":2,"turns":4},{"damage":0,"enemies":"Small Slimes","floor":3,"turns":4},{"damage":0,"enemies":"Gremlin Gang","floor":4,"turns":11},{"damage":6,"enemies":"2 Fungi Beasts","floor":5,"turns":5},{"damage":20,"enemies":"Lagavulin","floor":8,"turns":11},{"damage":25,"enemies":"Lots of Slimes","floor":10,"turns":9},{"damage":7,"enemies":"Exordium Thugs","floor":11,"turns":5},{"damage":38,"enemies":"Gremlin Nob","floor":14,"turns":6}],"seed_played":"-664937793683078362","potions_obtained":[{"floor":2,"key":"EntropicBrew"},{"floor":3,"key":"EssenceOfSteel"},{"floor":4,"key":"Dexterity Potion"},{"floor":11,"key":"EssenceOfSteel"}],"is_trial":false,"path_per_floor":["M","M","M","M","M","R","?","E","T","M","M","$","R","E"],"character_chosen":"THE_SILENT","items_purchased":["Footwork"],"campfire_rested":1,"item_purchase_floors":[12],"current_hp_per_floor":[65,64,64,64,58,58,58,38,38,13,6,6,27,0],"gold":72,"neow_bonus":"TEN_PERCENT_HP_BONUS","is_prod":false,"is_daily":false,"chose_seed":false,"campfire_upgraded":1,"win_rate":0,"timestamp":1541495089,"path_taken":["M","M","M","M","M","R","?","E","T","M","M","$","R","E"],"build_version":"2018-11-01","purchased_purges":1,"victory":false,"max_hp_per_floor":[72,72,72,72,72,72,72,72,72,72,72,72,72,72],"card_choices":[{"not_picked":["Bane","Underhanded Strike"],"picked":"Quick Slash","floor":1},{"not_picked":["Flying Knee","Slice"],"picked":"Dodge and Roll","floor":2},{"not_picked":["Blade Dance","Skewer"],"picked":"Blur","floor":3},{"not_picked":["Wraith Form v2","Dodge and Roll"],"picked":"Deadly Poison","floor":4},{"not_picked":["Expertise","Sucker Punch"],"picked":"Backflip","floor":5},{"not_picked":["Dodge and Roll","Heel Hook","Reflex"],"picked":"SKIP","floor":8},{"not_picked":["Blade Dance","Cloak And Dagger"],"picked":"After Image","floor":10},{"not_picked":["Setup","Acrobatics"],"picked":"Catalyst","floor":11}],"player_experience":1022998,"relics_obtained":[{"floor":8,"key":"Bottled Flame"},{"floor":9,"key":"Sundial"}],"event_choices":[{"damage_healed":0,"gold_gain":0,"player_choice":"Rummage","damage_taken":0,"relics_obtained":["WarpedTongs"],"max_hp_gain":0,"max_hp_loss":0,"event_name":"Accursed Blacksmith","floor":7,"gold_loss":0,"cards_obtained":["Pain"]}],"is_beta":false,"boss_relics":[],"items_purged_floors":[12],"is_endless":false,"potions_floor_spawned":[2,3,4,11],"killed_by":"Gremlin Nob","ascension_level":17}