{"gold_per_floor":[213,213,228,42,56,90,90,101,101,101,163,25,25,25,25,125,125,141,43,43,56,75,75,95,95,95,95,115,115],"floor_reached":29,"playtime":2784,"items_purged":["Normality"],"score":248,"play_id":"8ecc9a07-a1ab-4b0d-a7a6-6a600e4aaffa","local_time":"20190415180355","is_ascension_mode":false,"campfire_choices":[{"data":"Double Tap","floor":7,"key":"SMITH"},{"data":"Double Tap","floor":10,"key":"SMITH"},{"floor":15,"key":"REST"},{"floor":23,"key":"REST"},{"data":"Fire Breathing","floor":25,"key":"SMITH"}],"neow_cost":"NONE","seed_source_timestamp":427643412858220,"circlet_count":0,"master_deck":["Strike_R","Strike_R","Strike_R","Strike_R","Strike_R","Defend_R","Defend_R","Defend_R","Bash","Pommel Strike","Spot Weakness","Combust","Iron Wave","Dark Shackles","Double Tap+1","Rupture","Double Tap+1","Anger","Inflame","Flex","Heavy Blade","Feed","Doubt","Normality","Iron Wave+1","Anger","Clash","Bloodletting","Fire Breathing+1","Seeing Red"],"relics":["Burning Blood","Pear","Shuriken","Kunai","Calling Bell","Regal Pillow","Pantograph","WingedGreaves","Ancient Tea Set","NlothsMask"],"potions_floor_usage":[28,29],"damage_taken":[{"damage":8,"enemies":"Jaw Worm","floor":1,"turns":4},{"damage":2,"enemies":"Small Slimes","floor":3,"turns":4},{"damage":4,"enemies":"Cultist","floor":5,"turns":4},{"damage":32,"enemies":"Gremlin Nob","floor":6,"turns":4},{"damage":16,"enemies":"Exordium Wildlife","floor":8,"turns":3},{"damage":35,"enemies":"3 Sentries","floor":11,"turns":7},{"damage":21,"enemies":"Slime Boss","floor":16,"turns":6},{"damage":50,"enemies":"2 Thieves","floor":18,"turns":5},{"damage":19,"enemies":"Chosen","floor":21,"turns":5},{"damage":15,"enemies":"Snake Plant","floor":22,"turns":5},{"damage":34,"enemies":"Sentry and Sphere","floor":24,"turns":4},{"damage":29,"enemies":"Snecko","floor":28,"turns":6},{"damage":21,"enemies":"Snake Plant","floor":29,"turns":2}],"seed_played":"2943861770951353559","potions_obtained":[{"floor":1,"key":"SteroidPotion"},{"floor":6,"key":"Energy Potion"},{"floor":11,"key":"GamblersBrew"},{"floor":18,"key":"EssenceOfSteel"}],"is_trial":false,"path_per_floor":["M","?","M","$","M","E","R","M","T","R","?","$","?","$","R","B",null,"M","$","?","M","M","R","M","R","T","?","M","M"],"character_chosen":"IRONCLAD","items_purchased":["Combust","Iron Wave","Dark Shackles","Inflame","Flex","Heavy Blade","Anger"],"campfire_rested":2,"item_purchase_floors":[4,4,4,12,12,12,19],"current_hp_per_floor":[78,71,75,75,77,61,61,51,51,51,22,22,15,15,42,27,90,49,49,49,36,27,69,44,44,44,44,21,0],"gold":115,"neow_bonus":"HUNDRED_GOLD","is_prod":false,"is_daily":false,"chose_seed":false,"campfire_upgraded":3,"win_rate":0.0,"timestamp":1555365835,"path_taken":["M","?","M","$","M","E","R","M","T","R","?","$","?","?","R","BOSS","M","$","?","M","M","R","?","R","T","?","?","M"],"build_version":"2019-01-23","purchased_purges":1,"victory":false,"max_hp_per_floor":[80,80,80,80,80,90,90,90,90,90,90,90,90,90,90,90,90,93,93,93,93,93,93,96,96,96,96,96,96],"card_choices":[{"not_picked":["Power Through","Clash"],"picked":"Pommel Strike","floor":1},{"not_picked":["Feel No Pain","Warcry"],"picked":"Spot Weakness","floor":3},{"not_picked":["Pummel","Heavy Blade"],"picked":"Double Tap","floor":5},{"not_picked":["Cleave","Perfected Strike"],"picked":"Rupture","floor":6},{"not_picked":["Armaments","Burning Pact"],"picked":"Double Tap","floor":8},{"not_picked":["Body Slam","Heavy Blade"],"picked":"Anger","floor":11},{"not_picked":["Dark Embrace","Double Tap"],"picked":"Feed","floor":16},{"not_picked":["Anger","Sword Boomerang+1"],"picked":"Iron Wave+1","floor":18},{"not_picked":["Body Slam","Headbutt"],"picked":"Clash","floor":21},{"not_picked":["Thunderclap","Clash"],"picked":"Bloodletting","floor":22},{"not_picked":["Barricade","Heavy Blade"],"picked":"Fire Breathing","floor":24},{"not_picked":["Headbutt","Cleave"],"picked":"Seeing Red","floor":28}],"player_experience":11918,"relics_obtained":[{"floor":6,"key":"Pear"},{"floor":9,"key":"Shuriken"},{"floor":17,"key":"Regal Pillow"},{"floor":17,"key":"Pantograph"},{"floor":17,"key":"WingedGreaves"},{"floor":26,"key":"Ancient Tea Set"}],"event_choices":[{"cards_removed":["Defend_R"],"damage_healed":0,"gold_gain":0,"player_choice":"Card Removal","damage_taken":7,"max_hp_gain":0,"max_hp_loss":0,"event_name":"Golden Wing","floor":2,"gold_loss":0},{"damage_healed":0,"gold_gain":30,"player_choice":"Searched \u00273\u0027 times","damage_taken":0,"relics_obtained":["Kunai"],"max_hp_gain":0,"max_hp_loss":0,"event_name":"Dead Adventurer","floor":11,"gold_loss":0},{"damage_healed":0,"gold_gain":0,"player_choice":"Fled","damage_taken":7,"max_hp_gain":0,"max_hp_loss":0,"event_name":"Scrap Ooze","floor":13,"gold_loss":0},{"damage_healed":0,"gold_gain":0,"player_choice":"Got Potions","damage_taken":0,"max_hp_gain":0,"max_hp_loss":0,"event_name":"Lab","floor":20,"gold_loss":0},{"damage_healed":0,"gold_gain":0,"player_choice":"Trade","damage_taken":0,"relics_obtained":["NlothsMask"],"max_hp_gain":0,"max_hp_loss":0,"event_name":"FaceTrader","floor":27,"gold_loss":0}],"is_beta":false,"boss_relics":[{"not_picked":["Astrolabe","Runic Dome"],"picked":"Calling Bell"}],"items_purged_floors":[19],"is_endless":false,"potions_floor_spawned":[1,6,11,16,18,24],"killed_by":"Snake Plant","ascension_level":0}