{"gold_per_floor":[11,27,43,57,57,89,105,121,121,121,136,136,155,165,165,267,267,280,280,300,300,314,314],"floor_reached":23,"playtime":1060,"items_purged":[],"score":224,"play_id":"db63c7fd-e5d3-4c3b-8a43-884ab369bd64","local_time":"20181010161209","is_ascension_mode":false,"campfire_choices":[{"data":"Disarm","floor":10,"key":"SMITH"},{"data":"True Grit","floor":12,"key":"SMITH"},{"data":"Uppercut","floor":15,"key":"SMITH"}],"neow_cost":"NO_GOLD","seed_source_timestamp":23361971529139,"circlet_count":0,"master_deck":["Defend_R","Defend_R","Defend_R","Defend_R","Bash","Spot Weakness","Pommel Strike","Uppercut+1","Decay","Disarm+1","Iron Wave","Seeing Red","True Grit+1","Warcry","Whirlwind","Offering","Bite","Bite","Bite","Bite","Bite","Battle Trance","True Grit+1"],"relics":["Burning Blood","Happy Flower","Sundial","Mark of Pain","Molten Egg 2"],"potions_floor_usage":[6,23,23],"damage_taken":[{"damage":1,"enemies":"Cultist","floor":1,"turns":3},{"damage":10,"enemies":"Small Slimes","floor":2,"turns":5},{"damage":2,"enemies":"2 Louse","floor":3,"turns":4},{"damage":0,"enemies":"Large Slime","floor":4,"turns":4},{"damage":12,"enemies":"Gremlin Nob","floor":6,"turns":3},{"damage":8,"enemies":"3 Louse","floor":7,"turns":3},{"damage":16,"enemies":"Exordium Wildlife","floor":8,"turns":3},{"damage":9,"enemies":"Large Slime","floor":11,"turns":5},{"damage":7,"enemies":"Lots of Slimes","floor":13,"turns":4},{"damage":4,"enemies":"Blue Slaver","floor":14,"turns":4},{"damage":7,"enemies":"The Guardian","floor":16,"turns":10},{"damage":8,"enemies":"Chosen","floor":18,"turns":4},{"damage":20,"enemies":"3 Byrds","floor":20,"turns":7},{"damage":31,"enemies":"Shelled Parasite and Fungi","floor":22,"turns":5},{"damage":65,"enemies":"Gremlin Leader","floor":23,"turns":8}],"seed_played":"50002791335277825","potions_obtained":[{"floor":4,"key":"AttackPotion"},{"floor":8,"key":"Block Potion"},{"floor":11,"key":"SteroidPotion"},{"floor":16,"key":"LiquidBronze"}],"is_trial":false,"path_per_floor":["M","M","M","M","?","E","M","M","T","R","M","R","M","M","R","B",null,"M","?","M","?","M"],"character_chosen":"IRONCLAD","items_purchased":[],"campfire_rested":0,"item_purchase_floors":[],"current_hp_per_floor":[80,76,80,80,80,74,72,62,62,62,59,59,58,60,60,59,80,78,56,56,56,37,0],"gold":314,"neow_bonus":"REMOVE_TWO","is_prod":false,"is_daily":false,"chose_seed":false,"campfire_upgraded":3,"win_rate":0,"timestamp":1539213129,"path_taken":["M","M","M","M","?","E","M","M","T","R","M","R","?","M","R","BOSS","M","?","M","?","?","E"],"build_version":"2018-10-04v2","purchased_purges":0,"victory":false,"max_hp_per_floor":[80,80,80,80,80,80,80,80,80,80,80,80,80,80,80,80,80,80,56,56,56,56,56],"card_choices":[{"not_picked":["Thunderclap","Anger","Clash"],"picked":"SKIP","floor":1},{"not_picked":["Evolve","Combust"],"picked":"Spot Weakness","floor":2},{"not_picked":["Sword Boomerang","Flex"],"picked":"Pommel Strike","floor":3},{"not_picked":["Armaments","Seeing Red"],"picked":"Uppercut","floor":4},{"not_picked":["Whirlwind","Metallicize"],"picked":"Disarm","floor":6},{"not_picked":["Sever Soul","Searing Blow"],"picked":"Iron Wave","floor":7},{"not_picked":["Anger","Dark Embrace"],"picked":"Seeing Red","floor":8},{"not_picked":["Clothesline","Heavy Blade"],"picked":"True Grit","floor":11},{"not_picked":["Cleave","Spot Weakness"],"picked":"Warcry","floor":13},{"not_picked":["Havoc","Cleave"],"picked":"Whirlwind","floor":14},{"not_picked":["Immolate","Fiend Fire"],"picked":"Offering","floor":16},{"not_picked":["Dropkick","Sever Soul","Rampage+1"],"picked":"SKIP","floor":18},{"not_picked":["Anger","True Grit"],"picked":"Battle Trance","floor":20},{"not_picked":["Shrug It Off","Pommel Strike+1"],"picked":"True Grit+1","floor":22}],"player_experience":920285,"relics_obtained":[{"floor":6,"key":"Happy Flower"},{"floor":9,"key":"Sundial"}],"event_choices":[{"event_name":"Wheel of Change","player_choice":"Curse","floor":5,"damage_taken":0},{"event_name":"Vampires","player_choice":"Became a vampire","floor":19,"damage_taken":0},{"event_name":"The Mausoleum","player_choice":"Yes","floor":21,"damage_taken":0}],"is_beta":false,"boss_relics":[{"not_picked":["Tiny House","Eternal Feather"],"picked":"Mark of Pain"}],"items_purged_floors":[],"is_endless":false,"potions_floor_spawned":[4,8,11,16,22],"killed_by":"Gremlin Leader","ascension_level":0}