{"gold_per_floor":[110,123,139,153,153,187,187,198,198,215,44,59,59,70,70,175,175,195,195,221,111,36,36,60,60,60,60,86,100,112,122,122,223,273,284,140,140,14,14,14,33,67,138,138,152,152,172,14,14,14],"floor_reached":51,"playtime":2930,"items_purged":["Strike_B","Defend_B","Chill"],"score":1021,"play_id":"6defa129-32e9-48a0-a85f-b8940e4e0b0d","local_time":"20180803093122","is_ascension_mode":true,"campfire_choices":[{"data":"Dualcast","floor":7.0,"key":"SMITH"},{"floor":13,"key":"REST"},{"data":"Loop","floor":15,"key":"SMITH"},{"data":"Static Discharge","floor":23,"key":"SMITH"},{"floor":25,"key":"REST"},{"data":"Defragment","floor":27,"key":"SMITH"},{"floor":32,"key":"REST"},{"data":"Go for the Eyes","floor":40,"key":"SMITH"},{"floor":44,"key":"REST"},{"floor":46,"key":"REST"},{"floor":49,"key":"REST"}],"neow_cost":"NONE","seed_source_timestamp":0,"circlet_count":0,"master_deck":["Defend_B","Defend_B","Defend_B","Zap+1","Dualcast+1","AscendersBane","Loop+1","Defragment+1","Go for the Eyes+1","Leap","Go for the Eyes+1","Conserve Battery","Static Discharge+1","Ball Lightning+1","Thunder Strike+1","Cold Snap+1","Capacitor","Ball Lightning+1","Barrage+1","Cold Snap+1","Fission+1","Auto Shields","Ball Lightning+1","Barrage+1","Good Instincts","Core Surge+1","Leap","Go for the Eyes+1","Ball Lightning+1","Barrage+1"],"special_seed":0,"relics":["Cracked Core","Symbiotic Virus","Molten Egg 2","Bag of Preparation","Velvet Choker","Red Mask","Ancient Tea Set","Strawberry","The Courier","Tiny House","Bronze Scales","Incense Burner","Regal Pillow","Gremlin Horn"],"potions_floor_usage":[16,20,28,30,33,41,42,50,50,50],"damage_taken":[{"damage":3.0,"enemies":"2 Louse","floor":1.0,"turns":2.0},{"damage":0.0,"enemies":"Small Slimes","floor":2.0,"turns":3.0},{"damage":0.0,"enemies":"Cultist","floor":3.0,"turns":4.0},{"damage":13.0,"enemies":"Blue Slaver","floor":4.0,"turns":2.0},{"damage":22.0,"enemies":"Lagavulin","floor":6.0,"turns":7.0},{"damage":0.0,"enemies":"Exordium Thugs","floor":8.0,"turns":4.0},{"damage":6.0,"enemies":"3 Louse","floor":10.0,"turns":4.0},{"damage":0.0,"enemies":"Exordium Wildlife","floor":12.0,"turns":2.0},{"damage":0,"enemies":"Looter","floor":14,"turns":3},{"damage":12,"enemies":"Hexaghost","floor":16,"turns":7},{"damage":9,"enemies":"2 Thieves","floor":18,"turns":3},{"damage":21,"floor":20,"turns":5},{"damage":8,"enemies":"Book of Stabbing","floor":28,"turns":5},{"damage":1,"enemies":"3 Byrds","floor":29,"turns":3},{"damage":4,"enemies":"Snecko","floor":30,"turns":3},{"damage":10,"enemies":"Centurion and Healer","floor":31,"turns":3},{"damage":26,"enemies":"Collector","floor":33,"turns":8},{"damage":22,"enemies":"3 Darklings","floor":35,"turns":5},{"damage":5,"enemies":"Flame Bruiser 1 Orb","floor":41,"turns":5},{"damage":43,"enemies":"2 Orb Walkers","floor":42,"turns":4},{"damage":0,"enemies":"3 Darklings","floor":45,"turns":5},{"damage":45,"enemies":"Sphere and 2 Shapes","floor":47,"turns":5},{"damage":62,"enemies":"Time Eater","floor":50,"turns":8}],"seed_played":"-5861490188064564919","potions_obtained":[{"floor":1.0,"key":"Ancient Potion"},{"floor":8.0,"key":"Block Potion"},{"floor":10.0,"key":"Swift Potion"},{"floor":16,"key":"Ancient Potion"},{"floor":20,"key":"Poison Potion"},{"floor":29,"key":"Fire Potion"},{"floor":31,"key":"FearPotion"},{"floor":34,"key":"SpeedPotion"},{"floor":35,"key":"Ancient Potion"},{"floor":41,"key":"SkillPotion"}],"is_trial":false,"path_per_floor":["M","M","M","M","?","E","R","M","T","M","$","M","R","M","R","B",null,"M","?","?","$","?","R","T","R","T","R","E","M","M","M","R","B",null,"M","$","?","$","T","R","M","E","T","R","M","R","M","$","R","B"],"character_chosen":"DEFECT","items_purchased":["Bag of Preparation","Conserve Battery","Capacitor","Ball Lightning+1","Barrage+1","Bronze Scales","Weak Potion","Barrage+1"],"campfire_rested":6,"item_purchase_floors":[11,11,21,36,36,38,48,48],"current_hp_per_floor":[65,65,65,52,52,30,30,30,30,24,24,24,46,46,46,34,65,56,56,35,35,35,35,35,57,64,64,56,55,51,41,65,39,76,54,54,54,54,54,54,49,6,6,47,47,87,42,42,83,21],"gold":14,"neow_bonus":"UPGRADE_CARD","is_prod":false,"is_daily":false,"chose_seed":false,"campfire_upgraded":5,"win_rate":0,"timestamp":1533313882,"path_taken":["M","M","M","M","?","E","R","M","T","?","$","M","R","M","R","BOSS","M","?","?","?","?","R","?","R","T","R","E","M","?","M","R","BOSS","M","?","?","?","?","R","M","E","T","R","M","R","?","$","R","BOSS"],"build_version":"2018-08-02","purchased_purges":3,"victory":true,"max_hp_per_floor":[75,75,75,75,75,75,75,75,75,75,75,75,75,75,75,75,75,75,75,75,75,75,75,75,75,82,82,82,82,82,82,82,82,87,87,87,87,87,87,87,87,87,87,87,87,87,87,87,87,87],"card_choices":[{"not_picked":["Redo","Steam"],"picked":"Loop","floor":1.0},{"not_picked":["Lockon","Scrape"],"picked":"Defragment","floor":2.0},{"not_picked":["Ball Lightning","Sweeping Beam"],"picked":"Go for the Eyes","floor":3.0},{"not_picked":["Turbo","Stack","Compile Driver"],"picked":"SKIP","floor":4.0},{"not_picked":["Doom and Gloom","Storm"],"picked":"Chill","floor":6.0},{"not_picked":["Compile Driver","Reprogram","Barrage"],"picked":"SKIP","floor":8.0},{"not_picked":["Storm","Defragment"],"picked":"Go for the Eyes+1","floor":10.0},{"not_picked":["Compile Driver+1","Undo"],"picked":"Static Discharge","floor":12},{"not_picked":["Hyperbeam+1","Streamline+1"],"picked":"Ball Lightning+1","floor":14},{"not_picked":["Reboot","Fission"],"picked":"Thunder Strike+1","floor":16},{"not_picked":["Blizzard+1","Undo"],"picked":"Cold Snap+1","floor":18},{"not_picked":["Scrape+1","Sweeping Beam+1"],"picked":"Ball Lightning+1","floor":28},{"not_picked":["Coolheaded","Leap"],"picked":"Barrage+1","floor":29},{"not_picked":["Sunder+1","Reprogram","Hologram+1"],"picked":"SKIP","floor":30},{"not_picked":["Compile Driver+1","Darkness"],"picked":"Cold Snap+1","floor":31},{"not_picked":["Seek","Creative AI"],"picked":"Fission","floor":33},{"not_picked":["Skim","Ball Lightning+1"],"picked":"Auto Shields","floor":34},{"not_picked":["Streamline+1","Storm","Reinforced Body"],"picked":"SKIP","floor":35},{"not_picked":["Consume","Skim+1"],"picked":"Go for the Eyes+1","floor":41},{"not_picked":["Go for the Eyes+1","Rip and Tear+1","Fission"],"picked":"SKIP","floor":42},{"not_picked":["Go for the Eyes+1","Capacitor+1","Tempest"],"picked":"SKIP","floor":45},{"not_picked":["Go for the Eyes+1","Hologram+1"],"picked":"Ball Lightning+1","floor":47}],"player_experience":702775,"relics_obtained":[{"floor":6.0,"key":"Symbiotic Virus"},{"floor":9.0,"key":"Molten Egg 2"},{"floor":20,"key":"Red Mask"},{"floor":24,"key":"Ancient Tea Set"},{"floor":26,"key":"Strawberry"},{"floor":28,"key":"The Courier"},{"floor":39,"key":"Incense Burner"},{"floor":42,"key":"Regal Pillow"},{"floor":43,"key":"Gremlin Horn"}],"event_choices":[{"event_name":"Living Wall","player_choice":"Change","floor":5.0,"damage_taken":0.0},{"event_name":"Bonfire Elementals","player_choice":"BASIC","floor":19,"damage_taken":0},{"event_name":"Masked Bandits","player_choice":"Fought over 195 gold","floor":20,"damage_taken":0},{"event_name":"Beggar","player_choice":"Gave Gold","floor":22,"damage_taken":0},{"event_name":"Match and Keep!","player_choice":"3 cards matched","floor":37,"damage_taken":0}],"is_beta":false,"boss_relics":[{"not_picked":["Runic Dome","Ectoplasm"],"picked":"Velvet Choker"},{"not_picked":["Nuclear Battery","Astrolabe"],"picked":"Tiny House"}],"items_purged_floors":[21,36,48],"is_endless":false,"potions_floor_spawned":[1,8,10,16,20,29,31,35,41],"ascension_level":10}