{"gold_per_floor":[111,111,186,205,11,39,39,72,72,28,39,52,52,52,52,129,129,148,88,88,65,77,77,105,118,118,118,146,157,183,183,183,183],"floor_reached":33,"playtime":1584,"items_purged":["Strike_R"],"score":626,"play_id":"5f8b583f-e201-4ffc-ad91-df50f461313e","local_time":"20190319103037","is_ascension_mode":true,"campfire_choices":[{"data":"Wild Strike","floor":7.0,"key":"SMITH"},{"data":"True Grit","floor":13.0,"key":"SMITH"},{"data":"Clothesline","floor":15.0,"key":"SMITH"},{"data":"Immolate","floor":23.0,"key":"SMITH"},{"data":"Heavy Blade","floor":27.0,"key":"SMITH"},{"floor":32.0,"key":"REST"}],"neow_cost":"NONE","seed_source_timestamp":5606396937736,"circlet_count":0,"master_deck":["AscendersBane","Strike_R","Strike_R","Strike_R","Strike_R","Defend_R","Defend_R","Defend_R","Defend_R+1","Bash+1","Iron Wave+1","Clothesline+1","Disarm","Metallicize","Wild Strike+1","Metallicize","True Grit+1","Spot Weakness","True Grit+1","Immolate+1","Metallicize+1","Spot Weakness","Shrug It Off","Shrug It Off","Heavy Blade+1","Shrug It Off+1","Dark Embrace"],"special_seed":0,"relics":["Burning Blood","Blood Vial","Red Skull","The Courier","Snecko Eye","Shovel","Shuriken","Pantograph","Happy Flower"],"potions_floor_usage":[33],"damage_taken":[{"damage":1.0,"enemies":"2 Louse","floor":1.0,"turns":5.0},{"damage":0.0,"enemies":"Jaw Worm","floor":4.0,"turns":5.0},{"damage":30.0,"enemies":"Gremlin Nob","floor":6.0,"turns":5.0},{"damage":20.0,"enemies":"3 Sentries","floor":8.0,"turns":9.0},{"damage":3.0,"enemies":"Small Slimes","floor":11.0,"turns":4.0},{"damage":0.0,"enemies":"Blue Slaver","floor":12.0,"turns":5.0},{"damage":23.0,"enemies":"Slime Boss","floor":16.0,"turns":13.0},{"damage":11.0,"enemies":"3 Byrds","floor":18.0,"turns":5.0},{"damage":5.0,"enemies":"2 Thieves","floor":21.0,"turns":4.0},{"damage":13.0,"enemies":"3 Cultists","floor":22.0,"turns":6.0},{"damage":33.0,"enemies":"Slavers","floor":24.0,"turns":4.0},{"damage":0.0,"enemies":"Centurion and Healer","floor":25.0,"turns":4.0},{"damage":26.0,"enemies":"Book of Stabbing","floor":28.0,"turns":4.0},{"damage":12.0,"enemies":"Shelled Parasite and Fungi","floor":29.0,"turns":5.0},{"damage":12.0,"enemies":"Gremlin Leader","floor":30.0,"turns":4.0},{"damage":62,"enemies":"Automaton","floor":33,"turns":10}],"seed_played":"-789551996068753661","potions_obtained":[{"floor":6.0,"key":"LiquidBronze"},{"floor":8.0,"key":"SpeedPotion"},{"floor":11.0,"key":"Dexterity Potion"},{"floor":16.0,"key":"FearPotion"},{"floor":24.0,"key":"Ancient Potion"}],"is_trial":false,"path_per_floor":["M","?","?","M","$","E","R","E","T","?","M","M","R","?","R","B",null,"M","$","?","M","M","R","E","M","T","R","E","M","E","?","R","B"],"character_chosen":"IRONCLAD","items_purchased":["Disarm","Metallicize","Wild Strike"],"campfire_rested":1,"item_purchase_floors":[5,5,5],"current_hp_per_floor":[73,50,50,56,56,32,32,20,20,20,25,33,33,33,33,18,61,58,58,58,61,56,56,31,39,39,39,21,17,13,13,35,0],"gold":183,"neow_bonus":"UPGRADE_CARD","is_prod":false,"is_daily":false,"chose_seed":false,"campfire_upgraded":5,"win_rate":0,"timestamp":1552987837,"path_taken":["M","?","?","M","$","E","R","E","T","?","M","M","R","?","R","BOSS","M","$","?","M","?","R","E","M","T","R","E","M","E","?","R","BOSS"],"build_version":"2019-01-23","purchased_purges":1,"victory":false,"max_hp_per_floor":[75,75,75,75,75,75,75,75,75,75,75,75,75,75,75,75,75,75,75,75,75,75,75,75,75,75,75,75,75,75,75,75,75],"card_choices":[{"not_picked":["Dropkick","Body Slam"],"picked":"Iron Wave","floor":1.0},{"not_picked":["Dual Wield","Perfected Strike"],"picked":"Clothesline","floor":4.0},{"not_picked":["Berserk","Flex"],"picked":"Metallicize","floor":6.0},{"not_picked":["Entrench","Iron Wave"],"picked":"True Grit","floor":8.0},{"not_picked":["Pommel Strike","Armaments"],"picked":"Spot Weakness","floor":11.0},{"not_picked":["Metallicize","Barricade"],"picked":"True Grit","floor":12.0},{"not_picked":["Fiend Fire","Dark Embrace"],"picked":"Immolate","floor":16.0},{"not_picked":["Cleave","Iron Wave"],"picked":"Metallicize+1","floor":18.0},{"not_picked":["Sword Boomerang","Perfected Strike"],"picked":"Shrug It Off","floor":21.0},{"not_picked":["Bloodletting","Battle Trance+1"],"picked":"Shrug It Off","floor":22.0},{"not_picked":["Hemokinesis","Clothesline","Barricade"],"picked":"SKIP","floor":24.0},{"not_picked":["Havoc","Clash"],"picked":"Heavy Blade","floor":25.0},{"not_picked":["Exhume","True Grit"],"picked":"Shrug It Off+1","floor":28.0},{"not_picked":["Anger","Pommel Strike","Heavy Blade"],"picked":"SKIP","floor":29.0},{"not_picked":["Wild Strike","Inflame"],"picked":"Dark Embrace","floor":30.0}],"player_experience":519983,"relics_obtained":[{"floor":6.0,"key":"Blood Vial"},{"floor":8.0,"key":"Red Skull"},{"floor":9.0,"key":"The Courier"},{"floor":24.0,"key":"Shovel"},{"floor":26.0,"key":"Shuriken"},{"floor":28.0,"key":"Pantograph"},{"floor":30.0,"key":"Happy Flower"}],"event_choices":[{"damage_healed":0.0,"max_hp_gain":0.0,"max_hp_loss":0.0,"gold_gain":0.0,"event_name":"Shining Light","player_choice":"Entered Light","floor":2.0,"gold_loss":0.0,"damage_taken":23.0,"cards_upgraded":["Iron Wave","Defend_R"]},{"damage_healed":0.0,"max_hp_gain":0.0,"max_hp_loss":0.0,"gold_gain":75.0,"event_name":"Golden Wing","player_choice":"Gained Gold","floor":3.0,"gold_loss":0.0,"damage_taken":0.0},{"damage_healed":0.0,"max_hp_gain":0.0,"max_hp_loss":0.0,"gold_gain":0.0,"event_name":"World of Goop","player_choice":"Left Gold","floor":10.0,"gold_loss":44.0,"damage_taken":0.0},{"damage_healed":0.0,"max_hp_gain":0.0,"max_hp_loss":0.0,"gold_gain":0.0,"event_name":"Living Wall","player_choice":"Grow","floor":14.0,"gold_loss":0.0,"damage_taken":0.0,"cards_upgraded":["True Grit"]},{"damage_healed":0.0,"max_hp_gain":0.0,"max_hp_loss":0.0,"gold_gain":0.0,"event_name":"Duplicator","player_choice":"Copied","floor":20.0,"gold_loss":0.0,"damage_taken":0.0,"cards_obtained":["Spot Weakness"]},{"damage_healed":0.0,"max_hp_gain":0.0,"max_hp_loss":0.0,"gold_gain":0.0,"event_name":"Cursed Tome","player_choice":"Ignored","floor":31.0,"gold_loss":0.0,"damage_taken":0.0}],"is_beta":false,"boss_relics":[{"not_picked":["Black Star","Busted Crown"],"picked":"Snecko Eye"}],"items_purged_floors":[19],"is_endless":false,"potions_floor_spawned":[6,8,11,16,21,22,24],"killed_by":"Automaton","ascension_level":20}