{"path_per_floor":["M","M","?","T","M","E","M","E","T","M","?","?","?","M","R","B",null,"M","M","M"],"character_chosen":"THE_SILENT","items_purchased":[],"gold_per_floor":[14,32,32,82,102,131,148,174,197,212,212,235,235,251,251,346,346,357,369,383],"floor_reached":21,"campfire_rested":1,"playtime":2448,"current_hp_per_floor":[70,70,58,58,58,58,48,33,33,33,33,33,33,22,43,9,70,41,26,22],"items_purged":[],"gold":383,"score":218,"play_id":"86734eb7-568d-447a-97a2-9bca23c9379a","local_time":"20180319162226","is_prod":false,"is_daily":false,"is_ascension_mode":false,"campfire_upgraded":0,"timestamp":1521501746,"path_taken":["M","M","?","?","?","E","M","E","T","M","?","?","?","M","R","BOSS","M","M","M","M"],"build_version":"2018-03-15v3","purchased_purges":0,"victory":false,"master_deck":["Defend_G","Defend_G","Defend_G","Defend_G","Defend_G","Strike_G","Strike_G","Strike_G","Strike_G","Strike_G","Survivor","Neutralize","Backflip","Footwork+1","Die Die Die","Accuracy","Endless Agony","Deflect","Regret","Footwork","Deflect","Masterful Stab","Choke+1"],"max_hp_per_floor":[70,70,70,70,70,70,70,70,70,70,70,70,70,70,70,70,70,70,70,70],"relics":["Ring of the Snake","Ice Cream","Shuriken","Pen Nib","Bag of Marbles","Dream Catcher","Juzu Bracelet","Odd Mushroom","Bag of Preparation","Black Star"],"card_choices":[{"not_picked":["Underhanded Strike","Calculated Gamble"],"picked":"Backflip"},{"not_picked":["Dodge and Roll","Flying Knee"],"picked":"Footwork"},{"not_picked":["Dagger Throw","Bane"],"picked":"Die Die Die"},{"not_picked":["Escape Plan","Dagger Throw"],"picked":"Accuracy"},{"not_picked":["Deflect","Outmaneuver"],"picked":"Endless Agony"},{"not_picked":["Deadly Poison","Crippling Poison"],"picked":"Deflect"},{"not_picked":["Slice","Catalyst"],"picked":"Footwork"},{"not_picked":["Crippling Poison","Well Laid Plans"],"picked":"Deflect"},{"not_picked":["Dagger Throw","Calculated Gamble"],"picked":"Masterful Stab"},{"not_picked":["Deflect","Riddle With Holes"],"picked":"Choke"}],"player_experience":120241,"potions_floor_usage":[6,8,16,20,21],"damage_taken":[{"damage":0,"enemies":"Jaw Worm","floor":1,"turns":3},{"damage":0,"enemies":"Cultist","floor":2,"turns":4},{"damage":0,"enemies":"2 Louse","floor":5,"turns":4},{"damage":0,"enemies":"3 Sentries","floor":6,"turns":2},{"damage":10,"enemies":"Exordium Thugs","floor":7,"turns":6},{"damage":15,"enemies":"Gremlin Nob","floor":8,"turns":6},{"damage":0,"enemies":"Looter","floor":10,"turns":3},{"damage":0,"enemies":"The Mushroom Lair","floor":12,"turns":1},{"damage":11,"enemies":"Blue Slaver","floor":14,"turns":4},{"damage":49,"enemies":"Slime Boss","floor":16,"turns":21},{"damage":29,"enemies":"Spheric Guardian","floor":18,"turns":10},{"damage":15,"enemies":"Chosen","floor":19,"turns":10},{"damage":4,"enemies":"Centurion and Healer","floor":20,"turns":7},{"damage":30,"enemies":"Chosen and Byrds","floor":21,"turns":7}],"event_choices":[{"event_name":"Scrap Ooze","player_choice":"success","floor":3,"damage_taken":12},{"event_name":"Upgrade Shrine","player_choice":"Upgraded","floor":11,"damage_taken":0},{"event_name":"Mushrooms","player_choice":"Fought Mushrooms","floor":12,"damage_taken":0},{"event_name":"Big Fish","player_choice":"Box","floor":13,"damage_taken":0}],"boss_relics":[{"not_picked":["Pandora\u0027s Box","Question Card"],"picked":"Black Star"}],"potions_floor_spawned":[2,5,7,8,10,16],"seed_played":"8286001553275504970","killed_by":"Chosen and Byrds","ascension_level":0,"is_trial":false}