{"gold_per_floor":[110,110,35,51,70,70,95,107,169,181,225,237,54,85,85,163,163,173,7,17,117,129,129,156,156,156,181,181],"floor_reached":28,"playtime":2675,"items_purged":["Strike_G","Strike_G"],"score":574,"play_id":"120444c6-487e-4910-8341-926bb6a97b82","local_time":"20190415124457","is_ascension_mode":true,"campfire_choices":[{"data":"Skewer","floor":6.0,"key":"SMITH"},{"data":"Neutralize","floor":8.0,"key":"SMITH"},{"data":"Neutralize","floor":15.0,"key":"SMITH"},{"floor":23.0,"key":"REST"}],"neow_cost":"NONE","seed_source_timestamp":0,"circlet_count":0,"master_deck":["AscendersBane","Defend_G","Defend_G","Defend_G","Defend_G","Survivor","Neutralize+1","Impatience","Backstab+1","Neutralize+1","Skewer+1","Backflip","Footwork","Deflect","Burst","After Image+1","Blur+1","Backstab+1","Blur+1","Poisoned Stab+1","Glass Knife","Crippling Poison","Backflip+1","Footwork+1","Noxious Fumes+1","Bouncing Flask","Catalyst"],"special_seed":0,"relics":["Ring of the Snake","MawBank","Oddly Smooth Stone","Happy Flower","Frozen Egg 2","Astrolabe","Peace Pipe","The Courier","Ancient Tea Set","Shuriken","Darkstone Periapt"],"potions_floor_usage":[28],"damage_taken":[{"damage":0.0,"enemies":"2 Louse","floor":1.0,"turns":4.0},{"damage":0.0,"enemies":"Cultist","floor":4.0,"turns":2.0},{"damage":4.0,"enemies":"Small Slimes","floor":5.0,"turns":3.0},{"damage":23.0,"enemies":"Gremlin Nob","floor":11.0,"turns":4.0},{"damage":17.0,"enemies":"3 Sentries","floor":14.0,"turns":14.0},{"damage":3.0,"enemies":"The Guardian","floor":16.0,"turns":19.0},{"damage":0.0,"enemies":"Spheric Guardian","floor":18.0,"turns":6.0},{"damage":7.0,"enemies":"2 Thieves","floor":20.0,"turns":5.0},{"damage":5.0,"enemies":"Colosseum Slavers","floor":21.0,"turns":5.0},{"damage":36.0,"enemies":"Colosseum Nobs","floor":21.0,"turns":6.0},{"damage":2.0,"enemies":"Chosen and Byrds","floor":22.0,"turns":11.0},{"damage":24.0,"enemies":"Gremlin Leader","floor":24.0,"turns":10.0},{"damage":0.0,"enemies":"Slavers","floor":27.0,"turns":6.0},{"damage":7,"enemies":"Shelled Parasite and Fungi","floor":28,"turns":1}],"seed_played":"-3340096595891505565","potions_obtained":[{"floor":1.0,"key":"Fruit Juice"},{"floor":14.0,"key":"Weak Potion"},{"floor":18.0,"key":"GhostInAJar"},{"floor":24.0,"key":"Weak Potion"}],"is_trial":false,"path_per_floor":["M","?","$","M","M","R","T","R","T","?","E","?","$","E","R","B",null,"M","$","M","?","M","R","E","?","T","E","M"],"character_chosen":"THE_SILENT","items_purchased":["Footwork","Deflect","Glass Knife","Crippling Poison"],"campfire_rested":1,"item_purchase_floors":[13,13,19,19],"current_hp_per_floor":[59,59,59,59,55,55,55,55,55,55,32,25,25,8,8,5,51,51,51,44,8,6,27,3,3,3,3,0],"gold":181,"neow_bonus":"RANDOM_COLORLESS","is_prod":false,"is_daily":false,"chose_seed":false,"campfire_upgraded":3,"win_rate":0,"timestamp":1555325097,"path_taken":["M","?","$","?","M","R","?","R","T","?","E","?","?","E","R","BOSS","M","$","M","?","M","R","E","?","T","E","M"],"build_version":"2019-01-23","purchased_purges":2,"victory":false,"max_hp_per_floor":[66,66,66,66,66,66,66,66,66,66,66,66,66,66,66,66,66,66,66,66,71,71,71,71,71,71,71,71],"card_choices":[{"not_picked":["Underhanded Strike","Deflect"],"picked":"Backstab","floor":1.0},{"not_picked":["Acrobatics","Underhanded Strike"],"picked":"Backflip","floor":4.0},{"not_picked":["Flying Knee","Cloak And Dagger","Dodge and Roll"],"picked":"SKIP","floor":5.0},{"not_picked":["Acrobatics","Dodge and Roll","Underhanded Strike"],"picked":"SKIP","floor":11.0},{"not_picked":["Terror","Calculated Gamble"],"picked":"Burst","floor":14.0},{"not_picked":["Venomology","Bullet Time"],"picked":"After Image+1","floor":16.0},{"not_picked":["Underhanded Strike","Dagger Throw"],"picked":"Poisoned Stab+1","floor":18.0},{"not_picked":["Underhanded Strike","Flechettes"],"picked":"Backflip+1","floor":20.0},{"not_picked":["Underhanded Strike","Skewer"],"picked":"Footwork+1","floor":21.0},{"not_picked":["Infinite Blades+1","Deflect"],"picked":"Noxious Fumes+1","floor":22.0},{"not_picked":["Dagger Spray","Quick Slash"],"picked":"Bouncing Flask","floor":24.0},{"not_picked":["Flechettes+1","Tactician"],"picked":"Catalyst","floor":27.0}],"player_experience":604125,"relics_obtained":[{"floor":7.0,"key":"MawBank"},{"floor":9.0,"key":"Oddly Smooth Stone"},{"floor":11.0,"key":"Happy Flower"},{"floor":14.0,"key":"Frozen Egg 2"},{"floor":21.0,"key":"Peace Pipe"},{"floor":21.0,"key":"The Courier"},{"floor":24.0,"key":"Ancient Tea Set"},{"floor":26.0,"key":"Shuriken"},{"floor":27.0,"key":"Darkstone Periapt"}],"event_choices":[{"damage_healed":0.0,"max_hp_gain":0.0,"max_hp_loss":0.0,"gold_gain":0.0,"event_name":"Match and Keep!","player_choice":"2 cards matched","floor":2.0,"gold_loss":0.0,"damage_taken":0.0,"cards_obtained":["Neutralize","Skewer"]},{"damage_healed":0.0,"max_hp_gain":0.0,"max_hp_loss":0.0,"gold_gain":0.0,"event_name":"Living Wall","player_choice":"Grow","floor":10.0,"gold_loss":0.0,"damage_taken":0.0,"cards_upgraded":["Backstab"]},{"cards_removed":["Strike_G"],"damage_healed":0.0,"max_hp_gain":0.0,"max_hp_loss":0.0,"gold_gain":0.0,"event_name":"Golden Wing","player_choice":"Card Removal","floor":12.0,"gold_loss":0.0,"damage_taken":7.0},{"damage_healed":0.0,"max_hp_gain":0.0,"max_hp_loss":0.0,"gold_gain":0.0,"event_name":"Colosseum","player_choice":"Fight","floor":21.0,"gold_loss":0.0,"damage_taken":0.0},{"damage_healed":0.0,"max_hp_gain":0.0,"max_hp_loss":0.0,"gold_gain":0.0,"event_name":"Colosseum","player_choice":"Fought Nobs","floor":21.0,"gold_loss":0.0,"damage_taken":0.0},{"damage_healed":0.0,"max_hp_gain":0.0,"max_hp_loss":0.0,"gold_gain":0.0,"event_name":"The Mausoleum","player_choice":"Ignored","floor":25.0,"gold_loss":0.0,"damage_taken":0.0}],"is_beta":false,"boss_relics":[{"not_picked":["White Beast Statue","Velvet Choker"],"picked":"Astrolabe"}],"items_purged_floors":[3,13],"is_endless":false,"potions_floor_spawned":[1,14,18,21,24],"killed_by":"Shelled Parasite and Fungi","ascension_level":20}