{"gold_per_floor":[114,189,202,202,302,330,330,346,346,357,371,20,20,20,20,146,146,166,266,284,39,53,53,76,76],"floor_reached":25,"playtime":1975,"items_purged":["Regret","Injury"],"score":203,"play_id":"366ee72c-2d9c-46f0-be0b-40a4eec64e71","local_time":"20190414225146","is_ascension_mode":false,"campfire_choices":[{"floor":7,"key":"REST"},{"floor":13,"key":"REST"},{"data":"Infinite Blades","floor":15,"key":"SMITH"},{"floor":23,"key":"REST"}],"neow_cost":"NONE","seed_source_timestamp":359340280458542,"circlet_count":0,"master_deck":["Defend_G","Defend_G","Defend_G","Defend_G","Defend_G","Strike_G","Strike_G","Strike_G","Strike_G","Strike_G","Survivor","Neutralize","Quick Slash","Noxious Fumes","Endless Agony","Well Laid Plans","Slice","Masterful Stab","Infinite Blades+1","Dagger Throw","Apotheosis","A Thousand Cuts","Dagger Throw","Infinite Blades","Adrenaline","Dagger Spray+1","Blade Dance+1"],"relics":["Ring of the Serpent","Sundial","Blood Vial","Dodecahedron","Golden Idol"],"potions_floor_usage":[16,16,16,24],"damage_taken":[{"damage":0,"enemies":"2 Louse","floor":1,"turns":3},{"damage":6,"enemies":"Jaw Worm","floor":3,"turns":5},{"damage":33,"enemies":"Gremlin Nob","floor":6,"turns":5},{"damage":0,"enemies":"Cultist","floor":8,"turns":3},{"damage":25,"enemies":"Lots of Slimes","floor":10,"turns":4},{"damage":6,"enemies":"3 Louse","floor":11,"turns":3},{"damage":49,"enemies":"The Guardian","floor":16,"turns":9},{"damage":10,"enemies":"Chosen","floor":18,"turns":4},{"damage":34,"enemies":"2 Thieves","floor":20,"turns":4},{"damage":0,"enemies":"Snecko","floor":22,"turns":4},{"damage":24,"enemies":"Shelled Parasite and Fungi","floor":24,"turns":6},{"damage":42,"enemies":"Gremlin Leader","floor":25,"turns":2}],"seed_played":"1482965545721755418","potions_obtained":[{"floor":8,"key":"PowerPotion"},{"floor":10,"key":"SkillPotion"},{"floor":11,"key":"PowerPotion"},{"floor":16,"key":"Dexterity Potion"},{"floor":20,"key":"Weak Potion"},{"floor":22,"key":"Ancient Potion"}],"is_trial":false,"path_per_floor":["M","?","M","?","?","E","R","M","T","M","M","$","R","?","R","B",null,"M","?","M","$","M","R","M","E"],"character_chosen":"THE_SILENT","items_purchased":["Infinite Blades","Dagger Throw","Apotheosis","Adrenaline"],"campfire_rested":3,"item_purchase_floors":[12,12,12,21],"current_hp_per_floor":[77,66,60,60,60,27,50,52,52,29,25,25,48,48,48,1,77,67,67,35,35,37,60,38,0],"gold":76,"neow_bonus":"TEN_PERCENT_HP_BONUS","is_prod":false,"is_daily":false,"chose_seed":false,"campfire_upgraded":1,"win_rate":0.0,"timestamp":1555296706,"path_taken":["M","?","M","?","?","E","R","?","T","M","M","?","R","?","R","BOSS","M","?","M","$","?","R","M","E"],"build_version":"2019-01-23","purchased_purges":2,"victory":false,"max_hp_per_floor":[77,77,77,77,77,77,77,77,77,77,77,77,77,77,77,77,77,77,77,77,77,77,77,77,77],"card_choices":[{"not_picked":["Deadly Poison","Dagger Spray"],"picked":"Quick Slash","floor":1},{"not_picked":["PiercingWail","Dodge and Roll"],"picked":"Noxious Fumes","floor":3},{"not_picked":["Heel Hook","Noxious Fumes"],"picked":"Endless Agony","floor":6},{"not_picked":["Expertise","Flechettes"],"picked":"Well Laid Plans","floor":8},{"not_picked":["Acrobatics","Deflect"],"picked":"Slice","floor":10},{"not_picked":["Sucker Punch","Bouncing Flask"],"picked":"Masterful Stab","floor":11},{"not_picked":["Die Die Die","Malaise"],"picked":"A Thousand Cuts","floor":16},{"not_picked":["Slice","Deflect"],"picked":"Dagger Throw","floor":18},{"not_picked":["Slice","Acrobatics+1"],"picked":"Infinite Blades","floor":20},{"not_picked":["Backflip","Distraction"],"picked":"Dagger Spray+1","floor":22},{"not_picked":["PiercingWail+1","Backflip+1"],"picked":"Blade Dance+1","floor":24}],"player_experience":321,"relics_obtained":[{"floor":6,"key":"Blood Vial"},{"floor":9,"key":"Dodecahedron"}],"event_choices":[{"damage_healed":0,"gold_gain":75,"player_choice":"Gather Gold","damage_taken":11,"max_hp_gain":0,"max_hp_loss":0,"event_name":"World of Goop","floor":2,"gold_loss":0},{"damage_healed":0,"gold_gain":0,"player_choice":"Box","damage_taken":0,"relics_obtained":["Sundial"],"max_hp_gain":0,"max_hp_loss":0,"event_name":"Big Fish","floor":4,"gold_loss":0,"cards_obtained":["Regret"]},{"damage_healed":0,"gold_gain":100,"player_choice":"Pray","damage_taken":0,"max_hp_gain":0,"max_hp_loss":0,"event_name":"Golden Shrine","floor":5,"gold_loss":0},{"damage_healed":0,"gold_gain":0,"player_choice":"Take Wound","damage_taken":0,"relics_obtained":["Golden Idol"],"max_hp_gain":0,"max_hp_loss":0,"event_name":"Golden Idol","floor":14,"gold_loss":0,"cards_obtained":["Injury"]},{"damage_healed":0,"gold_gain":100,"player_choice":"Pray","damage_taken":0,"max_hp_gain":0,"max_hp_loss":0,"event_name":"Golden Shrine","floor":19,"gold_loss":0}],"is_beta":false,"boss_relics":[{"not_picked":["Orrery","Tiny House"],"picked":"Ring of the Serpent"}],"items_purged_floors":[12,21],"is_endless":false,"potions_floor_spawned":[8,10,11,16,20,22],"killed_by":"Gremlin Leader","ascension_level":0}