{"gold_per_floor":[112,112,135,225,248,279,279,279,341,377,134,147,72,84,84,256,256,269,269,269,288,43,57,57,57,57,77,77,108,120,140,140,313,313,333,352,1551,1617,1639,1639,1497,1497,1529,1561,1054,904,928,962,962,962],"floor_reached":51,"playtime":1653,"items_purged":["Strike_R+1","Strike_R+1","Strike_R+1","Immolate","Parasite","Bash+1"],"score":150,"play_id":"74952616-e702-4f88-8c36-d652c8de65f5","local_time":"20190220131118","is_ascension_mode":true,"campfire_choices":[{"data":"Whirlwind","floor":8,"key":"SMITH"},{"data":"Double Tap","floor":15,"key":"SMITH"},{"data":"Strike_R+1","floor":25,"key":"PURGE"},{"data":"Strike_R+1","floor":28,"key":"PURGE"},{"data":"Defend_R+1","floor":32,"key":"PURGE"},{"data":"Defend_R+1","floor":40,"key":"PURGE"},{"data":"Shrug It Off","floor":49,"key":"SMITH"}],"neow_cost":"NONE","seed_source_timestamp":987608888635,"circlet_count":0,"master_deck":["Defend_R+1","Defend_R+1","Shrug It Off+1","Thunderclap+1","Pommel Strike+1","Whirlwind+1","Double Tap+1","Shockwave","Inflame","Impervious","True Grit+1","Flex+1","Battle Trance","Shrug It Off+1","Inflame+1"],"relics":["Burning Blood","Bag of Preparation","Singing Bowl","Omamori","Girya","Bottled Flame","Peace Pipe","Velvet Choker","Chemical X","Blue Candle","Kunai","Shuriken","Gremlin Horn","Prayer Wheel","Cursed Key","StoneCalendar","Champion Belt","Sundial","Vajra","Regal Pillow","Pen Nib","ClockworkSouvenir","Meat on the Bone","Happy Flower"],"potions_floor_usage":[6,10,16,16,23,27,29,33,33,48,50],"damage_taken":[{"damage":9,"enemies":"Jaw Worm","floor":1,"turns":2},{"damage":0,"enemies":"Cultist","floor":3,"turns":2},{"damage":4,"enemies":"Small Slimes","floor":5,"turns":2},{"damage":0,"enemies":"Lagavulin","floor":6,"turns":6},{"damage":7,"enemies":"3 Sentries","floor":10,"turns":3},{"damage":0,"enemies":"Looter","floor":12,"turns":1},{"damage":0,"enemies":"Exordium Wildlife","floor":14,"turns":1},{"damage":0,"enemies":"The Guardian","floor":16,"turns":7},{"damage":0,"enemies":"2 Thieves","floor":18,"turns":1},{"damage":0,"enemies":"Chosen","floor":21,"turns":2},{"damage":0,"enemies":"Sentry and Sphere","floor":23,"turns":1},{"damage":0,"enemies":"Snake Plant","floor":27,"turns":1},{"damage":0,"enemies":"Gremlin Leader","floor":29,"turns":1},{"damage":0,"enemies":"Shelled Parasite and Fungi","floor":30,"turns":1},{"damage":0,"enemies":"Centurion and Healer","floor":31,"turns":1},{"damage":0,"enemies":"Collector","floor":33,"turns":3},{"damage":0,"enemies":"3 Darklings","floor":35,"turns":1},{"damage":0,"enemies":"Orb Walker","floor":36,"turns":1},{"damage":0,"enemies":"2 Orb Walkers","floor":38,"turns":1},{"damage":7,"enemies":"4 Shapes","floor":39,"turns":1},{"damage":1,"enemies":"Reptomancer","floor":44,"turns":2},{"damage":0,"enemies":"3 Darklings","floor":47,"turns":1},{"damage":0,"enemies":"Nemesis","floor":48,"turns":3},{"damage":8,"enemies":"Donu and Deca","floor":50,"turns":3}],"seed_played":"-7664782872617611135","potions_obtained":[{"floor":1,"key":"PowerPotion"},{"floor":3,"key":"SpeedPotion"},{"floor":5,"key":"Poison Potion"},{"floor":6,"key":"Fire Potion"},{"floor":10,"key":"PowerPotion"},{"floor":12,"key":"Energy Potion"},{"floor":16,"key":"Fire Potion"},{"floor":18,"key":"Weak Potion"},{"floor":23,"key":"SteroidPotion"},{"floor":23,"key":"PowerPotion"},{"floor":27,"key":"Poison Potion"},{"floor":29,"key":"Explosive Potion"},{"floor":31,"key":"PowerPotion"},{"floor":31,"key":"Weak Potion"},{"floor":33,"key":"SkillPotion"},{"floor":35,"key":"Energy Potion"},{"floor":39,"key":"SpeedPotion"},{"floor":39,"key":"Dexterity Potion"},{"floor":48,"key":"EssenceOfSteel"}],"is_trial":false,"path_per_floor":["M","?","M","?","M","E","?","R","T","E","$","M","$","M","R","B",null,"M","?","?","M","$","M","?","R","T","M","R","E","M","M","R","B",null,"M","M","?","?","M","R","$","?","T","E","$","$","M","E","R","B",null],"character_chosen":"IRONCLAD","items_purchased":["Bottled Flame","Chemical X","Battle Trance","Regal Pillow","Pen Nib","ClockworkSouvenir"],"campfire_rested":0,"item_purchase_floors":[11,22,41,45,45,45],"current_hp_per_floor":[84,84,85,74,78,85,85,85,85,87,87,87,87,87,87,92,92,94,94,94,96,96,98,98,98,98,98,98,102,104,104,104,111,111,113,117,117,119,123,123,123,125,125,129,126,126,128,130,130,135],"gold":962,"neow_bonus":"THREE_CARDS","is_prod":false,"is_daily":false,"chose_seed":false,"campfire_upgraded":3,"win_rate":0,"timestamp":1550689878,"path_taken":["M","?","?","?","M","E","?","R","T","E","?","?","$","M","R","BOSS","M","?","?","M","$","M","?","R","T","M","R","E","?","M","R","BOSS","M","M","?","?","M","R","$","?","T","E","?","$","M","E","R","BOSS"],"build_version":"2019-01-23","purchased_purges":6,"victory":true,"max_hp_per_floor":[85,85,85,85,85,85,85,85,85,87,87,87,87,87,87,92,92,94,94,94,96,96,98,98,98,98,98,98,102,104,104,104,111,111,113,117,117,119,123,123,123,125,125,129,126,126,128,130,130,135],"card_choices":[{"not_picked":["Heavy Blade","True Grit"],"picked":"Shrug It Off","floor":1},{"not_picked":["Inflame","Flex+1"],"picked":"Thunderclap+1","floor":3},{"not_picked":["Flame Barrier","Twin Strike"],"picked":"Pommel Strike","floor":5},{"not_picked":["Sever Soul","Impervious"],"picked":"Whirlwind","floor":6},{"not_picked":["Clothesline","Second Wind+1","Cleave"],"picked":"SKIP","floor":6},{"not_picked":["Sever Soul+1","Thunderclap"],"picked":"Double Tap","floor":10},{"not_picked":["Armaments","Iron Wave","Shrug It Off"],"picked":"Singing Bowl","floor":10},{"not_picked":["Iron Wave","Twin Strike"],"picked":"Shockwave","floor":12},{"not_picked":["Disarm","Blood for Blood"],"picked":"Inflame","floor":14},{"not_picked":["Bludgeon","Berserk"],"picked":"Immolate","floor":16},{"not_picked":["Clothesline","Iron Wave+1","Anger+1"],"picked":"Singing Bowl","floor":18},{"not_picked":["Warcry+1","Whirlwind+1","Intimidate+1"],"picked":"Singing Bowl","floor":21},{"not_picked":["Clothesline","Flex","Infernal Blade+1"],"picked":"Singing Bowl","floor":23},{"not_picked":["Perfected Strike","Clash"],"picked":"Impervious","floor":27},{"not_picked":["Immolate","Infernal Blade","Rage"],"picked":"Singing Bowl","floor":29},{"not_picked":["Clash+1","Impervious","Evolve+1"],"picked":"Singing Bowl","floor":29},{"not_picked":["Disarm+1","Clash","Headbutt+1"],"picked":"Singing Bowl","floor":30},{"not_picked":["Perfected Strike","Hemokinesis+1"],"picked":"True Grit+1","floor":31},{"not_picked":["Bludgeon","Dark Embrace","Exhume"],"picked":"Singing Bowl","floor":33},{"not_picked":["Corruption+1","Metallicize+1"],"picked":"Flex+1","floor":35},{"not_picked":["Feel No Pain+1","Rage+1","Inflame"],"picked":"Singing Bowl","floor":35},{"not_picked":["Wild Strike+1","Iron Wave+1","Combust"],"picked":"Singing Bowl","floor":36},{"not_picked":["Pommel Strike","Inflame+1","Body Slam"],"picked":"Singing Bowl","floor":36},{"not_picked":["Wild Strike","Perfected Strike+1","Thunderclap+1"],"picked":"Singing Bowl","floor":38},{"not_picked":["Pommel Strike","Flex+1","Headbutt+1"],"picked":"Singing Bowl","floor":39},{"not_picked":["Iron Wave","Havoc+1","Wild Strike+1"],"picked":"Singing Bowl","floor":39},{"not_picked":["Secret Weapon","Deep Breath","Discovery"],"picked":"Singing Bowl","floor":42},{"not_picked":["Iron Wave","Body Slam+1","Whirlwind+1"],"picked":"Singing Bowl","floor":44},{"not_picked":["Metallicize+1","Body Slam+1","Corruption+1"],"picked":"Singing Bowl","floor":44},{"not_picked":["Sword Boomerang","Body Slam+1"],"picked":"Shrug It Off+1","floor":47},{"not_picked":["Shrug It Off+1","Heavy Blade+1","Iron Wave+1"],"picked":"Singing Bowl","floor":47},{"not_picked":["Anger+1","Sentinel+1","Feed"],"picked":"Singing Bowl","floor":48},{"not_picked":["Uppercut+1","Sever Soul+1"],"picked":"Inflame+1","floor":48}],"player_experience":570768,"relics_obtained":[{"floor":6,"key":"Bag of Preparation"},{"floor":9,"key":"Singing Bowl"},{"floor":9,"key":"Omamori"},{"floor":10,"key":"Girya"},{"floor":16,"key":"Peace Pipe"},{"floor":26,"key":"Blue Candle"},{"floor":26,"key":"Kunai"},{"floor":29,"key":"Shuriken"},{"floor":31,"key":"Gremlin Horn"},{"floor":33,"key":"Prayer Wheel"},{"floor":35,"key":"StoneCalendar"},{"floor":38,"key":"Champion Belt"},{"floor":43,"key":"Sundial"},{"floor":44,"key":"Vajra"},{"floor":47,"key":"Meat on the Bone"},{"floor":48,"key":"Happy Flower"}],"event_choices":[{"damage_healed":0,"gold_gain":0,"player_choice":"0 cards matched","damage_taken":0,"max_hp_gain":0,"max_hp_loss":0,"event_name":"Match and Keep!","floor":2,"gold_loss":0,"cards_obtained":[]},{"damage_healed":0,"gold_gain":75,"player_choice":"Gather Gold","damage_taken":11,"max_hp_gain":0,"max_hp_loss":0,"event_name":"World of Goop","floor":4,"gold_loss":0},{"damage_healed":0,"gold_gain":0,"player_choice":"Grow","damage_taken":0,"max_hp_gain":0,"max_hp_loss":0,"event_name":"Living Wall","floor":7,"gold_loss":0,"cards_upgraded":["Pommel Strike"]},{"damage_healed":0,"gold_gain":0,"player_choice":"Ignored","damage_taken":0,"max_hp_gain":0,"max_hp_loss":0,"event_name":"Ghosts","floor":19,"gold_loss":0},{"damage_healed":0,"gold_gain":0,"player_choice":"Ignored","damage_taken":0,"max_hp_gain":0,"max_hp_loss":0,"event_name":"Vampires","floor":20,"gold_loss":0},{"damage_healed":0,"gold_gain":0,"player_choice":"0 cards matched","damage_taken":0,"max_hp_gain":0,"max_hp_loss":0,"event_name":"Match and Keep!","floor":24,"gold_loss":0,"cards_obtained":[]},{"damage_healed":0,"gold_gain":999,"player_choice":"Gold","damage_taken":0,"max_hp_gain":0,"max_hp_loss":0,"event_name":"MindBloom","floor":37,"gold_loss":0,"cards_obtained":["Normality","Normality"]},{"damage_healed":0,"gold_gain":0,"player_choice":"Fight","damage_taken":0,"max_hp_gain":0,"max_hp_loss":0,"event_name":"Mysterious Sphere","floor":38,"gold_loss":0},{"damage_healed":0,"gold_gain":0,"player_choice":"Memory 1","damage_taken":0,"max_hp_gain":0,"max_hp_loss":0,"event_name":"SensoryStone","floor":42,"gold_loss":0}],"is_beta":false,"boss_relics":[{"not_picked":["Astrolabe","White Beast Statue"],"picked":"Velvet Choker"},{"not_picked":["Black Blood","Eternal Feather"],"picked":"Cursed Key"}],"items_purged_floors":[11,13,22,41,45,46],"is_endless":false,"potions_floor_spawned":[12,14,18,23,31,35,36,39],"ascension_level":-20}