{"gold_per_floor":[115,115,43,58,58,58,58,88,88,88,105,105,122,139,139,242,242,258,25,25,25,25,53,72,92,147,173,185,6,6,20,20,117,117,137,137,154,167,177,177,193,193,243,262,262,287,287,322,322,322],"floor_reached":51,"playtime":3355,"items_purged":["Strike_B"],"score":1220,"play_id":"c6ab282b-1eab-4306-aad0-df1a466ceca7","local_time":"20190215160719","is_ascension_mode":true,"campfire_choices":[{"data":"Fission","floor":6.0,"key":"SMITH"},{"data":"Consume","floor":10.0,"key":"SMITH"},{"data":"Zap","floor":15.0,"key":"SMITH"},{"floor":30.0,"key":"REST"},{"floor":32.0,"key":"REST"},{"data":"Thunder Strike","floor":40,"key":"SMITH"},{"data":"Storm","floor":42,"key":"SMITH"},{"data":"Seek","floor":47,"key":"SMITH"},{"data":"Hologram","floor":49,"key":"SMITH"}],"neow_cost":"CURSE","seed_source_timestamp":361088758097068,"circlet_count":0,"master_deck":["AscendersBane","Defend_B","Defend_B","Defend_B","Zap+1","Dualcast","Conserve Battery","Fission+1","Hologram+1","Consume+1","FTL","Melter","Steam","Cold Snap","Electrodynamics","Thunder Strike+1","Fusion+1","Steam+1","Coolheaded","Seek+1","Turbo","Sweeping Beam","Capacitor","Storm+1","Leap","Static Discharge","Capacitor","Hologram+1","Thunder Strike+1","Stack","Stack+1","Finesse","Beam Cell","Ball Lightning"],"special_seed":0,"relics":["Cracked Core","Ice Cream","Sundial","Shovel","FossilizedHelix","Astrolabe","Oddly Smooth Stone","Gambling Chip","Bag of Preparation","The Courier","Runic Pyramid","DataDisk","Nunchaku","Juzu Bracelet"],"potions_floor_usage":[50,50],"damage_taken":[{"damage":4.0,"enemies":"Jaw Worm","floor":1.0,"turns":3.0},{"damage":0.0,"enemies":"Cultist","floor":4.0,"turns":3.0},{"damage":34.0,"enemies":"Gremlin Nob","floor":8.0,"turns":4.0},{"damage":0.0,"enemies":"Small Slimes","floor":11.0,"turns":3.0},{"damage":0.0,"enemies":"Exordium Wildlife","floor":13.0,"turns":3.0},{"damage":0.0,"enemies":"Red Slaver","floor":14.0,"turns":4.0},{"damage":24.0,"enemies":"The Guardian","floor":16.0,"turns":13.0},{"damage":0.0,"enemies":"Spheric Guardian","floor":18.0,"turns":3.0},{"damage":15.0,"enemies":"Book of Stabbing","floor":23.0,"turns":5.0},{"damage":0.0,"enemies":"Chosen","floor":24.0,"turns":3.0},{"damage":18.0,"enemies":"Snake Plant","floor":25.0,"turns":5.0},{"damage":21.0,"enemies":"Slavers","floor":27.0,"turns":2.0},{"damage":0.0,"enemies":"Centurion and Healer","floor":28.0,"turns":5.0},{"damage":0.0,"enemies":"3 Cultists","floor":31.0,"turns":2.0},{"damage":15.0,"enemies":"Automaton","floor":33.0,"turns":9.0},{"damage":0.0,"enemies":"3 Darklings","floor":35.0,"turns":2.0},{"damage":0.0,"enemies":"3 Shapes","floor":37.0,"turns":4.0},{"damage":1.0,"enemies":"Sphere and 2 Shapes","floor":38.0,"turns":4.0},{"damage":0,"enemies":"4 Shapes","floor":39,"turns":4},{"damage":17,"enemies":"Jaw Worm Horde","floor":41,"turns":4},{"damage":0,"enemies":"Spire Growth","floor":44,"turns":4},{"damage":0,"enemies":"Nemesis","floor":46,"turns":5},{"damage":0,"enemies":"Reptomancer","floor":48,"turns":4},{"damage":18,"enemies":"Awakened One","floor":50,"turns":9}],"seed_played":"5892823861875414905","potions_obtained":[{"floor":1.0,"key":"FocusPotion"},{"floor":4.0,"key":"LiquidBronze"},{"floor":28.0,"key":"Dexterity Potion"},{"floor":35.0,"key":"FocusPotion"}],"is_trial":false,"path_per_floor":["M","?","$","M","?","R","T","E","T","R","M","?","M","M","R","B",null,"M","$","?","$","?","E","M","M","T","E","M","$","R","M","R","B",null,"M","?","M","M","M","R","M","R","T","M","?","E","R","E","R","B",null],"character_chosen":"DEFECT","items_purchased":["Consume","Seek","Oddly Smooth Stone","Static Discharge","Capacitor"],"campfire_rested":2,"item_purchase_floors":[3,19,19,29,29],"current_hp_per_floor":[64,64,64,64,57,57,57,23,23,23,23,48,48,48,48,24,62,62,62,62,62,62,47,47,29,29,8,8,8,30,30,52,37,66,66,66,66,65,65,65,48,48,48,48,48,48,48,48,48,30],"gold":322,"neow_bonus":"ONE_RARE_RELIC","is_prod":false,"is_daily":false,"chose_seed":false,"campfire_upgraded":7,"win_rate":0,"timestamp":1550243239,"path_taken":["M","?","$","?","?","R","?","E","T","R","?","?","M","M","R","BOSS","M","$","?","$","?","E","M","?","T","E","M","?","R","M","R","BOSS","M","?","M","?","M","R","M","R","T","M","?","E","R","E","R","BOSS"],"build_version":"2019-01-23","purchased_purges":1,"victory":true,"max_hp_per_floor":[75,75,75,75,75,75,75,75,75,75,75,75,75,75,75,75,75,75,75,75,75,75,75,75,75,75,75,75,75,75,75,75,75,75,75,75,75,75,75,75,75,75,75,75,75,75,75,75,75,75],"card_choices":[{"not_picked":["Steam","Go for the Eyes"],"picked":"Conserve Battery","floor":1.0},{"not_picked":["Stack","Melter"],"picked":"FTL","floor":4.0},{"not_picked":["Barrage","Melter","Stack"],"picked":"SKIP","floor":8.0},{"not_picked":["Barrage","Stack"],"picked":"Melter","floor":8.0},{"not_picked":["Rebound","Sweeping Beam","Beam Cell"],"picked":"SKIP","floor":11.0},{"not_picked":["Stack","Recycle"],"picked":"Steam","floor":13.0},{"not_picked":["All For One","Leap"],"picked":"Cold Snap","floor":14.0},{"not_picked":["Hyperbeam","Seek"],"picked":"Electrodynamics","floor":16.0},{"not_picked":["Aggregate","FTL"],"picked":"Coolheaded","floor":18.0},{"not_picked":["Steam","Gash"],"picked":"Turbo","floor":23.0},{"not_picked":["Rebound","Double Energy"],"picked":"Sweeping Beam","floor":24.0},{"not_picked":["Stack+1","Chaos"],"picked":"Capacitor","floor":25.0},{"not_picked":["Leap","Force Field"],"picked":"Storm","floor":27.0},{"not_picked":["Streamline","FTL"],"picked":"Leap","floor":28.0},{"not_picked":["Steam","Leap"],"picked":"Hologram+1","floor":31.0},{"not_picked":["Core Surge","All For One"],"picked":"Thunder Strike","floor":33.0},{"not_picked":["Beam Cell+1","Undo"],"picked":"Stack","floor":35.0},{"not_picked":["Turbo","Redo","Compile Driver"],"picked":"SKIP","floor":37.0},{"not_picked":["Barrage","Hologram","Fusion"],"picked":"SKIP","floor":38.0},{"not_picked":["Barrage","Darkness","Rebound"],"picked":"SKIP","floor":39},{"not_picked":["Sweeping Beam","Stack","Chill+1"],"picked":"SKIP","floor":41},{"not_picked":["Hologram","All For One"],"picked":"Stack+1","floor":44},{"not_picked":["Good Instincts","Deep Breath"],"picked":"Finesse","floor":45},{"not_picked":["Barrage","Meteor Strike"],"picked":"Beam Cell","floor":46},{"not_picked":["Compile Driver","Sweeping Beam+1"],"picked":"Ball Lightning","floor":48}],"player_experience":369616,"relics_obtained":[{"floor":7.0,"key":"Sundial"},{"floor":8.0,"key":"Shovel"},{"floor":9.0,"key":"FossilizedHelix"},{"floor":23.0,"key":"Gambling Chip"},{"floor":26.0,"key":"Bag of Preparation"},{"floor":27.0,"key":"The Courier"},{"floor":43,"key":"DataDisk"},{"floor":46,"key":"Nunchaku"},{"floor":48,"key":"Juzu Bracelet"}],"event_choices":[{"damage_healed":0.0,"max_hp_gain":0.0,"max_hp_loss":0.0,"gold_gain":0.0,"event_name":"Match and Keep!","player_choice":"2 cards matched","floor":2.0,"gold_loss":0.0,"damage_taken":0.0,"cards_obtained":["Fission","Hologram"]},{"cards_removed":["Clumsy"],"damage_healed":0.0,"max_hp_gain":0.0,"max_hp_loss":0.0,"gold_gain":0.0,"event_name":"Golden Wing","player_choice":"Card Removal","floor":5.0,"gold_loss":0.0,"damage_taken":7.0},{"damage_healed":25.0,"max_hp_gain":0.0,"max_hp_loss":0.0,"gold_gain":0.0,"event_name":"Big Fish","player_choice":"Banana","floor":12.0,"gold_loss":0.0,"damage_taken":0.0},{"damage_healed":0.0,"max_hp_gain":0.0,"max_hp_loss":0.0,"gold_gain":0.0,"event_name":"Lab","player_choice":"Got Potions","floor":22.0,"gold_loss":0.0,"damage_taken":0.0},{"cards_removed":["Strike_B"],"damage_healed":0.0,"max_hp_gain":0.0,"max_hp_loss":0.0,"gold_gain":0.0,"event_name":"Bonfire Elementals","player_choice":"Offered Basic","floor":36.0,"gold_loss":0.0,"damage_taken":0.0},{"damage_healed":0,"gold_gain":0,"player_choice":"Memory 1","damage_taken":0,"max_hp_gain":0,"max_hp_loss":0,"event_name":"SensoryStone","floor":45,"gold_loss":0}],"is_beta":false,"boss_relics":[{"not_picked":["Cursed Key","Lizard Tail"],"picked":"Astrolabe"},{"not_picked":["FrozenCore","Orrery"],"picked":"Runic Pyramid"}],"items_purged_floors":[29],"is_endless":false,"potions_floor_spawned":[1,4,13,14,18,24,25,28,35,38,44],"ascension_level":12}