{"gold_per_floor":[113,129,141,151,164,164,190,190,190,33,45,45,45,69,69,188,188,201,217,55,55,55,55],"floor_reached":23,"playtime":1762,"items_purged":[],"score":309,"play_id":"3da9344a-3df5-419d-b810-48b17eda29d5","local_time":"20190205154427","is_ascension_mode":true,"campfire_choices":[{"data":"Cloak And Dagger","floor":6.0,"key":"SMITH"},{"floor":8.0,"key":"REST"},{"floor":15.0,"key":"REST"}],"neow_cost":"NONE","seed_source_timestamp":364181185388364,"circlet_count":0,"master_deck":["AscendersBane","Defend_G","Defend_G","Defend_G","Defend_G","Defend_G","Strike_G","Strike_G","Strike_G","Strike_G","Strike_G","Survivor","Neutralize","Doppelganger","Cloak And Dagger+1","Dodge and Roll","Dagger Spray","Dagger Throw","Quick Slash","Skewer","Cloak And Dagger+1","Well Laid Plans","Cloak And Dagger+1","Footwork","Adrenaline+1","Blade Dance+1","Accuracy","Backflip+1","Finisher","Writhe"],"special_seed":0,"relics":["Ring of the Serpent","Bottled Flame","Toxic Egg 2","Bloody Idol","Matryoshka","Ninja Scroll"],"potions_floor_usage":[],"damage_taken":[{"damage":5.0,"enemies":"Cultist","floor":1.0,"turns":4.0},{"damage":1.0,"enemies":"Small Slimes","floor":2.0,"turns":5.0},{"damage":1.0,"enemies":"Jaw Worm","floor":3.0,"turns":7.0},{"damage":0.0,"enemies":"Looter","floor":4.0,"turns":4.0},{"damage":15.0,"enemies":"Exordium Wildlife","floor":5.0,"turns":7.0},{"damage":39.0,"enemies":"Lagavulin","floor":7.0,"turns":8.0},{"damage":2.0,"enemies":"Blue Slaver","floor":11.0,"turns":4.0},{"damage":6.0,"enemies":"Lots of Slimes","floor":14.0,"turns":4.0},{"damage":31.0,"enemies":"The Guardian","floor":16.0,"turns":19.0},{"damage":0.0,"enemies":"3 Byrds","floor":18.0,"turns":5.0},{"damage":13.0,"enemies":"Shell Parasite","floor":19.0,"turns":9.0},{"damage":40,"enemies":"Book of Stabbing","floor":23,"turns":5}],"seed_played":"-7814926733984861962","potions_obtained":[{"floor":3.0,"key":"EssenceOfSteel"},{"floor":4.0,"key":"Ancient Potion"}],"is_trial":false,"path_per_floor":["M","M","M","M","M","R","E","R","T","$","M","?","T","M","R","B",null,"M","M","$","?","?","E"],"character_chosen":"THE_SILENT","items_purchased":["Skewer","Cloak And Dagger+1","Well Laid Plans","Accuracy","Backflip+1","Finisher"],"campfire_rested":2,"item_purchase_floors":[10,10,10,20,20,20],"current_hp_per_floor":[58,57,56,56,41,41,2,23,23,23,21,21,21,15,34,3,50,50,37,37,37,37,0],"gold":55,"neow_bonus":"ONE_RANDOM_RARE_CARD","is_prod":false,"is_daily":false,"chose_seed":false,"campfire_upgraded":1,"win_rate":0,"timestamp":1549377867,"path_taken":["M","M","?","M","?","R","E","R","T","$","M","?","?","M","R","BOSS","M","M","$","?","?","E"],"build_version":"2019-01-23","purchased_purges":0,"victory":false,"max_hp_per_floor":[70,70,70,70,70,70,70,70,70,70,70,65,65,65,65,65,65,65,65,65,65,65,65],"card_choices":[{"not_picked":["Poisoned Stab","Slice"],"picked":"Cloak And Dagger","floor":1.0},{"not_picked":["Bouncing Flask","Infinite Blades"],"picked":"Dodge and Roll","floor":2.0},{"not_picked":["Sucker Punch","Flying Knee"],"picked":"Dagger Spray","floor":3.0},{"not_picked":["Outmaneuver","Expertise"],"picked":"Dagger Throw","floor":4.0},{"not_picked":["Reflex","Prepared"],"picked":"Quick Slash","floor":5.0},{"not_picked":["Sucker Punch","Prepared","Deadly Poison"],"picked":"SKIP","floor":7.0},{"not_picked":["Eviscerate","Tools of the Trade"],"picked":"Cloak And Dagger+1","floor":11.0},{"not_picked":["Flechettes","Dash"],"picked":"Footwork","floor":14.0},{"not_picked":["Bullet Time+1","Malaise+1"],"picked":"Adrenaline+1","floor":16.0},{"not_picked":["Cloak And Dagger+1","Acrobatics+1","Quick Slash"],"picked":"SKIP","floor":18.0},{"not_picked":["Cloak And Dagger+1","Bane"],"picked":"Blade Dance+1","floor":19.0}],"player_experience":305164,"relics_obtained":[{"floor":7.0,"key":"Bottled Flame"},{"floor":9.0,"key":"Toxic Egg 2"},{"floor":13.0,"key":"Matryoshka"}],"event_choices":[{"damage_healed":0.0,"max_hp_gain":0.0,"max_hp_loss":5.0,"gold_gain":0.0,"event_name":"Golden Idol","player_choice":"Lose Max HP","floor":12.0,"gold_loss":0.0,"damage_taken":0.0,"relics_obtained":["Golden Idol"]},{"damage_healed":0.0,"max_hp_gain":0.0,"max_hp_loss":0.0,"gold_gain":0.0,"event_name":"Forgotten Altar","player_choice":"Gave Idol","floor":21.0,"relics_lost":["Golden Idol"],"gold_loss":0.0,"damage_taken":0.0,"relics_obtained":["Bloody Idol"]},{"damage_healed":0.0,"max_hp_gain":0.0,"max_hp_loss":0.0,"gold_gain":0.0,"event_name":"The Mausoleum","player_choice":"Opened","floor":22.0,"gold_loss":0.0,"damage_taken":0.0,"relics_obtained":["Ninja Scroll"],"cards_obtained":["Writhe"]}],"is_beta":false,"boss_relics":[{"not_picked":["HoveringKite","Coffee Dripper"],"picked":"Ring of the Serpent"}],"items_purged_floors":[],"is_endless":false,"potions_floor_spawned":[3,4,7],"killed_by":"Book of Stabbing","ascension_level":12}