{"gold_per_floor":[111,125,200,216,216,216,247,263,288,37,57,57,57,57,57,162,162,143,98,118,138,138,152,152,168,192,192,92,92,19,34,34,139,139,152,166,166,185,205,205,215,215,215,215,90,104,139,139,139,139],"floor_reached":50,"playtime":5385,"items_purged":["Regret","Strike_R","Writhe"],"score":474,"play_id":"7911573a-bba3-4340-8235-f479ddcfee8a","local_time":"20180701234903","is_ascension_mode":false,"campfire_choices":[{"data":"Feel No Pain","floor":6,"key":"SMITH"},{"floor":12,"key":"REST"},{"data":"Spot Weakness","floor":15,"key":"SMITH"},{"data":"Armaments","floor":24,"key":"SMITH"},{"floor":27,"key":"REST"},{"floor":29,"key":"REST"},{"floor":32,"key":"REST"},{"floor":40,"key":"REST"},{"floor":42,"key":"REST"},{"floor":49,"key":"REST"}],"neow_cost":"NONE","seed_source_timestamp":965263025503450,"circlet_count":0,"master_deck":["Strike_R","Strike_R","Strike_R","Defend_R","Defend_R+1","Defend_R","Defend_R","Spot Weakness+1","Feel No Pain+1","Anger","Shrug It Off","Spot Weakness+1","Metallicize","Master of Strategy","Cleave","Bludgeon","Headbutt+1","Armaments+1","Entrench","Rage+1","Inflame","Battle Trance+1","Double Tap","Perfected Strike","Iron Wave","Armaments+1","Heavy Blade+1","Heavy Blade","Twin Strike","Whirlwind+1"],"relics":["Burning Blood","War Paint","Strawberry","Pen Nib","Lizard Tail","Orichalcum","Black Star","Mercury Hourglass","Anchor","Oddly Smooth Stone"],"potions_floor_usage":[16,16,25,25,25,33,33,39,39,47],"damage_taken":[{"damage":7,"enemies":"Small Slimes","floor":1,"turns":5},{"damage":15,"enemies":"Jaw Worm","floor":2,"turns":5},{"damage":4,"enemies":"Cultist","floor":4,"turns":4},{"damage":29,"enemies":"Gremlin Nob","floor":7,"turns":4},{"damage":10,"enemies":"Blue Slaver","floor":8,"turns":4},{"damage":6,"enemies":"Exordium Thugs","floor":11,"turns":5},{"damage":23,"enemies":"Slime Boss","floor":16,"turns":13},{"damage":24,"enemies":"2 Thieves","floor":18,"turns":4},{"damage":16,"enemies":"Chosen","floor":20,"turns":6},{"damage":36,"enemies":"Snake Plant","floor":21,"turns":6},{"damage":5,"enemies":"Centurion and Healer","floor":23,"turns":5},{"damage":20,"enemies":"Slaver and Parasite","floor":25,"turns":3},{"damage":12,"enemies":"Snecko","floor":31,"turns":5},{"damage":68,"enemies":"Collector","floor":33,"turns":11},{"damage":45,"enemies":"3 Darklings","floor":35,"turns":8},{"damage":18,"enemies":"Orb Walker","floor":36,"turns":6},{"damage":50,"enemies":"4 Shapes","floor":38,"turns":6},{"damage":43,"enemies":"Maw","floor":39,"turns":10},{"damage":33,"enemies":"3 Darklings","floor":41,"turns":10},{"damage":18,"enemies":"4 Shapes","floor":46,"turns":3},{"damage":22,"enemies":"Nemesis","floor":47,"turns":9},{"damage":77,"enemies":"Donu and Deca","floor":50,"turns":6}],"seed_played":"-5230529625989055422","potions_obtained":[{"floor":4,"key":"EssenceOfSteel"},{"floor":7,"key":"Explosive Potion"},{"floor":18,"key":"PowerPotion"},{"floor":20,"key":"Fire Potion"},{"floor":23,"key":"Dexterity Potion"},{"floor":31,"key":"Fruit Juice"},{"floor":35,"key":"SpeedPotion"},{"floor":38,"key":"BloodPotion"},{"floor":39,"key":"GamblersBrew"}],"is_trial":false,"path_per_floor":["M","M","?","M","?","R","E","M","T","$","M","R","?","?","R","B",null,"M","$","M","M","?","M","R","M","T","R","$","R","$","M","R","B",null,"M","M","?","M","M","R","M","R","T","?","$","M","E","?","R"],"character_chosen":"IRONCLAD","items_purchased":["Master of Strategy","Armaments","EssenceOfSteel"],"campfire_rested":7,"item_purchase_floors":[10,19,30],"current_hp_per_floor":[79,70,59,61,61,61,45,41,41,41,41,67,67,67,67,50,87,69,69,59,29,29,30,30,16,16,42,42,68,68,62,87,30,92,53,41,64,20,44,71,44,71,71,71,71,59,43,43,70,0],"gold":139,"neow_bonus":"TRANSFORM_CARD","is_prod":false,"is_daily":false,"chose_seed":false,"campfire_upgraded":3,"win_rate":0.0,"timestamp":1530481743,"path_taken":["M","M","?","M","?","R","E","?","T","$","M","R","?","?","R","BOSS","M","$","M","M","?","M","R","M","T","R","?","R","$","M","R","BOSS","M","M","?","M","M","R","M","R","T","?","$","M","E","?","R","BOSS"],"build_version":"2018-06-28","purchased_purges":3,"victory":false,"max_hp_per_floor":[80,80,80,80,80,80,87,87,87,87,87,87,87,87,87,87,87,87,87,87,87,87,87,87,87,87,87,87,87,87,87,87,92,92,92,92,92,92,92,92,92,92,92,92,92,92,92,92,92,92],"card_choices":[{"not_picked":["Clothesline","Anger"],"picked":"Feel No Pain","floor":1},{"not_picked":["Combust","Sever Soul"],"picked":"Anger","floor":2},{"not_picked":["Sword Boomerang","Clash"],"picked":"Shrug It Off","floor":4},{"not_picked":["Reaper","Whirlwind"],"picked":"Spot Weakness","floor":7},{"not_picked":["Twin Strike","Anger"],"picked":"Metallicize","floor":8},{"not_picked":["True Grit","Thunderclap"],"picked":"Cleave","floor":11},{"not_picked":["Fiend Fire","Dark Embrace"],"picked":"Bludgeon","floor":16},{"not_picked":["Flex+1","Fire Breathing"],"picked":"Headbutt+1","floor":18},{"not_picked":["Armaments","Metallicize"],"picked":"Entrench","floor":20},{"not_picked":["Warcry","True Grit"],"picked":"Rage+1","floor":21},{"not_picked":["Combust","Whirlwind"],"picked":"Inflame","floor":23},{"not_picked":["True Grit","Sever Soul+1","Corruption"],"picked":"SKIP","floor":25},{"not_picked":["Rampage","Headbutt"],"picked":"Battle Trance+1","floor":31},{"not_picked":["Demon Form","Dark Embrace"],"picked":"Double Tap","floor":33},{"not_picked":["Clothesline+1","Anger+1"],"picked":"Perfected Strike","floor":35},{"not_picked":["True Grit+1","Armaments"],"picked":"Iron Wave","floor":36},{"not_picked":["Body Slam","Perfected Strike+1"],"picked":"Armaments+1","floor":38},{"not_picked":["Fiend Fire","Sever Soul"],"picked":"Heavy Blade+1","floor":39},{"not_picked":["Dropkick+1","Bloodletting+1"],"picked":"Heavy Blade","floor":41},{"not_picked":["Anger+1","True Grit+1"],"picked":"Twin Strike","floor":46},{"not_picked":["Power Through","Shrug It Off"],"picked":"Whirlwind+1","floor":47}],"player_experience":26963,"relics_obtained":[{"floor":7,"key":"Strawberry"},{"floor":9,"key":"Pen Nib"},{"floor":26,"key":"Orichalcum"},{"floor":43,"key":"Mercury Hourglass"},{"floor":47,"key":"Anchor"},{"floor":47,"key":"Oddly Smooth Stone"}],"event_choices":[{"event_name":"World of Goop","player_choice":"Gather Gold","floor":3,"damage_taken":0},{"event_name":"Big Fish","player_choice":"Box","floor":5,"damage_taken":0},{"event_name":"Match and Keep!","player_choice":"0 cards matched","floor":13,"damage_taken":0},{"event_name":"Liars Game","player_choice":"disagreed","floor":14,"damage_taken":0},{"event_name":"Transmorgrifier","player_choice":"Transform","floor":22,"damage_taken":0},{"event_name":"Winding Halls","player_choice":"Writhe","floor":37,"damage_taken":0},{"event_name":"Falling","player_choice":"Removed Skill","floor":44,"damage_taken":0},{"event_name":"Mysterious Sphere","player_choice":"Ignore","floor":48,"damage_taken":0}],"boss_relics":[{"not_picked":["Busted Crown","Snecko Eye"],"picked":"Lizard Tail"},{"not_picked":["Fusion Hammer","Cursed Key"],"picked":"Black Star"}],"items_purged_floors":[10,28,45],"is_endless":false,"potions_floor_spawned":[4,7,18,20,23,31,35,38,39],"killed_by":"Donu and Deca","ascension_level":0}