{"gold_per_floor":[113,124,140,290,303,303,303,338,338,338,338,350,350,8,8,8],"floor_reached":16,"playtime":603,"items_purged":["Strike_G"],"score":190,"play_id":"79c51aa5-f57e-4ade-a604-b4a1e77c190d","local_time":"20190209184207","is_ascension_mode":true,"campfire_choices":[{"data":"Predator","floor":6,"key":"SMITH"},{"data":"Adrenaline","floor":10,"key":"SMITH"},{"data":"Glass Knife","floor":15,"key":"SMITH"}],"neow_cost":"NONE","seed_source_timestamp":10657754142202,"circlet_count":0,"master_deck":["AscendersBane","Defend_G","Defend_G","Defend_G","Defend_G","Defend_G","Strike_G","Strike_G","Strike_G","Strike_G","Survivor","Neutralize","Cloak And Dagger","PiercingWail","Predator+1","Parasite","Adrenaline+1","Backflip","Glass Knife+1","Caltrops"],"relics":["Ring of the Snake","Ninja Scroll","Pear"],"potions_floor_usage":[8,16],"damage_taken":[{"damage":9,"enemies":"Small Slimes","floor":1,"turns":5},{"damage":0,"enemies":"2 Louse","floor":2,"turns":4},{"damage":8,"enemies":"Jaw Worm","floor":3,"turns":6},{"damage":0,"enemies":"2 Fungi Beasts","floor":5,"turns":4},{"damage":45,"enemies":"Gremlin Nob","floor":8,"turns":5},{"damage":2,"enemies":"Exordium Wildlife","floor":12,"turns":4},{"damage":31,"enemies":"The Guardian","floor":16,"turns":11}],"seed_played":"145509729361078124","potions_obtained":[{"floor":1,"key":"SkillPotion"},{"floor":8,"key":"SpeedPotion"}],"is_trial":false,"path_per_floor":["M","M","M","?","M","R","?","E","T","R","?","M","?","$","R","B"],"character_chosen":"THE_SILENT","items_purchased":["Glass Knife","Caltrops"],"campfire_rested":0,"item_purchase_floors":[14,14],"current_hp_per_floor":[56,56,48,48,48,48,66,21,31,31,31,29,29,29,29,0],"gold":8,"neow_bonus":"TEN_PERCENT_HP_BONUS","is_prod":false,"is_daily":false,"chose_seed":false,"campfire_upgraded":3,"win_rate":0,"timestamp":1549766527,"path_taken":["M","M","M","?","M","R","?","E","T","R","?","M","?","$","R","BOSS"],"build_version":"2019-01-23","purchased_purges":1,"victory":false,"max_hp_per_floor":[72,72,72,72,72,72,72,72,82,82,82,82,82,82,82,82],"card_choices":[{"not_picked":["Concentrate","Skewer"],"picked":"Cloak And Dagger","floor":1},{"not_picked":["Setup","Acrobatics"],"picked":"PiercingWail","floor":2},{"not_picked":["Deflect","Outmaneuver"],"picked":"Predator","floor":3},{"not_picked":["Sucker Punch","Blade Dance","Expertise"],"picked":"SKIP","floor":5},{"not_picked":["Infinite Blades","Doppelganger"],"picked":"Adrenaline","floor":8},{"not_picked":["Blade Dance","PiercingWail"],"picked":"Backflip","floor":12}],"player_experience":1209499,"relics_obtained":[{"floor":8,"key":"Ninja Scroll"},{"floor":9,"key":"Pear"}],"event_choices":[{"damage_healed":0,"gold_gain":150,"player_choice":"AGREE","damage_taken":0,"max_hp_gain":0,"max_hp_loss":0,"event_name":"Liars Game","floor":4,"gold_loss":0,"cards_obtained":["Doubt"]},{"damage_healed":18,"gold_gain":0,"player_choice":"Healed and dodged fight","damage_taken":0,"max_hp_gain":0,"max_hp_loss":0,"event_name":"Mushrooms","floor":7,"gold_loss":0,"cards_obtained":["Parasite"]},{"damage_healed":0,"gold_gain":0,"player_choice":"Ignored","damage_taken":0,"max_hp_gain":0,"max_hp_loss":0,"event_name":"Shining Light","floor":11,"gold_loss":0},{"cards_removed":["Doubt"],"damage_healed":0,"gold_gain":0,"player_choice":"Forget","damage_taken":0,"max_hp_gain":0,"max_hp_loss":0,"event_name":"Living Wall","floor":13,"gold_loss":0}],"is_beta":false,"boss_relics":[],"items_purged_floors":[14],"is_endless":false,"potions_floor_spawned":[1,8],"killed_by":"The Guardian","ascension_level":18}