{"gold_per_floor":[115,130,107,121,121,152,169,203,203,203,218,245,245,273,273,368,368,383,383,403,419,437,437,448,474,474,74,92,92,123,133,133,235,235,255,107,207,207,0,0,33,33,33,74,107,107,125,178,178,178],"floor_reached":51,"playtime":2281,"items_purged":["Strike_R+1","Strike_R+1"],"score":850,"play_id":"e39d7fee-6cae-4377-88f5-1a8fdd809450","local_time":"20190427212425","is_ascension_mode":false,"campfire_choices":[{"data":"Bludgeon","floor":10,"key":"SMITH"},{"data":"Shockwave","floor":13,"key":"SMITH"},{"data":"Armaments","floor":15,"key":"SMITH"},{"data":"Clothesline","floor":23,"key":"SMITH"},{"data":"Inflame","floor":32,"key":"SMITH"},{"data":"HandOfGreed","floor":40,"key":"SMITH"},{"data":"Shrug It Off","floor":42,"key":"SMITH"},{"data":"Bash","floor":49,"key":"SMITH"}],"neow_cost":"NONE","seed_source_timestamp":1332750663593000,"circlet_count":0,"master_deck":["Strike_R+1","Strike_R+1","Defend_R+1","Defend_R+1","Defend_R+1","Defend_R+1","Bash+1","Ghostly Armor","Anger","Headbutt","Iron Wave","Bludgeon+1","Shrug It Off+1","Shockwave+1","Inflame+1","Armaments+1","Clothesline+1","Offering+1","Feed","Clothesline+1","Limit Break+1","Double Tap+1","Armaments+1","Master of Strategy+1","Heavy Blade+1","RitualDagger","Shrug It Off+1","Headbutt","Impervious+1","Inflame+1","Metallicize+1","Discovery+1","HandOfGreed+1","Master of Strategy+1","Inflame+1","Power Through+1","Burning Pact+1","Spot Weakness+1","Shrug It Off+1","Ghostly Armor+1"],"relics":["Burning Blood","Bronze Scales","Meat on the Bone","Sundial","Shuriken","Toxic Egg 2","Mark of Pain","Darkstone Periapt","Bottled Tornado","Happy Flower","Thread and Needle","Runic Dome","Prayer Wheel","Red Mask","PreservedInsect","Juzu Bracelet","Blood Vial","FossilizedHelix","Du-Vu Doll"],"potions_floor_usage":[12,22,24,25,33,48,50],"damage_taken":[{"damage":1,"enemies":"Cultist","floor":1,"turns":4},{"damage":0,"enemies":"Small Slimes","floor":2,"turns":3},{"damage":5,"enemies":"2 Louse","floor":4,"turns":3},{"damage":21,"enemies":"Lagavulin","floor":6,"turns":7},{"damage":0,"enemies":"Looter","floor":7,"turns":2},{"damage":4,"enemies":"Gremlin Nob","floor":8,"turns":3},{"damage":6,"enemies":"3 Louse","floor":11,"turns":3},{"damage":5,"enemies":"Lagavulin","floor":12,"turns":4},{"damage":6,"enemies":"Gremlin Nob","floor":14,"turns":3},{"damage":22,"enemies":"The Guardian","floor":16,"turns":7},{"damage":0,"enemies":"Spheric Guardian","floor":18,"turns":3},{"damage":6,"enemies":"2 Thieves","floor":20,"turns":4},{"damage":9,"enemies":"Snecko","floor":21,"turns":5},{"damage":12,"enemies":"Snake Plant","floor":22,"turns":4},{"damage":12,"enemies":"3 Cultists","floor":24,"turns":3},{"damage":32,"enemies":"Gremlin Leader","floor":25,"turns":5},{"damage":0,"enemies":"Snecko","floor":28,"turns":5},{"damage":11,"enemies":"Book of Stabbing","floor":30,"turns":4},{"damage":11,"enemies":"Snake Plant","floor":31,"turns":3},{"damage":7,"enemies":"Collector","floor":33,"turns":8},{"damage":0,"enemies":"3 Darklings","floor":35,"turns":6},{"damage":24,"enemies":"Mind Bloom Boss Battle","floor":37,"turns":6},{"damage":14,"enemies":"Giant Head","floor":41,"turns":5},{"damage":8,"enemies":"3 Shapes","floor":44,"turns":3},{"damage":9,"enemies":"Reptomancer","floor":45,"turns":3},{"damage":0,"enemies":"Spire Growth","floor":47,"turns":3},{"damage":0,"enemies":"2 Orb Walkers","floor":48,"turns":4},{"damage":10,"enemies":"Time Eater","floor":50,"turns":7}],"seed_played":"5755747036050366285","potions_obtained":[{"floor":2,"key":"Strength Potion"},{"floor":4,"key":"FearPotion"},{"floor":11,"key":"LiquidBronze"},{"floor":14,"key":"SteroidPotion"},{"floor":16,"key":"Block Potion"},{"floor":18,"key":"AttackPotion"},{"floor":22,"key":"Ancient Potion"},{"floor":24,"key":"Dexterity Potion"},{"floor":25,"key":"Weak Potion"},{"floor":48,"key":"FairyPotion"}],"is_trial":false,"path_per_floor":["M","M","$","M","?","E","M","E","T","R","M","E","R","E","R","B",null,"M","?","M","M","M","R","M","E","T","$","M","?","E","M","R","B",null,"M","$","?","?","?","R","E","R","T","M","E","T","M","?","R","B",null],"character_chosen":"IRONCLAD","items_purchased":["Iron Wave","Master of Strategy+1","Happy Flower","FearPotion"],"campfire_rested":0,"item_purchase_floors":[3,27,27,36],"current_hp_per_floor":[80,80,80,80,80,65,71,73,73,73,73,74,74,74,74,58,80,80,80,83,80,74,74,71,57,57,57,63,57,52,59,59,62,90,90,90,72,62,62,62,57,57,57,58,58,58,66,78,78,76],"gold":178,"neow_bonus":"TRANSFORM_CARD","is_prod":false,"is_daily":false,"chose_seed":false,"campfire_upgraded":8,"win_rate":1,"timestamp":1556425465,"path_taken":["M","M","?","M","?","E","M","E","T","R","?","E","R","E","R","BOSS","M","?","M","M","M","R","M","E","T","$","M","?","E","M","R","BOSS","M","$","?","?","?","R","E","R","T","M","E","?","M","?","R","BOSS"],"build_version":"2019-01-23","purchased_purges":2,"victory":true,"max_hp_per_floor":[80,80,80,80,80,80,80,80,80,80,80,80,80,80,80,80,80,80,80,83,83,83,83,86,86,86,86,86,86,86,86,86,90,90,90,90,90,90,90,90,93,93,93,96,99,99,99,103,103,103],"card_choices":[{"not_picked":["Armaments","True Grit"],"picked":"Anger","floor":1},{"not_picked":["Reckless Charge","Rupture"],"picked":"Headbutt","floor":2},{"not_picked":["Seeing Red","Cleave"],"picked":"Bludgeon","floor":4},{"not_picked":["Thunderclap","Sentinel"],"picked":"Shrug It Off","floor":6},{"not_picked":["Wild Strike","Power Through"],"picked":"Shockwave","floor":7},{"not_picked":["Wild Strike","Burning Pact"],"picked":"Inflame","floor":8},{"not_picked":["Entrench","Dropkick"],"picked":"Armaments","floor":11},{"not_picked":["Wild Strike","Ghostly Armor"],"picked":"Clothesline","floor":12},{"not_picked":["Body Slam","Iron Wave"],"picked":"Offering","floor":14},{"not_picked":["Bludgeon","Limit Break+1"],"picked":"Feed","floor":16},{"not_picked":["Flex+1","Twin Strike"],"picked":"Clothesline+1","floor":18},{"not_picked":["Clash","Body Slam"],"picked":"Limit Break+1","floor":20},{"not_picked":["Pommel Strike","Armaments+1"],"picked":"Double Tap+1","floor":21},{"not_picked":["Cleave","Dual Wield+1"],"picked":"Armaments+1","floor":22},{"not_picked":["Perfected Strike","Infernal Blade+1","Cleave"],"picked":"SKIP","floor":24},{"not_picked":["Flex+1","Fiend Fire","Sword Boomerang"],"picked":"SKIP","floor":25},{"not_picked":["Searing Blow+1","Cleave"],"picked":"Heavy Blade+1","floor":28},{"not_picked":["Anger","Entrench+1"],"picked":"Shrug It Off+1","floor":30},{"not_picked":["Twin Strike","Combust+1"],"picked":"Headbutt","floor":31},{"not_picked":["Feed","Limit Break+1"],"picked":"Impervious+1","floor":33},{"not_picked":["Cleave+1","Clash+1"],"picked":"Inflame+1","floor":35},{"not_picked":["Flex+1","Headbutt+1"],"picked":"Metallicize+1","floor":37},{"not_picked":["Thinking Ahead+1","Magnetism"],"picked":"Discovery+1","floor":38},{"not_picked":["Swift Strike","Good Instincts+1"],"picked":"HandOfGreed","floor":38},{"not_picked":["Blind+1","Metamorphosis+1"],"picked":"Master of Strategy+1","floor":38},{"not_picked":["Havoc+1","True Grit+1"],"picked":"Inflame+1","floor":41},{"not_picked":["Heavy Blade+1","Headbutt+1"],"picked":"Power Through+1","floor":44},{"not_picked":["Rage+1","Headbutt"],"picked":"Burning Pact+1","floor":44},{"not_picked":["Rupture+1","Wild Strike+1"],"picked":"Spot Weakness+1","floor":45},{"not_picked":["Reckless Charge","Wild Strike"],"picked":"Shrug It Off+1","floor":47},{"not_picked":["Havoc+1","Iron Wave+1"],"picked":"Ghostly Armor+1","floor":47}],"player_experience":633930,"relics_obtained":[{"floor":6,"key":"Bronze Scales"},{"floor":8,"key":"Meat on the Bone"},{"floor":9,"key":"Sundial"},{"floor":12,"key":"Shuriken"},{"floor":14,"key":"Toxic Egg 2"},{"floor":25,"key":"Darkstone Periapt"},{"floor":26,"key":"Bottled Tornado"},{"floor":30,"key":"Thread and Needle"},{"floor":37,"key":"Prayer Wheel"},{"floor":41,"key":"PreservedInsect"},{"floor":43,"key":"Juzu Bracelet"},{"floor":45,"key":"Blood Vial"},{"floor":46,"key":"FossilizedHelix"},{"floor":48,"key":"Du-Vu Doll"}],"event_choices":[{"damage_healed":0,"gold_gain":0,"player_choice":"0 cards matched","damage_taken":0,"max_hp_gain":0,"max_hp_loss":0,"event_name":"Match and Keep!","floor":5,"gold_loss":0,"cards_obtained":[]},{"damage_healed":0,"gold_gain":0,"player_choice":"Simplicity","damage_taken":0,"max_hp_gain":0,"max_hp_loss":0,"event_name":"Back to Basics","floor":19,"gold_loss":0,"cards_upgraded":["Strike_R","Strike_R","Strike_R","Strike_R","Defend_R","Defend_R","Defend_R","Defend_R"]},{"damage_healed":0,"gold_gain":0,"player_choice":"Joined the Cult","damage_taken":6,"max_hp_gain":0,"max_hp_loss":0,"event_name":"Nest","floor":29,"gold_loss":0,"cards_obtained":["RitualDagger"]},{"damage_healed":0,"gold_gain":0,"player_choice":"Fight","damage_taken":0,"max_hp_gain":0,"max_hp_loss":0,"event_name":"MindBloom","floor":37,"gold_loss":0},{"damage_healed":0,"gold_gain":0,"player_choice":"Memory 3","damage_taken":10,"max_hp_gain":0,"max_hp_loss":0,"event_name":"SensoryStone","floor":38,"gold_loss":0},{"damage_healed":0,"gold_gain":0,"player_choice":"Paid","damage_taken":0,"relics_obtained":["Red Mask"],"max_hp_gain":0,"max_hp_loss":0,"event_name":"Tomb of Lord Red Mask","floor":39,"gold_loss":207},{"damage_healed":0,"gold_gain":0,"player_choice":"Fight","damage_taken":0,"max_hp_gain":0,"max_hp_loss":0,"event_name":"Mysterious Sphere","floor":48,"gold_loss":0}],"is_beta":false,"boss_relics":[{"not_picked":["Runic Cube","Black Blood"],"picked":"Mark of Pain"},{"not_picked":["Orrery","Runic Pyramid"],"picked":"Runic Dome"}],"items_purged_floors":[27,36],"is_endless":false,"potions_floor_spawned":[2,4,11,14,16,18,22,24,25,30,37,48],"ascension_level":0}