{"gold_per_floor":[114,114,127,11,24,24,44,44,124,124,124,151,162,174,174,278,278,295,295,295,311,50,50,66,66,66,66,86,86,115,115],"floor_reached":31,"playtime":1473,"items_purged":[],"score":344,"play_id":"9df9fe17-d579-4d35-90da-cd0f3efd10e8","local_time":"20190125094949","is_ascension_mode":true,"campfire_choices":[{"data":"Trip","floor":6.0,"key":"SMITH"},{"data":"Bash","floor":8.0,"key":"SMITH"},{"data":"Shrug It Off","floor":10.0,"key":"SMITH"},{"data":"Body Slam","floor":15.0,"key":"SMITH"},{"data":"Armaments","floor":23,"key":"SMITH"},{"data":"True Grit","floor":25,"key":"SMITH"},{"data":"Flame Barrier","floor":27,"key":"SMITH"},{"floor":29,"key":"REST"}],"neow_cost":"TEN_PERCENT_HP_LOSS","seed_source_timestamp":0,"circlet_count":0,"master_deck":["Strike_R","Strike_R","Strike_R","Strike_R","Defend_R","Defend_R","Defend_R","Defend_R","Bash+1","Demon Form+1","Twin Strike","Trip+1","Whirlwind","Shrug It Off+1","Headbutt","Cleave","True Grit+1","Body Slam+1","Flame Barrier+1","Armaments+1","Pummel","Clothesline"],"special_seed":0,"relics":["Burning Blood","Letter Opener","Red Skull","Blood Vial","Gremlin Horn","Incense Burner","Anchor"],"potions_floor_usage":[24,28,28,30],"damage_taken":[{"damage":8.0,"enemies":"Jaw Worm","floor":1.0,"turns":4.0},{"damage":1.0,"enemies":"Cultist","floor":3.0,"turns":3.0},{"damage":0.0,"enemies":"2 Louse","floor":5.0,"turns":1.0},{"damage":0.0,"enemies":"Large Slime","floor":7.0,"turns":3.0},{"damage":35.0,"enemies":"Gremlin Nob","floor":12.0,"turns":4.0},{"damage":0.0,"enemies":"Gremlin Gang","floor":13.0,"turns":2.0},{"damage":3.0,"enemies":"3 Louse","floor":14.0,"turns":2.0},{"damage":25.0,"enemies":"Slime Boss","floor":16.0,"turns":8.0},{"damage":25.0,"enemies":"Shell Parasite","floor":18.0,"turns":7.0},{"damage":28,"enemies":"2 Thieves","floor":21,"turns":3},{"damage":22,"enemies":"Shelled Parasite and Fungi","floor":24,"turns":6},{"damage":8,"enemies":"Chosen and Byrds","floor":28,"turns":6},{"damage":45,"enemies":"Slavers","floor":30,"turns":7},{"damage":15,"enemies":"Snake Plant","floor":31,"turns":2}],"seed_played":"674035139104505059","potions_obtained":[{"floor":1.0,"key":"Explosive Potion"},{"floor":7.0,"key":"GamblersBrew"},{"floor":16.0,"key":"Ancient Potion"},{"floor":24,"key":"BloodPotion"},{"floor":28,"key":"Weak Potion"}],"is_trial":false,"path_per_floor":["M","?","M","M","$","M","R","M","R","T","R","?","E","M","M","R","B",null,"M","?","?","M","$","R","M","R","T","R","M","R","E","M"],"character_chosen":"IRONCLAD","items_purchased":["Trip","Whirlwind","Gremlin Horn"],"campfire_rested":1,"item_purchase_floors":[4,4,22],"current_hp_per_floor":[70,70,72,72,72,72,72,72,72,72,77,48,54,57,57,38,67,48,48,48,28,28,28,14,14,14,14,21,44,7,0],"gold":115,"neow_bonus":"THREE_RARE_CARDS","is_prod":false,"is_daily":false,"chose_seed":false,"campfire_upgraded":7,"win_rate":0,"timestamp":1548406189,"path_taken":["M","?","M","?","M","R","M","R","T","R","?","E","M","M","R","BOSS","M","?","?","M","$","R","M","R","T","R","?","R","E","M"],"build_version":"2018-12-20","purchased_purges":0,"victory":false,"max_hp_per_floor":[72,72,72,72,72,72,72,72,72,72,77,77,77,77,77,77,77,77,77,77,77,77,77,77,77,77,77,77,77,77,77],"card_choices":[{"not_picked":["Immolate","Reaper"],"picked":"Demon Form","floor":0.0},{"not_picked":["Fire Breathing","Perfected Strike","Havoc"],"picked":"SKIP","floor":1.0},{"not_picked":["Perfected Strike","Clash"],"picked":"Twin Strike","floor":3.0},{"not_picked":["True Grit","Reckless Charge"],"picked":"Shrug It Off","floor":5.0},{"not_picked":["Rupture","Perfected Strike"],"picked":"Headbutt","floor":7.0},{"not_picked":["Headbutt","Inflame"],"picked":"Cleave","floor":12.0},{"not_picked":["Cleave","Burning Pact"],"picked":"True Grit","floor":13.0},{"not_picked":["Cleave","True Grit"],"picked":"Body Slam","floor":14.0},{"not_picked":["Headbutt+1","Flex"],"picked":"Flame Barrier","floor":18.0},{"not_picked":["Evolve+1","Inflame"],"picked":"Armaments","floor":21},{"not_picked":["Rage","Perfected Strike","Clash"],"picked":"SKIP","floor":24},{"not_picked":["Dropkick","Iron Wave"],"picked":"Pummel","floor":28},{"not_picked":["Flex+1","Anger"],"picked":"Clothesline","floor":30}],"player_experience":147404,"relics_obtained":[{"floor":9.0,"key":"Letter Opener"},{"floor":12.0,"key":"Red Skull"},{"floor":26,"key":"Incense Burner"},{"floor":30,"key":"Anchor"}],"event_choices":[{"damage_healed":0.0,"max_hp_gain":0.0,"max_hp_loss":0.0,"gold_gain":0.0,"event_name":"Upgrade Shrine","player_choice":"Upgraded","floor":2.0,"gold_loss":0.0,"damage_taken":0.0,"cards_upgraded":["Demon Form"]},{"damage_healed":0.0,"max_hp_gain":5.0,"max_hp_loss":0.0,"gold_gain":0.0,"event_name":"Big Fish","player_choice":"Donut","floor":11.0,"gold_loss":0.0,"damage_taken":0.0},{"damage_healed":0.0,"max_hp_gain":0.0,"max_hp_loss":0.0,"gold_gain":0.0,"event_name":"The Mausoleum","player_choice":"Opened","floor":19.0,"gold_loss":0.0,"damage_taken":0.0,"relics_obtained":["Blood Vial"]},{"cards_removed":["Strike_R"],"damage_healed":0,"gold_gain":0,"player_choice":"Offered Basic","damage_taken":0,"max_hp_gain":0,"max_hp_loss":0,"event_name":"Bonfire Elementals","floor":20,"gold_loss":0}],"is_beta":false,"boss_relics":[{"not_picked":["Snecko Eye","Fusion Hammer","Orrery"]}],"items_purged_floors":[],"is_endless":false,"potions_floor_spawned":[1,7,16,24,28],"killed_by":"Snake Plant","ascension_level":7}