{"gold_per_floor":[110,110,110,56,74,74,94,106,131,406,406,406,419,43,43,120,120,139,139,0,13,13],"floor_reached":22,"playtime":702,"items_purged":["Regret"],"score":364,"play_id":"ce4f51b1-d8d0-47ba-b6d7-87854c08c902","local_time":"20190227210836","is_ascension_mode":true,"campfire_choices":[{"data":"Dualcast","floor":6.0,"key":"SMITH"},{"data":"Loop","floor":12.0,"key":"SMITH"},{"floor":15.0,"key":"REST"}],"neow_cost":"CURSE","seed_source_timestamp":48109845876710,"circlet_count":0,"master_deck":["AscendersBane","Strike_B","Defend_B","Defend_B","Defend_B","Defend_B","Zap+1","Dualcast+1","Regret","Loop+1","Cold Snap","Genetic Algorithm","Conserve Battery","Leap","Chill","Consume","Ball Lightning","Fission","Consume+1","Rebound+1","Fusion+1","Hologram","Self Repair"],"special_seed":0,"relics":["Cracked Core","Juzu Bracelet","Runic Capacitor","Astrolabe","Enchiridion"],"potions_floor_usage":[],"damage_taken":[{"damage":9.0,"enemies":"Jaw Worm","floor":1.0,"turns":3.0},{"damage":0.0,"enemies":"2 Louse","floor":5.0,"turns":2.0},{"damage":0.0,"enemies":"Cultist","floor":7.0,"turns":3.0},{"damage":33.0,"enemies":"Lots of Slimes","floor":8.0,"turns":6.0},{"damage":17.0,"enemies":"Exordium Thugs","floor":13.0,"turns":4.0},{"damage":34.0,"enemies":"Slime Boss","floor":16.0,"turns":11.0},{"damage":0.0,"enemies":"3 Byrds","floor":18.0,"turns":2.0},{"damage":29,"enemies":"Shell Parasite","floor":21,"turns":6},{"damage":25,"enemies":"Colosseum Slavers","floor":22,"turns":4}],"seed_played":"1174339462394980886","potions_obtained":[{"floor":5.0,"key":"Fruit Juice"},{"floor":7.0,"key":"LiquidBronze"},{"floor":13.0,"key":"SteroidPotion"},{"floor":18.0,"key":"EssenceOfSteel"}],"is_trial":false,"path_per_floor":["M","?","?","$","M","R","M","M","T","?","?","R","M","$","R","B",null,"M","?","?","M","?"],"character_chosen":"DEFECT","items_purchased":["Cold Snap","Runic Capacitor","Consume","Ball Lightning"],"campfire_rested":1,"item_purchase_floors":[4,14,14,14],"current_hp_per_floor":[69,74,74,74,74,74,74,46,46,46,32,32,15,15,43,9,74,74,53,53,24,0],"gold":13,"neow_bonus":"TWENTY_PERCENT_HP_BONUS","is_prod":false,"is_daily":false,"chose_seed":false,"campfire_upgraded":2,"win_rate":0,"timestamp":1551330516,"path_taken":["M","?","?","$","M","R","M","M","T","?","?","R","M","?","R","BOSS","M","?","?","M","?"],"build_version":"2019-01-23","purchased_purges":1,"victory":false,"max_hp_per_floor":[85,90,90,90,90,90,90,95,95,95,95,95,95,95,95,95,95,95,95,95,95,95],"card_choices":[{"not_picked":["Tempest","Hologram"],"picked":"Loop","floor":1.0},{"not_picked":["Sweeping Beam","Sunder"],"picked":"Genetic Algorithm","floor":5.0},{"not_picked":["Chaos","Static Discharge"],"picked":"Conserve Battery","floor":7.0},{"not_picked":["Compile Driver","Gash"],"picked":"Leap","floor":8.0},{"not_picked":["Redo","Sweeping Beam"],"picked":"Chill","floor":13.0},{"not_picked":["Rainbow","Thunder Strike"],"picked":"Fission","floor":16.0},{"not_picked":["Gash","Stack"],"picked":"Hologram","floor":18.0},{"not_picked":["Gash+1","Conserve Battery"],"picked":"Self Repair","floor":21}],"player_experience":1239210,"relics_obtained":[{"floor":9.0,"key":"Juzu Bracelet"},{"floor":19.0,"key":"Enchiridion"}],"event_choices":[{"damage_healed":0.0,"max_hp_gain":5.0,"max_hp_loss":0.0,"gold_gain":0.0,"event_name":"Big Fish","player_choice":"Donut","floor":2.0,"gold_loss":0.0,"damage_taken":0.0},{"damage_healed":0.0,"max_hp_gain":0.0,"max_hp_loss":0.0,"gold_gain":0.0,"event_name":"Upgrade Shrine","player_choice":"Upgraded","floor":3.0,"gold_loss":0.0,"damage_taken":0.0,"cards_upgraded":["Zap"]},{"damage_healed":0.0,"max_hp_gain":0.0,"max_hp_loss":0.0,"gold_gain":275.0,"event_name":"Golden Shrine","player_choice":"Desecrate","floor":10.0,"gold_loss":0.0,"damage_taken":0.0,"cards_obtained":["Regret"]},{"damage_healed":0.0,"max_hp_gain":0.0,"max_hp_loss":0.0,"gold_gain":0.0,"event_name":"Wheel of Change","player_choice":"Damaged","floor":11.0,"gold_loss":0.0,"damage_taken":14.0},{"damage_healed":0.0,"max_hp_gain":0.0,"max_hp_loss":0.0,"gold_gain":0.0,"event_name":"Cursed Tome","player_choice":"Obtained Book","floor":19.0,"gold_loss":0.0,"damage_taken":21.0},{"damage_healed":0,"gold_gain":0,"player_choice":"Paid Fearfully","damage_taken":0,"max_hp_gain":0,"max_hp_loss":0,"event_name":"Masked Bandits","floor":20,"gold_loss":139},{"damage_healed":0,"gold_gain":0,"player_choice":"Fight","damage_taken":0,"max_hp_gain":0,"max_hp_loss":0,"event_name":"Colosseum","floor":22,"gold_loss":0}],"is_beta":false,"boss_relics":[{"not_picked":["Runic Pyramid","Calling Bell"],"picked":"Astrolabe"}],"items_purged_floors":[14],"is_endless":false,"potions_floor_spawned":[5,7,13,18],"killed_by":"Colosseum Slavers","ascension_level":19}