{"path_per_floor":["M","?","$","M","$","E","R","E","T","E","?","M","$","?","R","B",null,"M","M","?","M","M","R","E","R","T","M","R","E","M","?","R","B",null,"M","M","$","M","$","R","E","R","T","?","E","?","?","T","R"],"character_chosen":"IRONCLAD","items_purchased":["Kunai","Dropkick","Anger"],"gold_per_floor":[365,365,290,301,1,58,58,86,138,165,165,178,78,78,78,177,177,177,177,177,177,177,177,177,177,177,177,177,177,177,177,177,177,177,177,177,52,52,26,26,26,26,26,26,26,26,26,26,26,26],"floor_reached":50,"campfire_rested":4,"playtime":3903,"current_hp_per_floor":[41,41,41,47,47,25,49,36,36,34,34,36,36,36,36,30,80,73,75,75,80,76,76,51,51,51,37,76,78,77,77,77,69,82,82,83,83,48,48,48,27,72,72,59,17,17,17,17,62,0],"items_purged":["Regret","Strike_R","Dark Embrace"],"gold":26,"score":579,"play_id":"a40427af-4f2b-4aa2-a231-25a62cc2d328","local_time":"20180330153153","is_prod":false,"is_daily":false,"is_ascension_mode":false,"campfire_upgraded":5,"timestamp":1522449113,"path_taken":["M","?","$","M","$","E","R","E","T","E","?","M","$","?","R","BOSS","M","M","?","M","M","R","E","R","T","M","R","E","M","?","R","BOSS","M","M","$","M","$","R","E","R","T","?","E","?","?","?","R","BOSS"],"build_version":"2018-03-29v2","purchased_purges":3,"victory":false,"master_deck":["Strike_R","Strike_R","Strike_R","Defend_R","Defend_R","Defend_R","Bash","Clash","Whirlwind+1","Dropkick","Iron Wave+1","Inflame","Disarm+1","Iron Wave+1","Ghostly Armor","Impervious+1","Clothesline+1","Blood for Blood","Iron Wave+1","Berserk","Disarm+1","Anger+1","Madness","Madness","Flex"],"max_hp_per_floor":[80,80,80,80,80,80,80,80,80,80,80,80,80,80,80,80,80,80,80,80,80,80,80,80,80,80,80,80,82,82,82,82,82,82,82,84,84,86,86,86,102,102,102,102,102,102,102,102,102,102],"relics":["Black Blood","Happy Flower","Kunai","Tiny Chest","Bag of Preparation","Art of War","Calipers","Ectoplasm","Regal Pillow","Torii","Singing Bowl","Mango","War Paint","Darkstone Periapt","Pen Nib"],"card_choices":[{"not_picked":["Perfected Strike","Uppercut"],"picked":"Clash","floor":1},{"not_picked":["Cleave","Impervious"],"picked":"Whirlwind","floor":4},{"not_picked":["Metallicize","Reckless Charge"],"picked":"Iron Wave","floor":6},{"not_picked":["Sword Boomerang","Cleave"],"picked":"Inflame","floor":8},{"not_picked":["Flex","Searing Blow"],"picked":"Iron Wave","floor":12},{"not_picked":["Immolate","Bludgeon"],"picked":"Impervious","floor":16},{"not_picked":["Warcry","True Grit"],"picked":"Clothesline","floor":19},{"not_picked":["Combust","Wild Strike"],"picked":"Iron Wave","floor":30},{"not_picked":["Fiend Fire","Immolate"],"picked":"Berserk","floor":33},{"not_picked":["Thunderclap","Pummel"],"picked":"Disarm","floor":35},{"not_picked":["Anger","Clash"],"picked":"Flex","floor":45}],"player_experience":188336,"potions_floor_usage":[33,33,41,45,50],"damage_taken":[{"damage":5,"enemies":"Small Slimes","floor":1,"turns":4},{"damage":0,"enemies":"2 Louse","floor":4,"turns":3},{"damage":28,"enemies":"Gremlin Nob","floor":6,"turns":4},{"damage":19,"enemies":"3 Sentries","floor":8,"turns":7},{"damage":8,"enemies":"Gremlin Nob","floor":10,"turns":3},{"damage":4,"enemies":"Cultist","floor":12,"turns":3},{"damage":12,"enemies":"Hexaghost","floor":16,"turns":11},{"damage":13,"enemies":"Chosen","floor":18,"turns":5},{"damage":4,"enemies":"Spheric Guardian","floor":19,"turns":4},{"damage":0,"enemies":"Snecko","floor":21,"turns":6},{"damage":10,"enemies":"Chosen and Byrds","floor":22,"turns":5},{"damage":31,"enemies":"Slavers","floor":24,"turns":7},{"damage":20,"enemies":"Sentry and Sphere","floor":27,"turns":6},{"damage":6,"enemies":"Book of Stabbing","floor":29,"turns":6},{"damage":7,"enemies":"3 Cultists","floor":30,"turns":5},{"damage":14,"enemies":"Collector","floor":33,"turns":10},{"damage":9,"enemies":"3 Shapes","floor":35,"turns":5},{"damage":11,"enemies":"Orb Walker","floor":36,"turns":5},{"damage":47,"enemies":"Sphere and 2 Shapes","floor":38,"turns":6},{"damage":47,"enemies":"2 Orb Walkers","floor":41,"turns":8},{"damage":52,"enemies":"Giant Head","floor":45,"turns":12},{"damage":66,"enemies":"Awakened One","floor":50,"turns":15}],"event_choices":[{"event_name":"Big Fish","player_choice":"Box","floor":2,"damage_taken":0},{"event_name":"Transmorgrifier","player_choice":"Transform","floor":11,"damage_taken":0},{"event_name":"Match and Keep!","player_choice":"2 cards matched","floor":14,"damage_taken":0},{"event_name":"The Library","player_choice":"Read","floor":20,"damage_taken":0},{"event_name":"The Lab","player_choice":"Got Potions","floor":31,"damage_taken":0},{"event_name":"Winding Halls","player_choice":"Embrace Madness","floor":44,"damage_taken":0},{"event_name":"SecretPortal","player_choice":"Rejected Portal.","floor":47,"damage_taken":0}],"boss_relics":[{"not_picked":["Cursed Key","Philosopher\u0027s Stone"],"picked":"Ectoplasm"},{"not_picked":["Pandora\u0027s Box","Tiny House"],"picked":"Black Blood"}],"potions_floor_spawned":[4,6,16,22,24,27,35,41],"seed_played":"-4773049664264295680","killed_by":"Awakened One","ascension_level":0,"is_trial":false}