{"gold_per_floor":[365,365,378,393,45,45,120,120,120,120,133,164,182,27,27,101,101,101,81,81,81,81,81,81,81,81,81,81,81,81,81,81,81],"floor_reached":33,"playtime":1892,"items_purged":["Writhe","Strike_R"],"score":561,"play_id":"0bdca910-dd21-496a-9b77-c9ac5a40c4cc","local_time":"20190209171046","is_ascension_mode":true,"campfire_choices":[{"data":"Body Slam","floor":6.0,"key":"SMITH"},{"data":"Inflame","floor":8.0,"key":"SMITH"},{"data":"Heavy Blade","floor":10.0,"key":"SMITH"},{"data":"Uppercut","floor":15.0,"key":"SMITH"},{"data":"Fiend Fire","floor":23.0,"key":"SMITH"},{"floor":28.0,"key":"REST"},{"floor":32.0,"key":"REST"}],"neow_cost":"CURSE","seed_source_timestamp":238097644877660,"circlet_count":0,"master_deck":["AscendersBane","Strike_R","Strike_R","Strike_R","Strike_R","Defend_R","Defend_R","Defend_R","Defend_R","Bash","Pommel Strike","Body Slam+1","Shrug It Off","Inflame+1","Heavy Blade+1","Uppercut+1","Fiend Fire+1","True Grit+1","Demon Form","Sword Boomerang+1"],"special_seed":0,"relics":["Burning Blood","Happy Flower","Singing Bowl","Self Forming Clay","Ectoplasm","Oddly Smooth Stone","Toxic Egg 2","Bag of Preparation","Nilry\u0027s Codex","Ancient Tea Set"],"potions_floor_usage":[33],"damage_taken":[{"damage":14.0,"enemies":"Small Slimes","floor":1.0,"turns":6.0},{"damage":1.0,"enemies":"2 Louse","floor":3.0,"turns":2.0},{"damage":6.0,"enemies":"Cultist","floor":4.0,"turns":3.0},{"damage":8.0,"enemies":"Blue Slaver","floor":11.0,"turns":4.0},{"damage":10.0,"enemies":"Lagavulin","floor":12.0,"turns":4.0},{"damage":4.0,"enemies":"2 Fungi Beasts","floor":13.0,"turns":4.0},{"damage":23.0,"enemies":"The Guardian","floor":16.0,"turns":12.0},{"damage":18.0,"enemies":"Shell Parasite","floor":18.0,"turns":4.0},{"damage":1.0,"enemies":"Chosen","floor":21.0,"turns":3.0},{"damage":9.0,"enemies":"Snake Plant","floor":22.0,"turns":3.0},{"damage":30.0,"enemies":"Slavers","floor":24.0,"turns":5.0},{"damage":4.0,"enemies":"Snecko","floor":25.0,"turns":3.0},{"damage":20.0,"enemies":"Book of Stabbing","floor":27.0,"turns":4.0},{"damage":47.0,"enemies":"Gremlin Leader","floor":31.0,"turns":7.0},{"damage":37,"enemies":"Collector","floor":33,"turns":5}],"seed_played":"3464842634840249055","potions_obtained":[{"floor":11.0,"key":"Strength Potion"},{"floor":25.0,"key":"Ancient Potion"},{"floor":31.0,"key":"Block Potion"}],"is_trial":false,"path_per_floor":["M","?","M","M","$","R","?","R","T","R","M","E","M","$","R","B",null,"M","?","$","M","M","R","E","M","T","E","R","?","?","E","R","B"],"character_chosen":"IRONCLAD","items_purchased":["Shrug It Off","Inflame","Heavy Blade","Explosive Potion","AttackPotion","Fire Potion"],"campfire_rested":2,"item_purchase_floors":[5,5,5,5,5,14],"current_hp_per_floor":[60,55,60,60,60,60,49,49,49,49,49,47,49,49,49,32,67,57,57,57,64,61,61,37,39,39,27,52,31,48,9,35,0],"gold":81,"neow_bonus":"TWO_FIFTY_GOLD","is_prod":false,"is_daily":false,"chose_seed":false,"campfire_upgraded":5,"win_rate":0,"timestamp":1549728646,"path_taken":["M","?","M","M","$","R","?","R","T","R","M","E","M","$","R","BOSS","M","?","$","M","?","R","E","M","T","E","R","?","?","E","R","BOSS"],"build_version":"2019-01-23","purchased_purges":2,"victory":false,"max_hp_per_floor":[75,75,75,75,75,75,75,75,75,75,77,79,79,79,79,79,79,81,81,81,83,83,83,83,83,83,85,85,85,85,87,87,87],"card_choices":[{"not_picked":["Pummel","Iron Wave"],"picked":"Pommel Strike","floor":1.0},{"not_picked":["Pummel","Armaments","Body Slam"],"picked":"SKIP","floor":3.0},{"not_picked":["Pummel","Armaments"],"picked":"Body Slam","floor":3.0},{"not_picked":["Body Slam","Wild Strike","Iron Wave"],"picked":"SKIP","floor":4.0},{"not_picked":["Feel No Pain","Second Wind","Warcry"],"picked":"Singing Bowl","floor":11.0},{"not_picked":["Warcry","Anger","Armaments"],"picked":"Singing Bowl","floor":12.0},{"not_picked":["True Grit","Clothesline"],"picked":"Uppercut","floor":13.0},{"not_picked":["Barricade","Brutality"],"picked":"Fiend Fire","floor":16.0},{"not_picked":["Rupture","Wild Strike","Flex"],"picked":"Singing Bowl","floor":18.0},{"not_picked":["Second Wind","Pommel Strike","Intimidate"],"picked":"Singing Bowl","floor":21.0},{"not_picked":["Hemokinesis","Perfected Strike"],"picked":"True Grit+1","floor":22.0},{"not_picked":["Inflame","Uppercut"],"picked":"Demon Form","floor":24.0},{"not_picked":["Headbutt","Rupture"],"picked":"Sword Boomerang+1","floor":25.0},{"not_picked":["Rampage","Warcry+1","Inflame"],"picked":"Singing Bowl","floor":27.0},{"not_picked":["Metallicize","Sword Boomerang+1","Combust"],"picked":"Singing Bowl","floor":31.0}],"player_experience":348024,"relics_obtained":[{"floor":9.0,"key":"Singing Bowl"},{"floor":12.0,"key":"Self Forming Clay"},{"floor":24.0,"key":"Oddly Smooth Stone"},{"floor":26.0,"key":"Toxic Egg 2"},{"floor":27.0,"key":"Bag of Preparation"},{"floor":29.0,"key":"Nilry\u0027s Codex"},{"floor":31.0,"key":"Ancient Tea Set"}],"event_choices":[{"damage_healed":0.0,"max_hp_gain":0.0,"max_hp_loss":0.0,"gold_gain":0.0,"event_name":"Scrap Ooze","player_choice":"Success","floor":2.0,"gold_loss":0.0,"damage_taken":5.0,"relics_obtained":["Happy Flower"]},{"damage_healed":0.0,"max_hp_gain":0.0,"max_hp_loss":0.0,"gold_gain":75.0,"event_name":"World of Goop","player_choice":"Gather Gold","floor":7.0,"gold_loss":0.0,"damage_taken":11.0},{"damage_healed":0.0,"max_hp_gain":0.0,"max_hp_loss":0.0,"gold_gain":0.0,"event_name":"The Woman in Blue","player_choice":"Bought 1 Potion","floor":19.0,"gold_loss":0.0,"damage_taken":0.0},{"damage_healed":0.0,"max_hp_gain":0.0,"max_hp_loss":0.0,"gold_gain":0.0,"event_name":"Cursed Tome","player_choice":"Obtained Book","floor":29.0,"gold_loss":0.0,"damage_taken":21.0},{"damage_healed":17.0,"max_hp_gain":0.0,"max_hp_loss":0.0,"gold_gain":0.0,"event_name":"The Library","player_choice":"Heal","floor":30.0,"gold_loss":0.0,"damage_taken":0.0}],"is_beta":false,"boss_relics":[{"not_picked":["Runic Dome","Lizard Tail"],"picked":"Ectoplasm"}],"items_purged_floors":[5,14],"is_endless":false,"potions_floor_spawned":[11,16,18,25,31],"killed_by":"Collector","ascension_level":17}