{"gold_per_floor":[115,129,129,20,30,63,63,74,74,93,93,119,139,139,139,244,244,263,277,296,44,54,54,79,79,79,79,91,109,34,69,69,168,168,184,184,184,184,201,234,234,265,265,285,297,312,325,340,340,340],"floor_reached":51,"playtime":8256,"items_purged":["Strike_G"],"score":763,"play_id":"4501369b-2351-48ef-9d5d-4cc3d1970f05","local_time":"20181004001059","is_ascension_mode":false,"campfire_choices":[{"data":"After Image","floor":7.0,"key":"SMITH"},{"data":"Well Laid Plans","floor":11.0,"key":"SMITH"},{"data":"Catalyst","floor":15.0,"key":"SMITH"},{"data":"Burst","floor":23.0,"key":"SMITH"},{"data":"Blur","floor":25.0,"key":"SMITH"},{"data":"Dodge and Roll","floor":32.0,"key":"SMITH"},{"floor":41.0,"key":"REST"},{"floor":49.0,"key":"REST"}],"neow_cost":"NONE","seed_source_timestamp":0,"circlet_count":0,"master_deck":["Defend_G","Defend_G","Defend_G","Defend_G","Defend_G","Strike_G","Strike_G","Survivor","Neutralize+1","Crippling Poison+1","Poisoned Stab+1","Catalyst+1","Well Laid Plans+1","After Image+1","Envenom+1","Poisoned Stab+1","Burst+1","Poisoned Stab","Deadly Poison","Dash","Cloak And Dagger","Blur+1","Dodge and Roll+1","Bouncing Flask+1","Underhanded Strike+1","Poisoned Stab+1"],"special_seed":0,"relics":["Ring of the Snake","Strawberry","Frozen Egg 2","Bird Faced Urn","Prayer Wheel","Busted Crown","Kunai","Oddly Smooth Stone","Bottled Lightning","Molten Egg 2","Runic Dome","Ginger","Dead Branch","Whetstone"],"potions_floor_usage":[50,50],"damage_taken":[{"damage":0.0,"enemies":"Jaw Worm","floor":1.0,"turns":4.0},{"damage":0.0,"enemies":"Cultist","floor":2.0,"turns":5.0},{"damage":6.0,"enemies":"Small Slimes","floor":5.0,"turns":3.0},{"damage":4.0,"enemies":"Lagavulin","floor":6.0,"turns":7.0},{"damage":2.0,"enemies":"3 Louse","floor":8.0,"turns":3.0},{"damage":1.0,"enemies":"2 Fungi Beasts","floor":10.0,"turns":3.0},{"damage":1.0,"enemies":"3 Sentries","floor":12.0,"turns":11.0},{"damage":4.0,"enemies":"Exordium Wildlife","floor":13.0,"turns":3.0},{"damage":12.0,"enemies":"Hexaghost","floor":16.0,"turns":8.0},{"damage":9.0,"enemies":"Spheric Guardian","floor":18.0,"turns":4.0},{"damage":4.0,"enemies":"Shell Parasite","floor":19.0,"turns":4.0},{"damage":16.0,"enemies":"Sentry and Sphere","floor":20.0,"turns":6.0},{"damage":0.0,"enemies":"3 Cultists","floor":22.0,"turns":3.0},{"damage":4.0,"enemies":"Book of Stabbing","floor":24.0,"turns":4.0},{"damage":0.0,"enemies":"Centurion and Healer","floor":28.0,"turns":5.0},{"damage":0.0,"enemies":"Shelled Parasite and Fungi","floor":29.0,"turns":4.0},{"damage":14.0,"enemies":"Slavers","floor":31.0,"turns":5.0},{"damage":10.0,"enemies":"Champ","floor":33.0,"turns":13.0},{"damage":18.0,"enemies":"3 Darklings","floor":35.0,"turns":5.0},{"damage":0.0,"enemies":"Orb Walker","floor":39.0,"turns":3.0},{"damage":40.0,"enemies":"2 Orb Walkers","floor":40.0,"turns":6.0},{"damage":16.0,"enemies":"Nemesis","floor":42.0,"turns":7.0},{"damage":12.0,"enemies":"Spire Growth","floor":44.0,"turns":5.0},{"damage":0.0,"enemies":"Transient","floor":45.0,"turns":5.0},{"damage":0.0,"enemies":"Reptomancer","floor":46.0,"turns":4.0},{"damage":6.0,"enemies":"Maw","floor":47.0,"turns":7.0},{"damage":7.0,"enemies":"4 Shapes","floor":48.0,"turns":4.0},{"damage":23,"enemies":"Donu and Deca","floor":50,"turns":9}],"seed_played":"-3916056357712161759","potions_obtained":[{"floor":2.0,"key":"Strength Potion"},{"floor":5.0,"key":"Ancient Potion"},{"floor":6.0,"key":"Ancient Potion"},{"floor":16.0,"key":"Strength Potion"},{"floor":18.0,"key":"FearPotion"},{"floor":45.0,"key":"SkillPotion"}],"is_trial":false,"path_per_floor":["M","M","?","$","M","E","R","M","T","M","R","E","M","?","R","B",null,"M","M","M","$","M","R","E","R","T","$","M","M","?","E","R","B",null,"M","?","?","?","M","E","R","E","T","M","M","M","M","M","R","B"],"character_chosen":"THE_SILENT","items_purchased":["Catalyst","Kunai"],"campfire_rested":2,"item_purchase_floors":[4,21],"current_hp_per_floor":[70,70,70,70,64,67,67,65,65,64,64,63,63,63,63,57,77,68,70,60,60,66,66,66,66,66,66,72,76,76,67,67,63,77,63,63,63,63,67,33,54,44,44,38,44,52,52,51,72,52],"gold":340,"neow_bonus":"UPGRADE_CARD","is_prod":false,"is_daily":false,"chose_seed":false,"campfire_upgraded":6,"win_rate":0,"timestamp":1538637059,"path_taken":["M","M","?","$","?","E","R","?","T","M","R","E","M","?","R","BOSS","M","M","?","$","M","R","E","R","T","$","M","M","?","E","R","BOSS","M","?","?","?","?","E","R","E","T","M","M","M","M","M","R","BOSS"],"build_version":"2018-09-27","purchased_purges":1,"victory":true,"max_hp_per_floor":[70,70,70,70,70,77,77,77,77,77,77,77,77,77,77,77,77,77,77,77,77,77,77,77,77,77,77,77,77,77,77,77,77,77,77,73,73,73,73,73,73,73,73,73,73,73,73,73,73,73],"card_choices":[{"not_picked":["Backflip","Dagger Spray"],"picked":"Crippling Poison","floor":1.0},{"not_picked":["Deflect","Flying Knee"],"picked":"Poisoned Stab","floor":2.0},{"not_picked":["Backflip","Infinite Blades"],"picked":"Well Laid Plans","floor":5.0},{"not_picked":["Slice","Dagger Spray"],"picked":"After Image","floor":6.0},{"not_picked":["Distraction","Sucker Punch","Blade Dance"],"picked":"SKIP","floor":8.0},{"not_picked":["Dagger Throw","Dagger Spray"],"picked":"Poisoned Stab","floor":10.0},{"not_picked":["Sucker Punch","Unload"],"picked":"Envenom+1","floor":12.0},{"not_picked":["PiercingWail","Dodge and Roll"],"picked":"Poisoned Stab","floor":13.0},{"not_picked":["Unload","Storm of Steel"],"picked":"Burst","floor":16.0},{"not_picked":[],"picked":"Poisoned Stab","floor":18.0},{"not_picked":[],"picked":"Deadly Poison","floor":18.0},{"not_picked":[],"picked":"Dash","floor":19.0},{"not_picked":["Skewer"],"picked":"SKIP","floor":19.0},{"not_picked":[],"picked":"Cloak And Dagger","floor":20.0},{"not_picked":["PiercingWail"],"picked":"SKIP","floor":20.0},{"not_picked":[],"picked":"Blur","floor":22.0},{"not_picked":["Underhanded Strike"],"picked":"SKIP","floor":22.0},{"not_picked":["Dagger Throw"],"picked":"SKIP","floor":24.0},{"not_picked":["Underhanded Strike"],"picked":"SKIP","floor":28.0},{"not_picked":["Underhanded Strike"],"picked":"SKIP","floor":28.0},{"not_picked":["Dagger Throw"],"picked":"SKIP","floor":29.0},{"not_picked":["Setup"],"picked":"SKIP","floor":29.0},{"not_picked":[],"picked":"Dodge and Roll","floor":31.0},{"not_picked":[],"picked":"Bouncing Flask+1","floor":35.0},{"not_picked":["Riddle With Holes+1"],"picked":"SKIP","floor":35.0},{"not_picked":["Underhanded Strike+1"],"picked":"SKIP","floor":39.0},{"not_picked":["Acrobatics"],"picked":"SKIP","floor":39.0},{"not_picked":["Quick Slash+1"],"picked":"SKIP","floor":40.0},{"not_picked":["Underhanded Strike+1"],"picked":"SKIP","floor":42.0},{"not_picked":["Underhanded Strike+1"],"picked":"SKIP","floor":44.0},{"not_picked":["Dodge and Roll+1"],"picked":"SKIP","floor":44.0},{"not_picked":[],"picked":"Poisoned Stab+1","floor":45.0},{"not_picked":["Dagger Throw+1"],"picked":"SKIP","floor":45.0},{"not_picked":["Bane+1"],"picked":"SKIP","floor":46.0},{"not_picked":["Terror+1"],"picked":"SKIP","floor":46.0},{"not_picked":["Quick Slash+1"],"picked":"SKIP","floor":47.0},{"not_picked":["Dagger Spray+1"],"picked":"SKIP","floor":47.0},{"not_picked":["Underhanded Strike+1"],"picked":"SKIP","floor":48.0},{"not_picked":["Quick Slash+1"],"picked":"SKIP","floor":48.0}],"player_experience":852150,"relics_obtained":[{"floor":6.0,"key":"Strawberry"},{"floor":9.0,"key":"Frozen Egg 2"},{"floor":12.0,"key":"Bird Faced Urn"},{"floor":24.0,"key":"Oddly Smooth Stone"},{"floor":26.0,"key":"Bottled Lightning"},{"floor":31.0,"key":"Molten Egg 2"},{"floor":40.0,"key":"Ginger"},{"floor":42.0,"key":"Dead Branch"},{"floor":43.0,"key":"Whetstone"}],"event_choices":[{"event_name":"Upgrade Shrine","player_choice":"Upgraded","floor":3.0,"damage_taken":0.0},{"event_name":"WeMeetAgain","player_choice":"Potion","floor":14.0,"damage_taken":0.0},{"event_name":"Beggar","player_choice":"Gave Gold","floor":30.0,"damage_taken":0.0},{"event_name":"Winding Halls","player_choice":"Max HP","floor":36.0,"damage_taken":0.0},{"event_name":"Falling","player_choice":"Removed Attack","floor":37.0,"damage_taken":0.0},{"event_name":"Transmorgrifier","player_choice":"Transform","floor":38.0,"damage_taken":0.0}],"is_beta":false,"boss_relics":[{"not_picked":["Astrolabe","Orrery"],"picked":"Busted Crown"},{"not_picked":["Eternal Feather","Philosopher\u0027s Stone"],"picked":"Runic Dome"}],"items_purged_floors":[4],"is_endless":false,"potions_floor_spawned":[2,5,6,13,16,18,20,22,29,35,39,40,42,45],"ascension_level":0}