{"gold_per_floor":[114,127,28,28,43,43,74,74,99,99,129,146,177,189,189,294,294,307,326,21,37,54,54,54,83,83,83,117,117,142,74,74,169,169,182,3,0,27,27,60,74,74,74,105,134,146,158,170],"floor_reached":48,"playtime":2553,"items_purged":["Strike_G","Strike_G"],"score":898,"play_id":"fe494c19-e740-481d-b2a3-4f43168c4d0d","local_time":"20190207114459","is_ascension_mode":true,"campfire_choices":[{"data":"Neutralize","floor":6.0,"key":"SMITH"},{"data":"Skewer","floor":8.0,"key":"SMITH"},{"floor":15.0,"key":"REST"},{"data":"Glass Knife","floor":23.0,"key":"SMITH"},{"floor":29.0,"key":"REST"},{"floor":32.0,"key":"REST"},{"floor":42.0,"key":"REST"},{"data":"Night Terror","floor":47.0,"key":"SMITH"}],"neow_cost":"NONE","seed_source_timestamp":44225072135672,"circlet_count":0,"master_deck":["AscendersBane","Defend_G","Defend_G+1","Defend_G","Defend_G+1","Defend_G","Strike_G","Strike_G","Survivor","Neutralize+1","PiercingWail","Noxious Fumes+1","Dagger Throw","Dagger Spray","Skewer+1","Glass Knife+1","Dodge and Roll","Catalyst+1","Deadly Poison","PiercingWail+1","Night Terror+1","Leg Sweep","After Image","Well Laid Plans","Bouncing Flask","Doubt","Footwork","Escape Plan","Clumsy","Deflect"],"special_seed":0,"relics":["Ring of the Snake","Juzu Bracelet","Anchor","Potion Belt","Ninja Scroll","Cursed Key","Pantograph","Tingsha","Dream Catcher","Centennial Puzzle","Black Star","Red Mask","PreservedInsect","Darkstone Periapt","Molten Egg 2","MawBank"],"potions_floor_usage":[],"damage_taken":[{"damage":0.0,"enemies":"Jaw Worm","floor":1.0,"turns":7.0},{"damage":0.0,"enemies":"Small Slimes","floor":2.0,"turns":5.0},{"damage":0.0,"enemies":"Cultist","floor":5.0,"turns":4.0},{"damage":12.0,"enemies":"Lagavulin","floor":7.0,"turns":7.0},{"damage":20.0,"enemies":"Gremlin Nob","floor":11.0,"turns":4.0},{"damage":2.0,"enemies":"Exordium Thugs","floor":12.0,"turns":5.0},{"damage":2.0,"enemies":"Lagavulin","floor":13.0,"turns":6.0},{"damage":0.0,"enemies":"Red Slaver","floor":14.0,"turns":3.0},{"damage":15.0,"enemies":"Slime Boss","floor":16.0,"turns":9.0},{"damage":0.0,"enemies":"3 Byrds","floor":18.0,"turns":4.0},{"damage":0.0,"enemies":"Chosen","floor":19.0,"turns":5.0},{"damage":14.0,"enemies":"3 Cultists","floor":21.0,"turns":5.0},{"damage":13.0,"enemies":"Shelled Parasite and Fungi","floor":22.0,"turns":5.0},{"damage":5.0,"enemies":"Gremlin Leader","floor":25.0,"turns":5.0},{"damage":13.0,"enemies":"Book of Stabbing","floor":28.0,"turns":3.0},{"damage":7.0,"enemies":"Gremlin Leader","floor":30.0,"turns":6.0},{"damage":62.0,"enemies":"Champ","floor":33.0,"turns":13.0},{"damage":0.0,"enemies":"3 Shapes","floor":35.0,"turns":7.0},{"damage":58.0,"enemies":"Reptomancer","floor":40.0,"turns":7.0},{"damage":0.0,"enemies":"Orb Walker","floor":41.0,"turns":4.0},{"damage":4.0,"enemies":"4 Shapes","floor":44.0,"turns":6.0},{"damage":21.0,"enemies":"Maw","floor":45.0,"turns":6.0},{"damage":87,"enemies":"Transient","floor":48,"turns":5}],"seed_played":"-2535381827946262668","potions_obtained":[{"floor":2.0,"key":"Regen Potion"},{"floor":7.0,"key":"SkillPotion"},{"floor":11.0,"key":"Strength Potion"},{"floor":12.0,"key":"Energy Potion"},{"floor":18.0,"key":"Energy Potion"},{"floor":22.0,"key":"GhostInAJar"},{"floor":25.0,"key":"FearPotion"},{"floor":35.0,"key":"Regen Potion"},{"floor":40.0,"key":"Block Potion"}],"is_trial":false,"path_per_floor":["M","M","$","?","M","R","E","R","T","?","E","M","E","M","R","B",null,"M","M","$","M","M","R","?","E","T","?","E","R","E","$","R","B",null,"M","$","?","T","$","E","M","R","T","M","M","?","R","M"],"character_chosen":"THE_SILENT","items_purchased":["Dagger Throw","Pantograph","SteroidPotion","Leg Sweep","Bouncing Flask"],"campfire_rested":4,"item_purchase_floors":[3,20,20,31,36],"current_hp_per_floor":[63,63,63,63,63,63,51,51,51,37,17,15,28,28,49,34,61,61,61,61,47,34,34,34,29,29,29,16,37,30,30,51,8,55,55,55,55,55,55,12,12,33,39,35,14,66,66,0],"gold":170,"neow_bonus":"THREE_CARDS","is_prod":false,"is_daily":false,"chose_seed":false,"campfire_upgraded":4,"win_rate":0,"timestamp":1549536299,"path_taken":["M","M","$","?","M","R","E","R","T","?","E","M","E","M","R","BOSS","M","M","$","M","M","R","?","E","T","?","E","R","E","?","R","BOSS","M","?","?","?","$","E","M","R","T","M","M","?","R","M"],"build_version":"2019-01-23","purchased_purges":2,"victory":false,"max_hp_per_floor":[70,70,70,70,70,70,70,70,70,70,70,70,70,70,70,70,70,70,70,70,70,70,70,70,70,70,70,70,70,70,70,70,70,70,70,70,70,70,70,70,70,70,76,76,76,66,66,66],"card_choices":[{"not_picked":["Finisher","Poisoned Stab"],"picked":"PiercingWail","floor":0.0},{"not_picked":["Outmaneuver","Underhanded Strike","Setup"],"picked":"SKIP","floor":1.0},{"not_picked":["Catalyst","Dagger Throw"],"picked":"Noxious Fumes","floor":2.0},{"not_picked":["Underhanded Strike","Dodge and Roll"],"picked":"Dagger Spray","floor":5.0},{"not_picked":["Sucker Punch","Prepared"],"picked":"Skewer","floor":7.0},{"not_picked":["Endless Agony","Setup","Slice"],"picked":"SKIP","floor":11.0},{"not_picked":["Choke","Concentrate","Dagger Throw"],"picked":"SKIP","floor":12.0},{"not_picked":["Blade Dance","Underhanded Strike","Storm of Steel"],"picked":"SKIP","floor":13.0},{"not_picked":["Blade Dance","Sucker Punch","Bane"],"picked":"SKIP","floor":14.0},{"not_picked":["Night Terror","After Image"],"picked":"Glass Knife","floor":16.0},{"not_picked":["Deflect","Blade Dance"],"picked":"Dodge and Roll","floor":18.0},{"not_picked":["Dagger Spray","Slice","Reflex"],"picked":"SKIP","floor":19.0},{"not_picked":["Storm of Steel","Blade Dance","Quick Slash"],"picked":"SKIP","floor":21.0},{"not_picked":["Sucker Punch+1","PiercingWail"],"picked":"Catalyst","floor":22.0},{"not_picked":["Poisoned Stab","Die Die Die"],"picked":"Deadly Poison","floor":25.0},{"not_picked":["Outmaneuver","Endless Agony","Concentrate+1"],"picked":"SKIP","floor":28.0},{"not_picked":["Deflect","Bane"],"picked":"PiercingWail+1","floor":29.0},{"not_picked":["Skewer+1","Prepared"],"picked":"Night Terror","floor":30.0},{"not_picked":["Glass Knife","A Thousand Cuts"],"picked":"After Image","floor":33.0},{"not_picked":["Concentrate","Distraction"],"picked":"Well Laid Plans","floor":35.0},{"not_picked":["Blade Dance","Cloak And Dagger"],"picked":"Footwork","floor":40.0},{"not_picked":["Underhanded Strike+1","Dagger Throw+1","Outmaneuver"],"picked":"SKIP","floor":41.0},{"not_picked":["Deflect","Blade Dance"],"picked":"Escape Plan","floor":42.0},{"not_picked":["Underhanded Strike+1","Bouncing Flask","PiercingWail"],"picked":"SKIP","floor":44.0},{"not_picked":["Poisoned Stab+1","Distraction"],"picked":"Deflect","floor":45.0}],"player_experience":324590,"relics_obtained":[{"floor":7.0,"key":"Juzu Bracelet"},{"floor":9.0,"key":"Anchor"},{"floor":11.0,"key":"Potion Belt"},{"floor":13.0,"key":"Ninja Scroll"},{"floor":25.0,"key":"Tingsha"},{"floor":28.0,"key":"Dream Catcher"},{"floor":30.0,"key":"Centennial Puzzle"},{"floor":38.0,"key":"PreservedInsect"},{"floor":40.0,"key":"Darkstone Periapt"},{"floor":40.0,"key":"Molten Egg 2"},{"floor":43.0,"key":"MawBank"}],"event_choices":[{"damage_healed":0.0,"max_hp_gain":0.0,"max_hp_loss":0.0,"gold_gain":0.0,"event_name":"Living Wall","player_choice":"Grow","floor":4.0,"gold_loss":0.0,"damage_taken":0.0,"cards_upgraded":["Noxious Fumes"]},{"damage_healed":0.0,"max_hp_gain":0.0,"max_hp_loss":0.0,"gold_gain":0.0,"event_name":"Shining Light","player_choice":"Entered Light","floor":10.0,"gold_loss":0.0,"damage_taken":14.0,"cards_upgraded":["Defend_G","Defend_G"]},{"cards_removed":["Strike_G"],"damage_healed":0.0,"max_hp_gain":0.0,"max_hp_loss":0.0,"gold_gain":0.0,"event_name":"Bonfire Elementals","player_choice":"Offered Basic","floor":24.0,"gold_loss":0.0,"damage_taken":0.0},{"damage_healed":0.0,"max_hp_gain":0.0,"max_hp_loss":0.0,"gold_gain":0.0,"event_name":"Upgrade Shrine","player_choice":"Upgraded","floor":27.0,"gold_loss":0.0,"damage_taken":0.0,"cards_upgraded":["Catalyst"]},{"damage_healed":0.0,"max_hp_gain":0.0,"max_hp_loss":0.0,"gold_gain":0.0,"event_name":"Tomb of Lord Red Mask","player_choice":"Paid","floor":37.0,"gold_loss":3.0,"damage_taken":0.0,"relics_obtained":["Red Mask"]},{"damage_healed":66.0,"max_hp_gain":0.0,"max_hp_loss":10.0,"gold_gain":0.0,"event_name":"The Moai Head","player_choice":"Heal","floor":46.0,"gold_loss":0.0,"damage_taken":0.0}],"is_beta":false,"boss_relics":[{"not_picked":["Snecko Eye","Velvet Choker"],"picked":"Cursed Key"},{"not_picked":["Ring of the Serpent","WristBlade"],"picked":"Black Star"}],"items_purged_floors":[3,36],"is_endless":false,"potions_floor_spawned":[2,7,11,12,18,22,25,35,40],"killed_by":"Transient","ascension_level":12}