{"path_per_floor":["M","$","?","M","T","R","E","R","T","R","M","M","M","E","R","B",null,"M","M","M","$","?"],"character_chosen":"THE_SILENT","items_purchased":["Distraction","Slice","Cloak And Dagger","Lantern","Ninja Scroll","Slice"],"gold_per_floor":[366,18,18,34,58,58,93,93,162,162,182,201,221,253,253,358,358,370,381,396,3,3,3],"floor_reached":23,"campfire_rested":1,"playtime":1643,"current_hp_per_floor":[54,54,54,49,49,49,37,37,37,37,39,39,41,24,45,11,55,69,48,43,43,43,0],"items_purged":["Regret","Strike_G"],"gold":3,"score":271,"play_id":"c462f1dd-d9fb-4d35-884a-428ba9ac66cf","local_time":"20180422035122","is_prod":false,"is_daily":false,"chose_seed":false,"is_ascension_mode":true,"campfire_upgraded":3,"timestamp":1524394282,"path_taken":["M","$","?","?","?","R","E","R","T","R","M","M","M","E","R","BOSS","M","M","M","$","?","E"],"build_version":"2018-04-19","seed_source_timestamp":147302763090500,"purchased_purges":2,"victory":false,"master_deck":["Defend_G","Defend_G","Defend_G","Defend_G","Defend_G","Strike_G","Strike_G","Strike_G","Survivor+1","Neutralize+1","Dagger Spray+1","Distraction+1","Slice","Cloak And Dagger","Deflect","Backstab","Dagger Throw","Backflip","Dagger Spray","Slice"],"max_hp_per_floor":[70,70,70,70,70,70,70,70,70,70,70,70,70,70,70,70,70,70,70,70,70,70,70],"relics":["Ring of the Snake","Lantern","Blood Vial","Anchor","Toolbox","Peace Pipe","Cursed Key","Ninja Scroll"],"card_choices":[{"not_picked":["Outmaneuver","Expertise"],"picked":"Dagger Spray","floor":1},{"not_picked":["Dodge and Roll","Underhanded Strike"],"picked":"Deflect","floor":4},{"not_picked":["Dagger Spray","Crippling Poison"],"picked":"Backstab","floor":11},{"not_picked":["Burst","Calculated Gamble"],"picked":"Dagger Throw","floor":13},{"not_picked":["Calculated Gamble","Acrobatics"],"picked":"Backflip","floor":14},{"not_picked":["Eviscerate","Terror"],"picked":"Dagger Spray","floor":18}],"player_experience":356314,"potions_floor_usage":[16,16,18,20],"damage_taken":[{"damage":9,"enemies":"Cultist","floor":1,"turns":5},{"damage":5,"enemies":"Small Slimes","floor":4,"turns":3},{"damage":14,"enemies":"3 Sentries","floor":7,"turns":8},{"damage":0,"enemies":"Jaw Worm","floor":11,"turns":3},{"damage":2,"enemies":"Exordium Wildlife","floor":12,"turns":5},{"damage":0,"enemies":"Blue Slaver","floor":13,"turns":3},{"damage":19,"enemies":"Lagavulin","floor":14,"turns":6},{"damage":36,"enemies":"Hexaghost","floor":16,"turns":15},{"damage":0,"enemies":"Shell Parasite","floor":18,"turns":5},{"damage":22,"enemies":"Chosen","floor":19,"turns":6},{"damage":7,"enemies":"Centurion and Healer","floor":20,"turns":9},{"damage":52,"enemies":"Gremlin Leader","floor":23,"turns":6}],"event_choices":[{"event_name":"Living Wall","player_choice":"Grow","floor":3,"damage_taken":0},{"event_name":"Bonfire Elementals","player_choice":"BASIC","floor":22,"damage_taken":0}],"boss_relics":[{"not_picked":["Velvet Choker","Philosopher\u0027s Stone"],"picked":"Cursed Key"}],"potions_floor_spawned":[1,4,14,18,19],"seed_played":"-3625655813412962973","killed_by":"Gremlin Leader","ascension_level":7,"is_trial":false}