{"gold_per_floor":[140,65,78,78,98,98,132,146,196,196,253,281,281,328,328,429,429,449,460,460,460,476,476,476],"floor_reached":24,"playtime":1355,"items_purged":["Strike_B"],"score":245,"play_id":"a9d941cc-a8da-4c6d-9717-6d579b01ae08","local_time":"20190423222937","is_ascension_mode":true,"campfire_choices":[{"data":"White Noise","floor":6,"key":"SMITH"},{"data":"Loop","floor":10,"key":"SMITH"},{"floor":15,"key":"REST"},{"data":"Loop","floor":23,"key":"SMITH"}],"neow_cost":"NONE","seed_source_timestamp":1136212745945190,"circlet_count":0,"master_deck":["Strike_B","Strike_B","Strike_B","Defend_B","Defend_B","Defend_B","Zap","Dualcast","White Noise+1","Loop+1","Chill","Electrodynamics","Genetic Algorithm+1","Loop+1"],"relics":["Cracked Core","Tiny Chest","Pantograph","Ancient Tea Set","Bronze Scales","Bottled Lightning","Oddly Smooth Stone","Velvet Choker"],"potions_floor_usage":[12,12,22,22,24],"damage_taken":[{"damage":1,"enemies":"Cultist","floor":1,"turns":3},{"damage":1,"enemies":"2 Louse","floor":3,"turns":2},{"damage":2,"enemies":"Jaw Worm","floor":5,"turns":3},{"damage":35,"enemies":"Lagavulin","floor":7,"turns":6},{"damage":7,"enemies":"Looter","floor":8,"turns":3},{"damage":36,"enemies":"Lagavulin Event","floor":11,"turns":5},{"damage":1,"enemies":"Gremlin Nob","floor":12,"turns":3},{"damage":42,"enemies":"The Guardian","floor":16,"turns":9},{"damage":15,"enemies":"Spheric Guardian","floor":18,"turns":4},{"damage":12,"enemies":"Chosen","floor":19,"turns":4},{"damage":13,"enemies":"Sentry and Sphere","floor":22,"turns":5},{"damage":36,"enemies":"Slavers","floor":24,"turns":3}],"seed_played":"8675296677223493263","potions_obtained":[{"floor":1,"key":"Block Potion"},{"floor":8,"key":"FairyPotion"},{"floor":11,"key":"Weak Potion"},{"floor":12,"key":"Explosive Potion"},{"floor":18,"key":"Fire Potion"},{"floor":22,"key":"GamblersBrew"}],"is_trial":false,"path_per_floor":["M","$","M","?","M","R","E","M","T","R","?","E","T","T","R","B",null,"M","M","?","?","M","R","E"],"character_chosen":"DEFECT","items_purchased":[],"campfire_rested":1,"item_purchase_floors":[],"current_hp_per_floor":[74,74,73,73,71,71,36,29,29,29,7,6,6,6,28,11,75,60,48,48,48,35,35,0],"gold":476,"neow_bonus":"RANDOM_COMMON_RELIC","is_prod":false,"is_daily":false,"chose_seed":false,"campfire_upgraded":3,"win_rate":0,"timestamp":1556072977,"path_taken":["M","$","?","?","?","R","E","M","T","R","?","E","?","?","R","BOSS","M","M","?","?","M","R","E"],"build_version":"2019-01-23","purchased_purges":1,"victory":false,"max_hp_per_floor":[75,75,75,75,75,75,75,75,75,75,75,75,75,75,75,75,75,75,75,75,75,75,75,75],"card_choices":[{"not_picked":["Hologram","Undo"],"picked":"White Noise","floor":1},{"not_picked":["Melter","FTL"],"picked":"Loop","floor":3},{"not_picked":["Steam Power","Gash","Barrage"],"picked":"SKIP","floor":5},{"not_picked":["Rip and Tear","Hyperbeam","Heatsinks"],"picked":"SKIP","floor":7},{"not_picked":["Hello World","Stack","Redo"],"picked":"SKIP","floor":8},{"not_picked":["Lockon","Stack"],"picked":"Chill","floor":12},{"not_picked":["Fission","Core Surge"],"picked":"Electrodynamics","floor":16},{"not_picked":["Rebound","Leap","Stack+1"],"picked":"SKIP","floor":18},{"not_picked":["Ball Lightning","Cold Snap"],"picked":"Genetic Algorithm+1","floor":19},{"not_picked":["Turbo","Steam","Redo"],"picked":"SKIP","floor":22}],"player_experience":97051,"relics_obtained":[{"floor":7,"key":"Pantograph"},{"floor":9,"key":"Ancient Tea Set"},{"floor":11,"key":"Bronze Scales"},{"floor":12,"key":"Bottled Lightning"},{"floor":14,"key":"Oddly Smooth Stone"}],"event_choices":[{"cards_removed":["Defend_B"],"damage_healed":0,"gold_gain":0,"player_choice":"Offered Basic","damage_taken":0,"max_hp_gain":0,"max_hp_loss":0,"event_name":"Bonfire Elementals","floor":4,"gold_loss":0},{"damage_healed":0,"gold_gain":30,"player_choice":"Searched \u00272\u0027 times","damage_taken":0,"max_hp_gain":0,"max_hp_loss":0,"event_name":"Dead Adventurer","floor":11,"gold_loss":0},{"damage_healed":0,"gold_gain":0,"player_choice":"Ignored","damage_taken":0,"max_hp_gain":0,"max_hp_loss":0,"event_name":"Ghosts","floor":20,"gold_loss":0},{"damage_healed":0,"gold_gain":0,"player_choice":"Read","damage_taken":0,"max_hp_gain":0,"max_hp_loss":0,"event_name":"The Library","floor":21,"gold_loss":0,"cards_obtained":["Loop"]}],"is_beta":false,"boss_relics":[{"not_picked":["White Beast Statue","Fusion Hammer"],"picked":"Velvet Choker"}],"items_purged_floors":[2],"is_endless":false,"potions_floor_spawned":[1,8,11,12,18,22],"killed_by":"Slavers","ascension_level":4}