{"gold_per_floor":[119,119,40,53,70,70,98,118,118,43,62,137,152,479,479,579,579,591,601,196,196,196,208,208,208,235,235,235,249,249,25,25,25],"floor_reached":33,"playtime":1931,"items_purged":["Strike_R","Strike_R","Strike_R"],"score":344,"play_id":"8e634a4a-6e75-4b3e-af3a-74affe2af434","local_time":"20181022113104","is_ascension_mode":true,"campfire_choices":[{"data":"Entrench","floor":6.0,"key":"SMITH"},{"data":"Whirlwind","floor":15.0,"key":"SMITH"},{"data":"1","floor":24,"key":"LIFT"},{"data":"2","floor":27,"key":"LIFT"},{"floor":30,"key":"REST"},{"floor":32,"key":"REST"}],"neow_cost":"NONE","seed_source_timestamp":0,"circlet_count":0,"master_deck":["Strike_R","Strike_R","Defend_R","Defend_R","Defend_R","Bash+1","Whirlwind+1","Dropkick","Entrench+1","Inflame","Reaper","Iron Wave","Pummel","Flame Barrier","Burning Pact","Brutality","Flex+1","Shrug It Off","Inflame+1","Shrug It Off"],"special_seed":0,"relics":["Burning Blood","Orichalcum","Darkstone Periapt","Old Coin","Philosopher\u0027s Stone","Girya","Oddly Smooth Stone"],"potions_floor_usage":[19,29,29,33,33],"damage_taken":[{"damage":1.0,"enemies":"Small Slimes","floor":1.0,"turns":4.0},{"damage":7.0,"enemies":"Jaw Worm","floor":4.0,"turns":3.0},{"damage":1.0,"enemies":"Cultist","floor":5.0,"turns":3.0},{"damage":35.0,"enemies":"Lagavulin","floor":7.0,"turns":5.0},{"damage":16.0,"enemies":"Red Slaver","floor":8.0,"turns":4.0},{"damage":6.0,"enemies":"Large Slime","floor":11.0,"turns":7.0},{"damage":11.0,"enemies":"Looter","floor":13.0,"turns":3.0},{"damage":8.0,"enemies":"3 Sentries","floor":14.0,"turns":5.0},{"damage":30.0,"enemies":"Slime Boss","floor":16.0,"turns":9.0},{"damage":2,"enemies":"3 Byrds","floor":18,"turns":3},{"damage":34,"enemies":"Shell Parasite","floor":19,"turns":5},{"damage":27,"enemies":"Centurion and Healer","floor":23,"turns":6},{"damage":37,"enemies":"Colosseum Slavers","floor":25,"turns":4},{"damage":24,"enemies":"Snake Plant","floor":29,"turns":2},{"damage":81,"enemies":"Champ","floor":33,"turns":11}],"seed_played":"-3074004471014078919","potions_obtained":[{"floor":1.0,"key":"AttackPotion"},{"floor":4.0,"key":"Strength Potion"},{"floor":13.0,"key":"Energy Potion"},{"floor":14.0,"key":"Poison Potion"},{"floor":19,"key":"SpeedPotion"},{"floor":23,"key":"Poison Potion"}],"is_trial":false,"path_per_floor":["M","?","$","M","M","R","E","M","T","$","M","?","M","E","R","B",null,"M","M","$","?","?","M","R","?","T","R","$","M","R","$","R"],"character_chosen":"IRONCLAD","items_purchased":["Dropkick","Girya","Dexterity Potion","Swift Potion"],"campfire_rested":2,"item_purchase_floors":[3,20,31,31],"current_hp_per_floor":[77,82,82,81,85,85,56,50,50,50,56,45,46,44,44,44,75,79,66,66,66,66,48,48,27,27,27,27,9,34,34,59,0],"gold":25,"neow_bonus":"UPGRADE_CARD","is_prod":false,"is_daily":false,"chose_seed":false,"campfire_upgraded":2,"win_rate":0,"timestamp":1540225864,"path_taken":["M","?","?","M","M","R","E","?","T","?","M","?","?","E","R","BOSS","M","?","?","?","?","?","R","?","T","R","$","M","R","$","R","BOSS"],"build_version":"2018-10-11","purchased_purges":3,"victory":false,"max_hp_per_floor":[80,85,85,85,85,85,85,85,85,85,85,85,85,85,85,85,85,85,85,85,85,85,85,85,85,85,85,85,85,85,85,85,85],"card_choices":[{"not_picked":["Iron Wave","Entrench"],"picked":"Whirlwind","floor":1.0},{"not_picked":["Carnage","Infernal Blade"],"picked":"Entrench","floor":4.0},{"not_picked":["Clash","Body Slam"],"picked":"Inflame","floor":5.0},{"not_picked":["Clash","Corruption"],"picked":"Reaper","floor":7.0},{"not_picked":["Clash","Anger"],"picked":"Iron Wave","floor":8.0},{"not_picked":["Thunderclap","Armaments"],"picked":"Pummel","floor":11.0},{"not_picked":["Entrench","Heavy Blade"],"picked":"Flame Barrier","floor":13.0},{"not_picked":["Headbutt","Clash"],"picked":"Burning Pact","floor":14.0},{"not_picked":["Impervious","Double Tap"],"picked":"Brutality","floor":16.0},{"not_picked":["Whirlwind","Rampage+1"],"picked":"Flex+1","floor":18},{"not_picked":["Twin Strike+1","Armaments"],"picked":"Shrug It Off","floor":19},{"not_picked":["Second Wind","Havoc"],"picked":"Inflame+1","floor":23},{"not_picked":["Iron Wave","Intimidate"],"picked":"Shrug It Off","floor":29}],"player_experience":429368,"relics_obtained":[{"floor":7.0,"key":"Orichalcum"},{"floor":9.0,"key":"Darkstone Periapt"},{"floor":14.0,"key":"Old Coin"},{"floor":26,"key":"Oddly Smooth Stone"}],"event_choices":[{"event_name":"Big Fish","player_choice":"Donut","floor":2.0,"damage_taken":0.0},{"event_name":"World of Goop","player_choice":"Gather Gold","floor":12.0,"damage_taken":0.0},{"event_name":"Purifier","player_choice":"One Purge","floor":21,"damage_taken":0},{"event_name":"Vampires","player_choice":"Ignored","floor":22,"damage_taken":0},{"event_name":"Colosseum","player_choice":"Fight","floor":25,"damage_taken":0},{"event_name":"Colosseum","player_choice":"Fled From Nobs","floor":25,"damage_taken":0}],"is_beta":false,"boss_relics":[{"not_picked":["Astrolabe","Tiny House"],"picked":"Philosopher\u0027s Stone"}],"items_purged_floors":[10,20,31],"is_endless":false,"potions_floor_spawned":[1,4,13,14,19,23],"killed_by":"Champ","ascension_level":7}