{"path_per_floor":["M","M","$","M","?","R","?","M","T","M","M","$","T","M","R","B",null,"M","$","?","?","M","E","M","M","T","M","$","?","R","M","R","B",null,"M","M","$","?","M","E","M","?","T","R","M","$","R","E","R","B"],"character_chosen":"THE_SILENT","items_purchased":["Poisoned Stab","Apotheosis","Finesse","Bottled Lightning","Prepared","Noxious Fumes","Escape Plan"],"gold_per_floor":[366,383,5,16,16,16,191,211,237,247,267,7,30,43,43,146,146,158,9,9,9,20,55,72,82,153,168,5,5,5,25,25,128,128,147,161,11,11,23,55,74,74,98,98,117,42,42,70,70,70],"floor_reached":51,"campfire_rested":6,"playtime":7670,"current_hp_per_floor":[63,63,63,58,63,63,63,61,61,61,61,61,61,61,63,50,63,63,63,63,63,58,58,53,47,47,43,43,43,61,57,63,54,63,63,42,42,42,28,18,12,12,12,30,30,30,48,41,59,50],"items_purged":["Strike_G","Strike_G","Doubt","Strike_G"],"gold":70,"score":571,"play_id":"82bfd6da-c2e8-431f-9a0e-a01aa0cbe8d9","is_prod":false,"is_daily":false,"is_ascension_mode":false,"campfire_upgraded":1,"path_taken":["M","M","$","M","?","R","?","M","T","M","M","$","?","M","R","BOSS","M","$","?","?","?","E","M","M","T","M","?","?","R","?","R","BOSS","M","M","$","?","M","E","M","?","T","R","?","?","R","E","R","BOSS"],"build_version":"2018-02-08-PROD1","purchased_purges":4,"victory":true,"master_deck":["Defend_G","Defend_G+1","Defend_G","Defend_G","Survivor+1","Neutralize","Acrobatics","Poisoned Stab","Apotheosis+1","Finesse","Prepared","PiercingWail","Sucker Punch","Doppelganger","Dagger Throw","Glass Knife","Eviscerate","Prepared","Masterful Stab","A Thousand Cuts","Deflect+1","Noxious Fumes","Escape Plan","Adrenaline","Dagger Throw+1","Infinite Blades","Glass Knife","Backstab+1","Escape Plan","Acrobatics"],"max_hp_per_floor":[63,63,63,63,63,63,63,63,63,63,63,63,63,63,63,63,63,63,63,63,63,63,63,63,63,63,63,63,63,63,63,63,63,63,63,63,63,63,63,63,63,63,63,63,63,63,63,63,63,63],"relics":["Ring of the Snake","Lantern","Bottled Lightning","War Paint","Sozu","Happy Flower","Paper Crane","Philosopher\u0027s Stone","Snake Skull","Bag of Marbles","Bag of Preparation"],"card_choices":[{"not_picked":["Dodge and Roll","Heel Hook"],"picked":"Acrobatics"},{"not_picked":["Acrobatics","Deadly Poison"],"picked":"Terror"},{"not_picked":["Acrobatics","Dagger Spray"],"picked":"Prepared"},{"not_picked":["Deflect","Acrobatics"],"picked":"PiercingWail"},{"not_picked":["Well Laid Plans","Quick Slash"],"picked":"Sucker Punch"},{"not_picked":["Well Laid Plans","Outmaneuver"],"picked":"Doppelganger"},{"not_picked":["Blade Dance","Quick Slash"],"picked":"Dagger Throw"},{"not_picked":["Envenom","Unload"],"picked":"Glass Knife"},{"not_picked":["Leg Sweep","Predator"],"picked":"Eviscerate"},{"not_picked":["Sucker Punch","Eviscerate"],"picked":"A Thousand Cuts"},{"not_picked":["Heel Hook","Blur"],"picked":"Deflect"},{"not_picked":["Riddle With Holes","PiercingWail"],"picked":"Escape Plan"},{"not_picked":["Glass Knife","Corpse Explosion"],"picked":"Adrenaline"},{"not_picked":["Dagger Spray","PiercingWail"],"picked":"Dagger Throw"},{"not_picked":["Calculated Gamble","Well Laid Plans"],"picked":"Infinite Blades"},{"not_picked":["Backflip","Escape Plan"],"picked":"Glass Knife"},{"not_picked":["Dagger Throw","Riddle With Holes"],"picked":"Backstab"},{"not_picked":["Sucker Punch","PiercingWail"],"picked":"Acrobatics"}],"player_experience":17928,"potions_floor_usage":[16,16],"damage_taken":[{"damage":0,"enemies":"2 Louse","floor":1,"turns":3},{"damage":0,"enemies":"Cultist","floor":2,"turns":4},{"damage":5,"enemies":"Small Slimes","floor":4,"turns":3},{"damage":2,"enemies":"3 Louse","floor":8,"turns":4},{"damage":0,"enemies":"Large Slime","floor":10,"turns":7},{"damage":0,"enemies":"Red Slaver","floor":11,"turns":3},{"damage":0,"enemies":"Exordium Wildlife","floor":14,"turns":4},{"damage":13,"enemies":"Slime Boss","floor":16,"turns":15},{"damage":0,"enemies":"Spheric Guardian","floor":18,"turns":3},{"damage":5,"enemies":"Shell Parasite","floor":22,"turns":3},{"damage":0,"enemies":"Book of Stabbing","floor":23,"turns":6},{"damage":5,"enemies":"Sentry and Sphere","floor":24,"turns":4},{"damage":6,"enemies":"Slaver and Parasite","floor":25,"turns":4},{"damage":4,"enemies":"Centurion and Healer","floor":27,"turns":4},{"damage":4,"enemies":"Chosen and Byrds","floor":31,"turns":6},{"damage":9,"enemies":"Automaton","floor":33,"turns":8},{"damage":0,"enemies":"3 Darklings","floor":35,"turns":4},{"damage":21,"enemies":"3 Shapes","floor":36,"turns":4},{"damage":14,"enemies":"3 Darklings","floor":39,"turns":5},{"damage":10,"enemies":"Nemesis","floor":40,"turns":4},{"damage":6,"enemies":"Maw","floor":41,"turns":5},{"damage":0,"enemies":"Sphere and 2 Shapes","floor":45,"turns":2},{"damage":7,"enemies":"Giant Head","floor":48,"turns":5},{"damage":9,"enemies":"Donu and Deca","floor":50,"turns":7}],"event_choices":[{"event_name":"Bonfire Elementals","player_choice":"UNCOMMON","floor":5,"damage_taken":0},{"event_name":"Liars Game","player_choice":"agreed","floor":7,"damage_taken":0},{"event_name":"The Library","player_choice":"Read","floor":20,"damage_taken":0},{"event_name":"N\u0027loth","player_choice":"Ignored","floor":21,"damage_taken":0},{"event_name":"Back to Basics","player_choice":"Elegance","floor":29,"damage_taken":0},{"event_name":"Purifier","player_choice":"One Purge","floor":42,"damage_taken":0}],"boss_relics":[{"not_picked":["Eternal Feather","Snecko Eye"],"picked":"Sozu"},{"not_picked":["Runic Dome","Calling Bell"],"picked":"Philosopher\u0027s Stone"}],"potions_floor_spawned":[2,4,8,11,22,25,27,31,35,41,45],"seed_played":"-5083924303244926938","ascension_level":0,"is_trial":false}