{"gold_per_floor":[115,126,144,163,180,180,243,257,257,257,257,257,274,309,309,309],"floor_reached":16,"playtime":1322,"items_purged":[],"score":257,"play_id":"6dad1034-beb1-4771-be17-2564f268afc8","local_time":"20190113150921","is_ascension_mode":true,"campfire_choices":[{"data":"Self Repair","floor":6.0,"key":"SMITH"},{"data":"Zap","floor":10,"key":"SMITH"},{"data":"Dualcast","floor":12,"key":"SMITH"},{"data":"Ball Lightning","floor":15,"key":"SMITH"}],"neow_cost":"PERCENT_DAMAGE","seed_source_timestamp":0,"circlet_count":0,"master_deck":["AscendersBane","Strike_B","Strike_B","Strike_B","Defend_B","Defend_B","Defend_B","Defend_B","Zap+1","Dualcast+1","Ball Lightning+1","Glacier","Self Repair+1","Auto Shields","Chill","Leap","Coolheaded"],"special_seed":0,"relics":["Cracked Core","FossilizedHelix","Tiny Chest","Dream Catcher","Lantern"],"potions_floor_usage":[8],"damage_taken":[{"damage":0.0,"enemies":"2 Louse","floor":1.0,"turns":3.0},{"damage":0.0,"enemies":"Cultist","floor":2.0,"turns":2.0},{"damage":0.0,"enemies":"Jaw Worm","floor":3.0,"turns":2.0},{"damage":8.0,"enemies":"3 Louse","floor":4.0,"turns":3.0},{"damage":22.0,"enemies":"Lots of Slimes","floor":5.0,"turns":5.0},{"damage":9.0,"enemies":"Gremlin Nob","floor":7.0,"turns":6.0},{"damage":0,"enemies":"Large Slime","floor":8,"turns":7},{"damage":0,"enemies":"3 Louse","floor":13,"turns":4},{"damage":0,"enemies":"3 Sentries","floor":14,"turns":14},{"damage":57,"enemies":"Hexaghost","floor":16,"turns":16}],"seed_played":"-5518888693186944008","potions_obtained":[{"floor":2.0,"key":"GamblersBrew"},{"floor":3.0,"key":"AttackPotion"},{"floor":8,"key":"FocusPotion"},{"floor":14,"key":"SteroidPotion"}],"is_trial":false,"path_per_floor":["M","M","M","M","M","R","E","M","T","R","?","R","M","E","R","B"],"character_chosen":"DEFECT","items_purchased":[],"campfire_rested":0,"item_purchase_floors":[],"current_hp_per_floor":[46,46,46,38,23,23,24,34,34,34,34,34,44,54,54,0],"gold":309,"neow_bonus":"ONE_RARE_RELIC","is_prod":false,"is_daily":false,"chose_seed":false,"campfire_upgraded":4,"win_rate":0,"timestamp":1547420961,"path_taken":["M","M","M","M","M","R","E","M","T","R","?","R","?","E","R","BOSS"],"build_version":"2019-01-10","purchased_purges":0,"victory":false,"max_hp_per_floor":[71,71,71,71,71,71,71,71,71,71,71,71,71,71,71,71],"card_choices":[{"not_picked":["Gash","Redo"],"picked":"Ball Lightning","floor":1.0},{"not_picked":["Rip and Tear","Rebound","Compile Driver"],"picked":"SKIP","floor":2.0},{"not_picked":["Barrage","Hello World"],"picked":"Glacier","floor":3.0},{"not_picked":["Steam","Streamline"],"picked":"Self Repair","floor":4.0},{"not_picked":["Recycle","Beam Cell"],"picked":"Auto Shields","floor":5.0},{"not_picked":["Storm","Steam Power"],"picked":"Chill","floor":7.0},{"not_picked":["Fusion","Double Energy"],"picked":"Leap","floor":8},{"not_picked":["Stack","Rebound"],"picked":"Coolheaded","floor":13},{"not_picked":["Compile Driver","Double Energy","Barrage"],"picked":"SKIP","floor":14}],"player_experience":1122349,"relics_obtained":[{"floor":7.0,"key":"Tiny Chest"},{"floor":9,"key":"Dream Catcher"},{"floor":14,"key":"Lantern"}],"event_choices":[{"cards_removed":["Strike_B"],"damage_healed":0,"gold_gain":0,"player_choice":"Purged","damage_taken":0,"max_hp_gain":0,"max_hp_loss":0,"event_name":"Purifier","floor":11,"gold_loss":0}],"is_beta":false,"boss_relics":[],"items_purged_floors":[],"is_endless":false,"potions_floor_spawned":[2,3,8,14],"killed_by":"Hexaghost","ascension_level":17}