{"gold_per_floor":[110,130,130,146,165,165,178,213,213,213,58,58,58,88,88,160,160,174,187,207,218,218,230,230,155,155,155,174,186,198,230,230,230],"floor_reached":33,"playtime":1651,"items_purged":[],"score":474,"play_id":"0cd1bfc8-3ff1-4ca4-8353-dd90f10ec050","local_time":"20180915052916","is_ascension_mode":true,"campfire_choices":[{"data":"Noxious Fumes","floor":6,"key":"SMITH"},{"data":"Venomology","floor":10,"key":"SMITH"},{"floor":15,"key":"REST"},{"floor":24,"key":"REST"},{"floor":27,"key":"REST"},{"floor":32,"key":"REST"}],"neow_cost":"NONE","seed_source_timestamp":67855677191109,"circlet_count":0,"master_deck":["Defend_G","Defend_G","Defend_G","Defend_G","Defend_G","Strike_G+1","Survivor","Neutralize","AscendersBane","Poisoned Stab+1","Predator","Leg Sweep","Noxious Fumes+1","Footwork","Venomology+1","Adrenaline","Backflip+1","Backflip","Poisoned Stab+1","Noxious Fumes+1","Bouncing Flask","Dodge and Roll","Backstab","Dash","Expertise+1"],"relics":["Ring of the Snake","PreservedInsect","The Specimen","Bronze Scales","Pantograph","HoveringKite","Mummified Hand","Girya"],"potions_floor_usage":[8,16,19,19,21,21,23,23,28,28,29,29,31,31,33,33],"damage_taken":[{"damage":9,"enemies":"2 Louse","floor":1,"turns":4},{"damage":1,"enemies":"Cultist","floor":2,"turns":3},{"damage":2,"enemies":"Jaw Worm","floor":4,"turns":4},{"damage":4,"enemies":"3 Louse","floor":5,"turns":5},{"damage":11,"enemies":"Exordium Wildlife","floor":7,"turns":6},{"damage":11,"enemies":"Gremlin Nob","floor":8,"turns":6},{"damage":21,"enemies":"The Guardian","floor":16,"turns":10},{"damage":11,"enemies":"Chosen","floor":18,"turns":5},{"damage":0,"enemies":"3 Byrds","floor":19,"turns":3},{"damage":23,"enemies":"Sentry and Sphere","floor":20,"turns":6},{"damage":12,"enemies":"Shelled Parasite and Fungi","floor":21,"turns":5},{"damage":15,"enemies":"Snecko","floor":23,"turns":4},{"damage":19,"enemies":"3 Cultists","floor":28,"turns":4},{"damage":0,"enemies":"Centurion and Healer","floor":29,"turns":5},{"damage":3,"enemies":"Snecko","floor":30,"turns":4},{"damage":8,"enemies":"Gremlin Leader","floor":31,"turns":6},{"damage":62,"enemies":"Collector","floor":33,"turns":7}],"seed_played":"3447579107537470092","potions_obtained":[{"floor":2,"key":"Ancient Potion"},{"floor":4,"key":"Energy Potion"},{"floor":16,"key":"LiquidBronze"},{"floor":21,"key":"Weak Potion"},{"floor":23,"key":"PowerPotion"},{"floor":28,"key":"LiquidBronze"},{"floor":31,"key":"LiquidBronze"}],"is_trial":false,"path_per_floor":["M","M","?","M","M","R","M","E","T","R","$","?","?","?","R","B",null,"M","M","M","M","?","M","R","?","T","R","M","M","M","E","R"],"character_chosen":"THE_SILENT","items_purchased":["Bronze Scales"],"campfire_rested":4,"item_purchase_floors":[11],"current_hp_per_floor":[56,55,55,53,49,49,38,27,27,27,27,5,5,5,26,30,62,51,51,28,16,16,1,22,22,22,43,24,24,21,13,34,0],"gold":230,"neow_bonus":"TEN_PERCENT_HP_BONUS","is_prod":false,"is_daily":false,"chose_seed":false,"campfire_upgraded":2,"win_rate":0,"timestamp":1537014556,"path_taken":["M","M","?","M","M","R","M","E","T","R","$","?","?","?","R","BOSS","M","M","M","M","?","?","R","?","T","R","M","M","M","E","R","BOSS"],"build_version":"2018-09-06","purchased_purges":0,"victory":false,"max_hp_per_floor":[72,72,72,72,72,72,72,72,72,72,72,72,72,72,72,72,72,72,72,72,72,72,72,72,72,72,72,72,72,72,72,72,72],"card_choices":[{"not_picked":["Underhanded Strike","Blade Dance"],"picked":"Poisoned Stab","floor":1},{"not_picked":["Backflip","Underhanded Strike"],"picked":"Predator","floor":2},{"not_picked":["Acrobatics","Flying Knee"],"picked":"Leg Sweep","floor":4},{"not_picked":["Catalyst","Poisoned Stab"],"picked":"Noxious Fumes","floor":5},{"not_picked":["Well Laid Plans","Deadly Poison"],"picked":"Footwork","floor":7},{"not_picked":["Choke","Dagger Throw"],"picked":"Venomology","floor":8},{"not_picked":["Malaise","Venomology"],"picked":"Adrenaline","floor":16},{"not_picked":["Deflect","Cloak And Dagger+1"],"picked":"Backflip+1","floor":18},{"not_picked":["Dagger Throw","PiercingWail"],"picked":"Backflip","floor":19},{"not_picked":["Prepared","Dagger Throw"],"picked":"Poisoned Stab+1","floor":20},{"not_picked":["Flying Knee","Blade Dance"],"picked":"Noxious Fumes+1","floor":21},{"not_picked":["Poisoned Stab","Acrobatics"],"picked":"Dodge and Roll","floor":23},{"not_picked":["Dagger Throw+1","Calculated Gamble"],"picked":"Backstab","floor":28},{"not_picked":["Deadly Poison","Outmaneuver"],"picked":"Dash","floor":29},{"not_picked":["Poisoned Stab","Unload"],"picked":"Expertise+1","floor":30},{"not_picked":["Deflect","Heel Hook","Eviscerate+1"],"picked":"SKIP","floor":31}],"player_experience":826049,"relics_obtained":[{"floor":8,"key":"PreservedInsect"},{"floor":9,"key":"The Specimen"},{"floor":26,"key":"Mummified Hand"},{"floor":31,"key":"Girya"}],"event_choices":[{"event_name":"Bonfire Elementals","player_choice":"BASIC","floor":3,"damage_taken":0},{"event_name":"Shining Light","player_choice":"Entered Light","floor":12,"damage_taken":0},{"event_name":"Living Wall","player_choice":"Forget","floor":13,"damage_taken":0},{"event_name":"Dead Adventurer","player_choice":"Searched \u00273\u0027 times","floor":14,"damage_taken":0},{"event_name":"Transmorgrifier","player_choice":"Transform","floor":22,"damage_taken":0},{"event_name":"Beggar","player_choice":"Gave Gold","floor":25,"damage_taken":0}],"is_beta":false,"boss_relics":[{"not_picked":["Astrolabe","Empty Cage"],"picked":"HoveringKite"}],"items_purged_floors":[],"is_endless":false,"potions_floor_spawned":[2,4,16,18,21,23,28,31],"killed_by":"Collector","ascension_level":15}