{"gold_per_floor":[114,129,129,144,159,189,189,17,92,92,92,107,122,137,137,237,237,252,252,267,282,297,297,327,342,342,357,357,372,372,86,86,186,186,201,216,216],"floor_reached":37,"playtime":3410,"items_purged":[],"score":422,"play_id":"a72f6400-4a3a-447b-9226-2471bc1ff297","local_time":"20180808170408","daily_mods":["Allstar","Uncertain Future","Night Terrors"],"is_ascension_mode":false,"campfire_choices":[{"floor":7,"key":"REST"},{"data":"Magnetism","floor":10,"key":"SMITH"},{"floor":15,"key":"REST"},{"data":"Thunder Strike","floor":23,"key":"SMITH"},{"floor":28,"key":"REST"},{"floor":32,"key":"REST"}],"neow_cost":"","seed_source_timestamp":0,"circlet_count":0,"master_deck":["Strike_B","Strike_B","Strike_B","Strike_B","Defend_B","Defend_B","Defend_B","Defend_B","Zap","Dualcast","Deep Breath","Jack Of All Trades","Magnetism+1","Purity","Hello World+1","Compile Driver","Gash","Tempest","Stack","Conserve Battery","Go for the Eyes","Hologram","Leap","Thunder Strike+1","White Noise","Glacier","Genetic Algorithm","Coolheaded","Conserve Battery","Sunder","Gash","Gash","Defragment","Echo Form","Sunder","Coolheaded+1"],"special_seed":17751,"relics":["Cracked Core","Sundial","Oddly Smooth Stone","Bottled Flame","Snecko Eye","Regal Pillow","Cables","Runic Capacitor","Eternal Feather"],"potions_floor_usage":[6,6,21,21,33,33,36,36],"damage_taken":[{"damage":0,"enemies":"Small Slimes","floor":1,"turns":3},{"damage":11,"enemies":"Jaw Worm","floor":2,"turns":2},{"damage":0,"enemies":"Cultist","floor":4,"turns":4},{"damage":38,"enemies":"Gremlin Gang","floor":5,"turns":5},{"damage":14,"enemies":"Gremlin Nob","floor":6,"turns":4},{"damage":21,"enemies":"3 Louse","floor":12,"turns":4},{"damage":26,"enemies":"Lots of Slimes","floor":13,"turns":4},{"damage":3,"enemies":"Red Slaver","floor":14,"turns":5},{"damage":46,"enemies":"The Guardian","floor":16,"turns":10},{"damage":10,"enemies":"2 Thieves","floor":18,"turns":4},{"damage":10,"enemies":"Shell Parasite","floor":20,"turns":5},{"damage":7,"enemies":"Snake Plant","floor":21,"turns":7},{"damage":13,"enemies":"Slaver and Parasite","floor":22,"turns":7},{"damage":31,"enemies":"Book of Stabbing","floor":24,"turns":9},{"damage":8,"enemies":"Cultist and Chosen","floor":25,"turns":6},{"damage":11,"enemies":"Snecko","floor":27,"turns":5},{"damage":29,"enemies":"3 Cultists","floor":29,"turns":5},{"damage":32,"enemies":"Collector","floor":33,"turns":8},{"damage":4,"enemies":"Orb Walker","floor":35,"turns":3},{"damage":32,"enemies":"3 Darklings","floor":36,"turns":6},{"damage":30,"enemies":"Maw","floor":37,"turns":8}],"seed_played":"-1865023326789257994","potions_obtained":[{"floor":2,"key":"LiquidBronze"},{"floor":4,"key":"EssenceOfSteel"},{"floor":13,"key":"SpeedPotion"},{"floor":16,"key":"Regen Potion"},{"floor":18,"key":"Regen Potion"},{"floor":25,"key":"PowerPotion"},{"floor":33,"key":"Energy Potion"},{"floor":36,"key":"Weak Potion"}],"is_trial":false,"path_per_floor":["M","M","?","M","M","E","R","$","T","R","?","M","M","M","R","B",null,"M","?","M","M","M","R","E","M","T","M","R","M","?","$","R","B",null,"M","M"],"character_chosen":"DEFECT","items_purchased":["Conserve Battery","Oddly Smooth Stone","Defragment","Runic Capacitor","PowerPotion"],"campfire_rested":4,"item_purchase_floors":[8,8,31,31,31],"current_hp_per_floor":[75,64,64,64,26,12,70,70,70,70,80,59,33,30,75,29,75,65,65,55,75,62,62,31,23,23,12,70,41,41,41,65,33,65,61,29,0],"gold":216,"neow_bonus":"","is_prod":false,"is_daily":true,"chose_seed":false,"campfire_upgraded":2,"win_rate":0,"timestamp":1533740648,"path_taken":["M","M","?","?","M","E","R","$","T","R","?","M","M","M","R","BOSS","M","?","M","?","M","R","E","M","T","M","R","M","?","$","R","BOSS","M","M","M"],"build_version":"2018-08-02","purchased_purges":0,"victory":false,"max_hp_per_floor":[75,75,75,75,75,75,70,70,70,70,80,80,80,80,75,75,75,75,75,75,75,75,75,75,75,75,75,70,70,70,70,65,65,65,65,65,65],"card_choices":[{"not_picked":["Sweeping Beam","Leap"],"picked":"Hello World","floor":1},{"not_picked":["Steam","Chaos"],"picked":"Compile Driver","floor":2},{"not_picked":["Ball Lightning","Beam Cell"],"picked":"Gash","floor":4},{"not_picked":["Barrage","Meteor Strike"],"picked":"Tempest","floor":5},{"not_picked":["All For One","Turbo"],"picked":"Stack","floor":6},{"not_picked":["Rebound","Streamline"],"picked":"Go for the Eyes","floor":12},{"not_picked":["Coolheaded","Compile Driver"],"picked":"Hologram","floor":13},{"not_picked":["Steam","Chaos"],"picked":"Leap","floor":14},{"not_picked":["Reboot","Meteor Strike"],"picked":"Thunder Strike","floor":16},{"not_picked":["Streamline","Redo"],"picked":"White Noise","floor":18},{"not_picked":["Steam Power+1","Compile Driver"],"picked":"Genetic Algorithm","floor":20},{"not_picked":["Compile Driver","Melter+1","Streamline+1"],"picked":"SKIP","floor":21},{"not_picked":["Streamline+1","Conserve Battery"],"picked":"Coolheaded","floor":22},{"not_picked":["Rainbow","Darkness"],"picked":"Conserve Battery","floor":24},{"not_picked":["Go for the Eyes","Double Energy"],"picked":"Sunder","floor":25},{"not_picked":["Leap","Rebound"],"picked":"Gash","floor":27},{"not_picked":["Ball Lightning+1","Steam Power"],"picked":"Gash","floor":29},{"not_picked":["Rainbow","Meteor Strike"],"picked":"Echo Form","floor":33},{"not_picked":["Lockon+1","Streamline+1"],"picked":"Sunder","floor":35},{"not_picked":["Genetic Algorithm+1","Fusion+1"],"picked":"Coolheaded+1","floor":36}],"player_experience":97154,"relics_obtained":[{"floor":6,"key":"Sundial"},{"floor":9,"key":"Bottled Flame"},{"floor":24,"key":"Regal Pillow"},{"floor":26,"key":"Cables"}],"event_choices":[{"event_name":"Living Wall","player_choice":"Grow","floor":3,"damage_taken":0},{"event_name":"Bonfire Elementals","player_choice":"RARE","floor":11,"damage_taken":0},{"event_name":"The Library","player_choice":"Read","floor":19,"damage_taken":0},{"event_name":"Ghosts","player_choice":"Ignored","floor":30,"damage_taken":0}],"is_beta":false,"boss_relics":[{"not_picked":["Calling Bell","Astrolabe"],"picked":"Snecko Eye"},{"not_picked":["Fusion Hammer","Empty Cage"],"picked":"Eternal Feather"}],"items_purged_floors":[],"is_endless":false,"potions_floor_spawned":[2,4,13,16,18,20,25,33,36],"killed_by":"Maw","ascension_level":0}