{"gold_per_floor":[111,130,140,159,172,206,206,223,246,263,263,263,263,87,87,183,183,183,123,123,48,48,48,48,48,48,48,48,48,48,48,48,48,48,48,48,48,48,48,48,0,0,0,0,0,0,0,0,0,0],"floor_reached":51,"playtime":4286,"items_purged":["Strike_R"],"score":803,"play_id":"74bd76f4-f03b-49fc-93ff-531cdbf1d9f5","local_time":"20181010200701","is_ascension_mode":false,"campfire_choices":[{"data":"Feed","floor":7.0,"key":"SMITH"},{"data":"Infernal Blade","floor":11.0,"key":"SMITH"},{"data":"Clothesline","floor":15.0,"key":"SMITH"},{"data":"Carnage","floor":23.0,"key":"SMITH"},{"data":"Spot Weakness","floor":25.0,"key":"SMITH"},{"data":"Armaments","floor":27.0,"key":"SMITH"},{"data":"Iron Wave","floor":32,"key":"SMITH"},{"data":"Bash","floor":47,"key":"SMITH"},{"floor":49,"key":"REST"}],"neow_cost":"NONE","seed_source_timestamp":0,"circlet_count":0,"master_deck":["Strike_R","Strike_R","Strike_R","Defend_R","Defend_R","Defend_R","Defend_R","Bash+1","Clothesline+1","Infernal Blade+1","True Grit","Armaments+1","Feed+1","Spot Weakness+1","Iron Wave+1","True Grit+1","Warcry+1","Carnage+1","Shockwave+1","Metallicize+1","Warcry+1","Havoc+1","Offering+1","Havoc+1","Pommel Strike+1","Dropkick","Iron Wave","Iron Wave+1","Inflame+1","Disarm+1","True Grit+1","Whirlwind+1","Iron Wave+1"],"special_seed":0,"relics":["Burning Blood","Bag of Preparation","Orichalcum","Toxic Egg 2","Ectoplasm","Unceasing Top","Kunai","Ancient Tea Set","Smiling Mask","MawBank","Omamori","Runic Dome","Champion Belt","Ginger","Lantern","Ice Cream","Magic Flower"],"potions_floor_usage":[40,50,50],"damage_taken":[{"damage":7.0,"enemies":"Small Slimes","floor":1.0,"turns":4.0},{"damage":9.0,"enemies":"Jaw Worm","floor":2.0,"turns":4.0},{"damage":4.0,"enemies":"2 Louse","floor":3.0,"turns":2.0},{"damage":12.0,"enemies":"Large Slime","floor":4.0,"turns":7.0},{"damage":4.0,"enemies":"Blue Slaver","floor":5.0,"turns":4.0},{"damage":29.0,"enemies":"Gremlin Nob","floor":6.0,"turns":6.0},{"damage":11.0,"enemies":"Looter","floor":8.0,"turns":4.0},{"damage":2.0,"enemies":"3 Louse","floor":10.0,"turns":3.0},{"damage":53.0,"enemies":"Hexaghost","floor":16.0,"turns":16.0},{"damage":3.0,"enemies":"3 Byrds","floor":18.0,"turns":8.0},{"damage":16.0,"enemies":"2 Thieves","floor":19.0,"turns":4.0},{"damage":6.0,"enemies":"Snecko","floor":20.0,"turns":6.0},{"damage":10.0,"enemies":"Colosseum Slavers","floor":22.0,"turns":6.0},{"damage":11.0,"enemies":"Colosseum Nobs","floor":22.0,"turns":6.0},{"damage":14.0,"enemies":"Book of Stabbing","floor":24.0,"turns":5.0},{"damage":1.0,"enemies":"Snake Plant","floor":28.0,"turns":5.0},{"damage":10.0,"enemies":"Slavers","floor":29.0,"turns":4.0},{"damage":6,"enemies":"Centurion and Healer","floor":31,"turns":5},{"damage":34,"enemies":"Collector","floor":33,"turns":9},{"damage":0,"enemies":"3 Shapes","floor":35,"turns":4},{"damage":12,"enemies":"Mind Bloom Boss Battle","floor":36,"turns":7},{"damage":9,"enemies":"Orb Walker","floor":37,"turns":5},{"damage":6,"enemies":"Mysterious Sphere","floor":38,"turns":5},{"damage":12,"enemies":"Spire Growth","floor":39,"turns":3},{"damage":43,"enemies":"Nemesis","floor":40,"turns":9},{"damage":6,"enemies":"2 Orb Walkers","floor":42,"turns":4},{"damage":3,"enemies":"Sphere and 2 Shapes","floor":44,"turns":4},{"damage":14,"enemies":"Maw","floor":45,"turns":5},{"damage":9,"enemies":"4 Shapes","floor":46,"turns":4},{"damage":20,"enemies":"Sphere and 2 Shapes","floor":48,"turns":1},{"damage":21,"enemies":"Time Eater","floor":50,"turns":9}],"seed_played":"-4514666001660806599","potions_obtained":[{"floor":3.0,"key":"Block Potion"},{"floor":5.0,"key":"SpeedPotion"},{"floor":6.0,"key":"EntropicBrew"},{"floor":8.0,"key":"Fire Potion"},{"floor":18.0,"key":"GamblersBrew"},{"floor":24.0,"key":"SkillPotion"},{"floor":29.0,"key":"AttackPotion"},{"floor":35,"key":"Block Potion"},{"floor":48,"key":"EssenceOfSteel"}],"is_trial":false,"path_per_floor":["M","M","M","M","M","E","R","M","T","M","R","?","?","$","R","B",null,"M","M","M","?","?","R","E","R","T","R","M","E","?","M","R","B",null,"M","?","M","?","M","E","$","E","T","M","M","M","R","M","R","B"],"character_chosen":"IRONCLAD","items_purchased":["True Grit+1","Warcry+1","Explosive Potion"],"campfire_rested":1,"item_purchase_floors":[14,14,41],"current_hp_per_floor":[87,84,86,80,82,59,59,58,58,66,66,66,59,59,59,16,100,104,98,98,98,97,97,93,93,93,93,102,102,102,106,106,78,132,136,130,131,135,129,92,92,96,96,108,109,115,115,104,152,160],"gold":0,"neow_bonus":"TEN_PERCENT_HP_BONUS","is_prod":false,"is_daily":false,"chose_seed":false,"campfire_upgraded":8,"win_rate":0,"timestamp":1539227221,"path_taken":["M","M","M","M","M","E","R","M","T","M","R","?","?","$","R","BOSS","M","M","M","?","?","R","E","R","T","R","?","E","?","M","R","BOSS","M","?","M","?","M","E","?","E","T","?","?","M","R","M","R","BOSS"],"build_version":"2018-10-04v2","purchased_purges":1,"victory":true,"max_hp_per_floor":[88,88,88,88,88,88,88,92,92,96,96,96,96,96,96,100,100,104,108,108,108,116,116,120,120,120,120,124,128,128,132,132,132,132,136,136,140,144,144,144,144,148,148,152,156,160,160,160,160,160],"card_choices":[{"not_picked":["Anger","Rupture"],"picked":"Clothesline","floor":1.0},{"not_picked":["Headbutt","Corruption"],"picked":"Infernal Blade","floor":2.0},{"not_picked":["Heavy Blade","Twin Strike"],"picked":"True Grit","floor":3.0},{"not_picked":["Wild Strike","Sword Boomerang"],"picked":"Armaments","floor":4.0},{"not_picked":["Flex","Infernal Blade","Body Slam"],"picked":"SKIP","floor":5.0},{"not_picked":["Perfected Strike","Reckless Charge"],"picked":"Feed","floor":6.0},{"not_picked":["Wild Strike","Power Through"],"picked":"Spot Weakness","floor":8.0},{"not_picked":["Sentinel","Flex"],"picked":"Iron Wave","floor":10.0},{"not_picked":["Perfected Strike","Searing Blow"],"picked":"Carnage","floor":18.0},{"not_picked":["Dual Wield+1","Iron Wave"],"picked":"Shockwave+1","floor":19.0},{"not_picked":["Uppercut","Hemokinesis"],"picked":"Metallicize+1","floor":20.0},{"not_picked":["Sword Boomerang","Dark Embrace"],"picked":"Warcry+1","floor":24.0},{"not_picked":["Hemokinesis","Dropkick","Armaments+1"],"picked":"SKIP","floor":28.0},{"not_picked":["Intimidate+1","Armaments+1","Twin Strike+1"],"picked":"SKIP","floor":29.0},{"not_picked":["Bloodletting+1","Combust"],"picked":"Havoc+1","floor":31},{"not_picked":["Double Tap+1","Bludgeon"],"picked":"Offering+1","floor":33},{"not_picked":["Sword Boomerang+1","Burning Pact+1"],"picked":"Havoc+1","floor":35},{"not_picked":["Fire Breathing","Second Wind+1"],"picked":"Pommel Strike+1","floor":36},{"not_picked":["Headbutt","Rupture"],"picked":"Dropkick","floor":37},{"not_picked":["Rampage","Combust+1"],"picked":"Iron Wave","floor":38},{"not_picked":["Barricade","Spot Weakness+1"],"picked":"Iron Wave+1","floor":39},{"not_picked":["Evolve","Heavy Blade"],"picked":"Inflame+1","floor":40},{"not_picked":["Whirlwind","Offering+1"],"picked":"Disarm+1","floor":42},{"not_picked":["Perfected Strike","Armaments+1","Cleave+1"],"picked":"SKIP","floor":44},{"not_picked":["Body Slam","Entrench+1"],"picked":"True Grit+1","floor":45},{"not_picked":["Sword Boomerang+1","Clash"],"picked":"Whirlwind+1","floor":46},{"not_picked":["Wild Strike+1","True Grit+1"],"picked":"Iron Wave+1","floor":48}],"player_experience":921345,"relics_obtained":[{"floor":6.0,"key":"Bag of Preparation"},{"floor":9.0,"key":"Orichalcum"},{"floor":22.0,"key":"Unceasing Top"},{"floor":22.0,"key":"Kunai"},{"floor":24.0,"key":"Ancient Tea Set"},{"floor":26.0,"key":"Smiling Mask"},{"floor":29.0,"key":"MawBank"},{"floor":36,"key":"Champion Belt"},{"floor":38,"key":"Ginger"},{"floor":40,"key":"Lantern"},{"floor":42,"key":"Ice Cream"},{"floor":43,"key":"Magic Flower"}],"event_choices":[{"event_name":"Big Fish","player_choice":"Box","floor":12.0,"damage_taken":0.0},{"event_name":"Golden Wing","player_choice":"Card Removal","floor":13.0,"damage_taken":0.0},{"event_name":"Beggar","player_choice":"Gave Gold","floor":21.0,"damage_taken":0.0},{"event_name":"Colosseum","player_choice":"Fight","floor":22.0,"damage_taken":0.0},{"event_name":"Colosseum","player_choice":"Fought Nobs","floor":22.0,"damage_taken":0.0},{"event_name":"Addict","player_choice":"Stole Relic","floor":30,"damage_taken":0},{"event_name":"MindBloom","player_choice":"Fight","floor":36,"damage_taken":0},{"event_name":"Mysterious Sphere","player_choice":"Fight","floor":38,"damage_taken":0}],"is_beta":false,"boss_relics":[{"not_picked":["Black Blood","Runic Cube"],"picked":"Ectoplasm"},{"not_picked":["Black Star","Snecko Eye"],"picked":"Runic Dome"}],"items_purged_floors":[14],"is_endless":false,"potions_floor_spawned":[3,5,6,8,18,22,24,28,29,35,36,37,38,46,48],"ascension_level":0}