{"gold_per_floor":[116,132,147,72,72,72,84,145,145,295,295,308,327,358,358,436,436,453,453],"floor_reached":19,"playtime":677,"items_purged":["Defend_B"],"score":405,"play_id":"50a717dd-2b23-4c1d-8d58-7ef680fcdede","local_time":"20190123195812","is_ascension_mode":true,"campfire_choices":[{"data":"Zap","floor":6,"key":"SMITH"},{"data":"Dualcast","floor":11,"key":"SMITH"},{"data":"Defragment","floor":15,"key":"SMITH"}],"neow_cost":"TEN_PERCENT_HP_LOSS","seed_source_timestamp":38096916657889,"circlet_count":0,"master_deck":["AscendersBane","Strike_B","Defend_B","Defend_B","Zap+1","Dualcast+1","Conserve Battery","Undo","Ball Lightning","Ball Lightning","Self Repair","Seek","Defragment+1","Buffer"],"relics":["Cracked Core","Du-Vu Doll","Dead Branch","Kunai","Empty Cage"],"potions_floor_usage":[13,13,16,19],"damage_taken":[{"damage":0,"enemies":"2 Louse","floor":1,"turns":3},{"damage":2,"enemies":"Jaw Worm","floor":2,"turns":4},{"damage":2,"enemies":"Small Slimes","floor":3,"turns":4},{"damage":1,"enemies":"Blue Slaver","floor":7,"turns":3},{"damage":23,"enemies":"Gremlin Nob","floor":8,"turns":4},{"damage":4,"enemies":"2 Fungi Beasts","floor":12,"turns":4},{"damage":1,"enemies":"Lots of Slimes","floor":13,"turns":3},{"damage":10,"enemies":"3 Sentries","floor":14,"turns":6},{"damage":0,"enemies":"Slime Boss","floor":16,"turns":4},{"damage":30,"enemies":"3 Byrds","floor":18,"turns":4},{"damage":37,"enemies":"Masked Bandits","floor":19,"turns":3}],"seed_played":"6551974436382140","potions_obtained":[{"floor":1,"key":"LiquidBronze"},{"floor":8,"key":"EntropicBrew"},{"floor":18,"key":"SteroidPotion"}],"is_trial":false,"path_per_floor":["M","M","M","$","?","R","M","?","T","?","R","M","M","E","R","B",null,"M","?"],"character_chosen":"DEFECT","items_purchased":[],"campfire_rested":0,"item_purchase_floors":[],"current_hp_per_floor":[64,62,60,60,53,53,52,29,29,29,29,32,38,35,35,42,59,36,0],"gold":453,"neow_bonus":"REMOVE_TWO","is_prod":false,"is_daily":false,"chose_seed":false,"campfire_upgraded":3,"win_rate":0,"timestamp":1548302292,"path_taken":["M","M","M","$","?","R","M","?","T","?","R","M","M","E","R","BOSS","M","?"],"build_version":"2019-01-23","purchased_purges":1,"victory":false,"max_hp_per_floor":[64,64,64,64,64,64,64,64,64,64,64,64,64,64,64,64,64,64,64],"card_choices":[{"not_picked":["Go for the Eyes","Turbo"],"picked":"Conserve Battery","floor":1},{"not_picked":["Heatsinks","Melter"],"picked":"Undo","floor":2},{"not_picked":["Undo","Redo"],"picked":"Ball Lightning","floor":3},{"not_picked":["Conserve Battery","Doom and Gloom"],"picked":"Ball Lightning","floor":7},{"not_picked":["Leap","Aggregate"],"picked":"Self Repair","floor":8},{"not_picked":["Darkness","Barrage"],"picked":"Seek","floor":12},{"not_picked":["Blizzard","Double Energy","Sweeping Beam"],"picked":"SKIP","floor":13},{"not_picked":["Streamline","Cold Snap"],"picked":"Defragment","floor":14},{"not_picked":["Amplify","All For One"],"picked":"Buffer","floor":16},{"not_picked":["Turbo","Barrage","Melter"],"picked":"SKIP","floor":18}],"player_experience":1157776,"relics_obtained":[{"floor":8,"key":"Du-Vu Doll"},{"floor":9,"key":"Dead Branch"},{"floor":14,"key":"Kunai"}],"event_choices":[{"cards_removed":["Defend_B"],"damage_healed":0,"gold_gain":0,"player_choice":"Card Removal","damage_taken":7,"max_hp_gain":0,"max_hp_loss":0,"event_name":"Golden Wing","floor":5,"gold_loss":0},{"damage_healed":0,"gold_gain":0,"player_choice":"Searched \u00272\u0027 times","damage_taken":0,"max_hp_gain":0,"max_hp_loss":0,"event_name":"Dead Adventurer","floor":8,"gold_loss":0},{"damage_healed":0,"gold_gain":150,"player_choice":"AGREE","damage_taken":0,"max_hp_gain":0,"max_hp_loss":0,"event_name":"Liars Game","floor":10,"gold_loss":0,"cards_obtained":["Doubt"]},{"damage_healed":0,"gold_gain":0,"player_choice":"Fought Bandits","damage_taken":0,"max_hp_gain":0,"max_hp_loss":0,"event_name":"Masked Bandits","floor":19,"gold_loss":0}],"is_beta":false,"boss_relics":[{"not_picked":["FrozenCore","Nuclear Battery"],"picked":"Empty Cage"}],"items_purged_floors":[4],"is_endless":false,"potions_floor_spawned":[1,8,18],"killed_by":"Masked Bandits","ascension_level":17}