{"path_per_floor":["M","?","M","M","$","R","E","R","T","R","M","M","M","M","R","B",null,"M","M","?","M","$"],"character_chosen":"THE_SILENT","items_purchased":["Leg Sweep","Heel Hook","Kunai"],"gold_per_floor":[114,189,203,219,24,24,58,58,58,58,77,90,107,121,121,219,219,236,251,251,271,28,28],"floor_reached":23,"campfire_rested":3,"playtime":2158,"current_hp_per_floor":[62,51,42,34,34,55,23,44,44,65,56,56,54,54,54,29,60,52,42,42,30,30,0],"items_purged":["Strike_G"],"gold":28,"score":293,"play_id":"ae57eedd-ac60-44b5-9c76-3b8683dddf4c","local_time":"20180507201503","is_prod":false,"is_daily":false,"chose_seed":false,"is_ascension_mode":true,"campfire_upgraded":1,"timestamp":1525749303,"path_taken":["M","?","M","M","$","R","E","R","T","R","M","M","M","M","R","BOSS","M","M","?","M","$","E"],"build_version":"2018-05-03","seed_source_timestamp":24209296928630,"purchased_purges":1,"victory":false,"master_deck":["Defend_G","Defend_G","Defend_G","Defend_G","Defend_G","Strike_G","Strike_G","Strike_G","Strike_G","Survivor","Neutralize","AscendersBane","Prepared","Dagger Spray","Malaise+1","Leg Sweep","Heel Hook","Slice","Cloak And Dagger","Slice","Underhanded Strike","Dash","Envenom","Heel Hook","Slice"],"max_hp_per_floor":[70,70,70,70,70,70,70,70,70,70,70,70,70,70,70,70,70,70,70,70,70,70,70],"relics":["Ring of the Snake","Toolbox","Dream Catcher","Black Star","Unceasing Top","Kunai"],"card_choices":[{"not_picked":["Dodge and Roll","Eviscerate"],"picked":"Prepared","floor":1},{"not_picked":["Bane","Dodge and Roll"],"picked":"Dagger Spray","floor":3},{"not_picked":["Prepared","Bouncing Flask"],"picked":"Malaise","floor":4},{"not_picked":["Escape Plan","Envenom"],"picked":"Slice","floor":7},{"not_picked":["Slice","Acrobatics"],"picked":"Cloak And Dagger","floor":10},{"not_picked":["Dagger Spray","Masterful Stab"],"picked":"Slice","floor":11},{"not_picked":["Flying Knee","Dagger Throw"],"picked":"Underhanded Strike","floor":13},{"not_picked":["Distraction","Acrobatics"],"picked":"Dash","floor":14},{"not_picked":["Die Die Die","Doppelganger"],"picked":"Envenom","floor":16},{"not_picked":["Outmaneuver","Deflect"],"picked":"Heel Hook","floor":18},{"not_picked":["Acrobatics","Infinite Blades"],"picked":"Slice","floor":21}],"player_experience":429432,"potions_floor_usage":[7,12,16,23,23],"damage_taken":[{"damage":1,"enemies":"Small Slimes","floor":1,"turns":4},{"damage":9,"enemies":"2 Louse","floor":3,"turns":4},{"damage":8,"enemies":"Jaw Worm","floor":4,"turns":6},{"damage":32,"enemies":"Gremlin Nob","floor":7,"turns":6},{"damage":9,"enemies":"Large Slime","floor":11,"turns":9},{"damage":0,"enemies":"Gremlin Gang","floor":12,"turns":3},{"damage":2,"enemies":"Looter","floor":13,"turns":4},{"damage":0,"enemies":"3 Louse","floor":14,"turns":4},{"damage":25,"enemies":"The Guardian","floor":16,"turns":18},{"damage":8,"enemies":"Chosen","floor":18,"turns":7},{"damage":10,"enemies":"Shell Parasite","floor":19,"turns":7},{"damage":12,"enemies":"Snake Plant","floor":21,"turns":8},{"damage":35,"enemies":"Slavers","floor":23,"turns":5}],"event_choices":[{"event_name":"World of Goop","player_choice":"Gather Gold","floor":2,"damage_taken":0},{"event_name":"The Mausoleum","player_choice":"Yes","floor":20,"damage_taken":0}],"boss_relics":[{"not_picked":["Calling Bell","Eternal Feather"],"picked":"Black Star"}],"potions_floor_spawned":[4,11,12,14,21],"seed_played":"-1527391243903449414","killed_by":"Slavers","ascension_level":10,"is_trial":false}