{"gold_per_floor":[112,112,125,140,152,152,186,40,40,67,67,99,99,116,116,212,212,222,238,153,31,48,48,374,374,374,259,270,270,281,36,36,132,182,197,197,197,214,233,262,262,320,320,320,8,26,26,26,26,26],"floor_reached":51,"playtime":3518,"items_purged":["Strike_B","Strike_B"],"score":1315,"play_id":"ba7e2704-9a45-46c8-9ea8-2bb4ed10c156","local_time":"20180907111037","is_ascension_mode":true,"campfire_choices":[{"data":"Zap","floor":6.0,"key":"SMITH"},{"floor":11.0,"key":"REST"},{"data":"Dualcast","floor":13.0,"key":"SMITH"},{"data":"Loop","floor":15.0,"key":"SMITH"},{"floor":23.0,"key":"REST"},{"floor":25.0,"key":"REST"},{"floor":32.0,"key":"REST"},{"data":"Fission","floor":41,"key":"SMITH"},{"data":"Thunder Strike","floor":44,"key":"SMITH"},{"data":"Loop","floor":47,"key":"SMITH"},{"data":"Buffer","floor":49,"key":"SMITH"}],"neow_cost":"","seed_source_timestamp":1354445500798,"circlet_count":0,"master_deck":["Strike_B","Defend_B","Defend_B","Defend_B","Defend_B","Zap+1","Dualcast+1","AscendersBane","Compile Driver","Ball Lightning","Loop+1","Rainbow","Thunder Strike+1","White Noise","BootSequence","Conserve Battery","Electrodynamics","Capacitor","Leap+1","Loop+1","Storm+1","Conserve Battery","Seek","Heatsinks","Chaos+1","Machine Learning","Glacier","Fission+1","Leap","Storm","Leap+1","Force Field","Buffer+1","Leap","Seek","Force Field","Hologram+1"],"special_seed":0,"relics":["Cracked Core","Mummified Hand","Vajra","Ornamental Fan","Prayer Wheel","DataDisk","Runic Dome","StoneCalendar","Old Coin","Dream Catcher","Tiny House","FossilizedHelix","Kunai","Tiny Chest","Oddly Smooth Stone","Mango"],"potions_floor_usage":[35,37,40,50],"damage_taken":[{"damage":2.0,"enemies":"2 Louse","floor":1.0,"turns":2.0},{"damage":2.0,"enemies":"Jaw Worm","floor":3.0,"turns":3.0},{"damage":1.0,"enemies":"Cultist","floor":4.0,"turns":3.0},{"damage":11.0,"enemies":"3 Louse","floor":5.0,"turns":4.0},{"damage":16.0,"enemies":"Gremlin Nob","floor":7.0,"turns":3.0},{"damage":21.0,"enemies":"Lagavulin","floor":10.0,"turns":5.0},{"damage":6.0,"enemies":"Gremlin Nob","floor":12.0,"turns":3.0},{"damage":12.0,"enemies":"2 Fungi Beasts","floor":14.0,"turns":3.0},{"damage":1.0,"enemies":"Slime Boss","floor":16.0,"turns":5.0},{"damage":30.0,"enemies":"2 Thieves","floor":18.0,"turns":4.0},{"damage":0.0,"enemies":"Chosen","floor":19.0,"turns":3.0},{"damage":14.0,"enemies":"Centurion and Healer","floor":22.0,"turns":4.0},{"damage":16.0,"enemies":"Gremlin Leader","floor":24.0,"turns":5.0},{"damage":15.0,"enemies":"Snake Plant","floor":28.0,"turns":3.0},{"damage":15.0,"enemies":"Snecko","floor":30.0,"turns":4.0},{"damage":5.0,"enemies":"Collector","floor":33.0,"turns":4.0},{"damage":6,"enemies":"3 Darklings","floor":35,"turns":4},{"damage":13,"enemies":"Mind Bloom Boss Battle","floor":37,"turns":4},{"damage":0,"enemies":"3 Shapes","floor":38,"turns":2},{"damage":0,"enemies":"3 Darklings","floor":39,"turns":3},{"damage":0,"enemies":"Giant Head","floor":40,"turns":6},{"damage":0,"enemies":"Nemesis","floor":42,"turns":5},{"damage":0,"enemies":"Reptomancer","floor":46,"turns":3},{"damage":42,"enemies":"Time Eater","floor":50,"turns":6}],"seed_played":"-3913347761748411949","potions_obtained":[{"floor":3.0,"key":"Dexterity Potion"},{"floor":5.0,"key":"Regen Potion"},{"floor":10.0,"key":"AttackPotion"},{"floor":12.0,"key":"Regen Potion"},{"floor":14.0,"key":"Fire Potion"},{"floor":22.0,"key":"SteroidPotion"},{"floor":24.0,"key":"Weak Potion"},{"floor":28.0,"key":"Weak Potion"},{"floor":34.0,"key":"PowerPotion"},{"floor":35,"key":"SkillPotion"},{"floor":38,"key":"SkillPotion"},{"floor":40,"key":"Fire Potion"}],"is_trial":false,"path_per_floor":["M","?","M","M","M","R","E","$","T","E","R","E","R","M","R","B",null,"M","M","?","$","M","R","E","R","T","$","M","?","M","$","R","B",null,"M","?","?","M","M","E","R","E","T","R","$","M","R","?","R","B"],"character_chosen":"DEFECT","items_purchased":["Thunder Strike","Leap","Loop","Heatsinks","White Noise","Glacier","Mango"],"campfire_rested":4,"item_purchase_floors":[8,21,21,27,31,31,45],"current_hp_per_floor":[66,59,57,56,45,45,34,34,34,13,35,29,29,17,17,30,64,34,34,34,34,20,42,26,48,48,48,40,40,25,25,47,42,72,66,66,53,53,60,60,60,60,60,60,74,74,74,74,74,32],"gold":26,"neow_bonus":"","is_prod":false,"is_daily":false,"chose_seed":false,"campfire_upgraded":7,"win_rate":0,"timestamp":1536336637,"path_taken":["M","?","M","?","M","R","E","$","T","E","R","E","R","M","R","BOSS","M","M","?","$","M","R","E","R","T","?","M","?","M","$","R","BOSS","M","?","?","?","M","E","R","E","T","R","$","M","R","?","R","BOSS"],"build_version":"2018-09-06","purchased_purges":2,"victory":true,"max_hp_per_floor":[75,75,75,75,75,75,75,75,75,75,75,75,75,75,75,75,75,75,75,75,75,75,75,75,75,75,75,75,75,75,75,75,75,80,80,80,80,80,80,80,80,80,80,80,94,94,94,94,94,94],"card_choices":[{"not_picked":["Redo","Steam Power"],"picked":"Compile Driver","floor":1.0},{"not_picked":["Go for the Eyes","Coolheaded"],"picked":"Ball Lightning","floor":3.0},{"not_picked":["Compile Driver","Leap"],"picked":"Loop","floor":4.0},{"not_picked":["Steam","Streamline"],"picked":"Rainbow","floor":5.0},{"not_picked":["Beam Cell","Rebound","Streamline"],"picked":"SKIP","floor":7.0},{"not_picked":["Ball Lightning","Gash"],"picked":"White Noise","floor":10.0},{"not_picked":["Barrage","Redo","Hologram"],"picked":"SKIP","floor":12.0},{"not_picked":["Chill","Rip and Tear"],"picked":"BootSequence","floor":14.0},{"not_picked":["Aggregate","Rebound"],"picked":"Conserve Battery","floor":14.0},{"not_picked":["Machine Learning","Reboot"],"picked":"Electrodynamics","floor":16.0},{"not_picked":["Cold Snap+1","Scrape"],"picked":"Capacitor","floor":18.0},{"not_picked":["Cold Snap","Gash+1","Streamline"],"picked":"SKIP","floor":18.0},{"not_picked":["Double Energy+1","Recycle","Conserve Battery"],"picked":"SKIP","floor":19.0},{"not_picked":["Gash+1","Steam","Doom and Gloom"],"picked":"SKIP","floor":19.0},{"not_picked":["Leap","Barrage"],"picked":"Storm+1","floor":22.0},{"not_picked":["Streamline","Chill"],"picked":"Conserve Battery","floor":22.0},{"not_picked":["Sweeping Beam","Sunder"],"picked":"Seek","floor":24.0},{"not_picked":["Coolheaded","Barrage"],"picked":"Chaos+1","floor":28.0},{"not_picked":["Sweeping Beam+1","Chaos","Turbo"],"picked":"SKIP","floor":28.0},{"not_picked":["Barrage","Redo"],"picked":"Machine Learning","floor":30.0},{"not_picked":["Compile Driver","Rebound+1","Coolheaded"],"picked":"SKIP","floor":30.0},{"not_picked":["Biased Cognition","Rainbow"],"picked":"Fission","floor":33.0},{"not_picked":["Beam Cell+1","Coolheaded"],"picked":"Leap","floor":34.0},{"not_picked":["Aggregate+1","Loop"],"picked":"Storm","floor":35},{"not_picked":["Gash+1","Double Energy+1","Stack"],"picked":"SKIP","floor":35},{"not_picked":["Rebound","Loop"],"picked":"Leap+1","floor":37},{"not_picked":["Blizzard","Auto Shields+1"],"picked":"Force Field","floor":38},{"not_picked":["Rip and Tear","Hello World+1"],"picked":"Buffer","floor":38},{"not_picked":["Sweeping Beam","Hello World+1"],"picked":"Leap","floor":39},{"not_picked":["Sunder","Redo+1","Chill"],"picked":"SKIP","floor":39},{"not_picked":["Rip and Tear","Steam Power"],"picked":"Seek","floor":40},{"not_picked":["Self Repair","Sweeping Beam+1"],"picked":"Force Field","floor":42},{"not_picked":["Barrage+1","Turbo"],"picked":"Hologram+1","floor":46},{"not_picked":["Skim","Streamline+1","Stack"],"picked":"SKIP","floor":46},{"not_picked":["Skim","Streamline+1","Stack"],"picked":"SKIP","floor":46}],"player_experience":400358,"relics_obtained":[{"floor":7.0,"key":"Vajra"},{"floor":9.0,"key":"Ornamental Fan"},{"floor":10.0,"key":"Prayer Wheel"},{"floor":12.0,"key":"DataDisk"},{"floor":24.0,"key":"Old Coin"},{"floor":26.0,"key":"Dream Catcher"},{"floor":37,"key":"FossilizedHelix"},{"floor":40,"key":"Kunai"},{"floor":42,"key":"Tiny Chest"},{"floor":43,"key":"Oddly Smooth Stone"}],"event_choices":[{"event_name":"Scrap Ooze","player_choice":"success","floor":2.0,"damage_taken":7.0},{"event_name":"Addict","player_choice":"Obtained Relic","floor":20.0,"damage_taken":0.0},{"event_name":"Back to Basics","player_choice":"Elegance","floor":29.0,"damage_taken":0.0},{"event_name":"Falling","player_choice":"Removed Skill","floor":36,"damage_taken":0},{"event_name":"MindBloom","player_choice":"Fight","floor":37,"damage_taken":0},{"event_name":"SensoryStone","player_choice":"Memory 1","floor":48,"damage_taken":0}],"is_beta":false,"boss_relics":[{"not_picked":["Philosopher\u0027s Stone","Nuclear Battery"],"picked":"Runic Dome"},{"not_picked":["Snecko Eye","Eternal Feather"],"picked":"Tiny House"}],"items_purged_floors":[27,31],"is_endless":false,"potions_floor_spawned":[3,5,10,12,14,22,24,28,35,38,40],"ascension_level":11}