{"path_per_floor":["M","?","$","?","?","R","E","R","T","M","E","?","R","$","R","B",null,"M","$","M","?","?","E","R","M","T","R","?","M","?","$","R","B",null,"M","?","?","M","$","R","M","R","T","R","$","R","M","M","R","B"],"character_chosen":"THE_SILENT","items_purchased":["Bane","Sadistic Nature","Footwork","Footwork","Snake Skull","Bouncing Flask"],"gold_per_floor":[116,66,66,66,66,66,100,100,126,149,184,222,222,123,123,244,244,259,56,75,75,75,114,114,135,135,135,85,108,108,70,70,201,201,221,221,554,574,282,282,292,292,292,292,91,91,107,119,119,119],"floor_reached":51,"campfire_rested":3,"playtime":3739,"current_hp_per_floor":[70,70,70,70,53,53,44,44,44,44,41,31,31,31,31,46,70,69,69,69,69,69,56,56,55,55,55,55,43,43,43,70,49,70,65,65,65,62,62,62,14,50,50,50,50,50,50,50,70,66],"items_purged":["Strike_G","Strike_G","Poisoned Stab"],"gold":119,"score":718,"play_id":"f4634edd-8fbb-4988-804c-8e7572182fd4","local_time":"20180316010314","is_prod":false,"is_daily":false,"is_ascension_mode":false,"campfire_upgraded":9,"timestamp":1521187394,"path_taken":["M","?","$","?","?","R","E","R","T","M","E","?","R","?","R","BOSS","M","$","M","?","?","E","R","?","T","R","?","?","?","?","R","BOSS","M","?","?","M","$","R","M","R","T","R","$","R","M","M","R","BOSS"],"build_version":"2018-03-15","purchased_purges":5,"victory":true,"master_deck":["Defend_G","Defend_G","Defend_G","Defend_G","Defend_G","Survivor","Neutralize+1","Deflect","Bouncing Flask+1","Crippling Poison+1","Bane+1","Corpse Explosion+1","Sadistic Nature+1","Bane","Leg Sweep","Footwork+1","Bane","Footwork+1","Bane","Bouncing Flask+1","Heel Hook+1","Poisoned Stab+1"],"max_hp_per_floor":[70,70,70,70,70,70,70,70,70,70,70,70,70,70,70,70,70,70,70,70,70,70,70,70,70,70,70,70,70,70,70,70,70,70,70,70,70,70,70,70,70,70,70,70,70,70,70,70,70,70],"relics":["Ring of the Snake","Paper Crane","Bronze Scales","Darkstone Periapt","Odd Mushroom","Sozu","Bag of Marbles","Calipers","Regal Pillow","Velvet Choker","Snake Skull","Frozen Eye"],"card_choices":[{"not_picked":["Underhanded Strike","Deadly Poison"],"picked":"Deflect"},{"not_picked":["Deadly Poison","Doppelganger"],"picked":"Bouncing Flask"},{"not_picked":["Underhanded Strike","Deadly Poison"],"picked":"Crippling Poison"},{"not_picked":["Bullet Time","A Thousand Cuts"],"picked":"Corpse Explosion"},{"not_picked":["Backflip","Outmaneuver"],"picked":"Bane"},{"not_picked":["Sucker Punch","Quick Slash"],"picked":"Leg Sweep"},{"not_picked":["Malaise","Caltrops"],"picked":"Poisoned Stab"},{"not_picked":["All Out Attack","Flying Knee"],"picked":"Bane"},{"not_picked":["Bane","Calculated Gamble"],"picked":"Heel Hook"},{"not_picked":["Sucker Punch","Endless Agony"],"picked":"Poisoned Stab"}],"player_experience":113939,"potions_floor_usage":[7,16,50],"damage_taken":[{"damage":0,"enemies":"2 Louse","floor":1,"turns":5},{"damage":24,"enemies":"3 Sentries","floor":7,"turns":16},{"damage":0,"enemies":"Small Slimes","floor":10,"turns":4},{"damage":3,"enemies":"Lagavulin","floor":11,"turns":6},{"damage":10,"enemies":"The Mushroom Lair","floor":12,"turns":6},{"damage":0,"enemies":"The Guardian","floor":16,"turns":7},{"damage":1,"enemies":"Chosen","floor":18,"turns":5},{"damage":0,"enemies":"Shell Parasite","floor":20,"turns":4},{"damage":13,"enemies":"Slavers","floor":23,"turns":5},{"damage":1,"enemies":"Centurion and Healer","floor":25,"turns":6},{"damage":12,"enemies":"Cultist and Chosen","floor":29,"turns":6},{"damage":21,"enemies":"Collector","floor":33,"turns":10},{"damage":5,"enemies":"3 Shapes","floor":35,"turns":3},{"damage":3,"enemies":"3 Darklings","floor":38,"turns":5},{"damage":48,"enemies":"4 Shapes","floor":41,"turns":6},{"damage":0,"enemies":"Maw","floor":47,"turns":6},{"damage":0,"enemies":"3 Darklings","floor":48,"turns":4},{"damage":19,"enemies":"Time Eater","floor":50,"turns":12}],"event_choices":[{"event_name":"The Cleric","player_choice":"Card Removal","floor":2,"damage_taken":0},{"event_name":"Wheel of Change","player_choice":"Card Removal","floor":4,"damage_taken":0},{"event_name":"Golden Idol","player_choice":"Take Damage","floor":5,"damage_taken":0},{"event_name":"Mushrooms","player_choice":"Fought Mushrooms","floor":12,"damage_taken":0},{"event_name":"Purifier","player_choice":"One Purge","floor":21,"damage_taken":0},{"event_name":"Vampires","player_choice":"Ignored","floor":22,"damage_taken":0},{"event_name":"The Joust","player_choice":"Bet on Murderer","floor":28,"damage_taken":0},{"event_name":"The Mausoleum","player_choice":"Yes","floor":30,"damage_taken":0},{"event_name":"Match and Keep!","player_choice":"1 cards matched","floor":36,"damage_taken":0},{"event_name":"The Moai Head","player_choice":"Gave Idol","floor":37,"damage_taken":0}],"boss_relics":[{"not_picked":["Calling Bell","Question Card"],"picked":"Sozu"},{"not_picked":["Philosopher\u0027s Stone","Black Star"],"picked":"Velvet Choker"}],"potions_floor_spawned":[1,11,12,20,33,35,47],"seed_played":"-4439103699014370952","ascension_level":0,"is_trial":false}