{"gold_per_floor":[118,118,130,142,15,47,47,47,92,109,9,35,50,67,67,143,143,157,157,172,172,183,183,196,213,213,213,240,310,360,290,290,290],"floor_reached":33,"playtime":1463,"items_purged":["Strike_G","Strike_G"],"score":516,"play_id":"c70e7a44-e926-4cbb-96f1-525a6192dcc7","local_time":"20190228114332","is_ascension_mode":true,"campfire_choices":[{"data":"Noxious Fumes","floor":7.0,"key":"SMITH"},{"data":"Neutralize","floor":15.0,"key":"SMITH"},{"floor":23.0,"key":"REST"},{"data":"Crippling Poison","floor":27.0,"key":"SMITH"},{"floor":32.0,"key":"REST"}],"neow_cost":"NONE","seed_source_timestamp":824679410700518,"circlet_count":0,"master_deck":["AscendersBane","Defend_G","Defend_G","Defend_G","Defend_G","Defend_G","Strike_G","Strike_G","Survivor","Neutralize+1","Backstab","Noxious Fumes+1","Corpse Explosion","Footwork","Flying Knee","Underhanded Strike","Deadly Poison","Skewer","Bullet Time","Finesse","Crippling Poison+1","Backflip","Bouncing Flask","Blur+1","Leg Sweep","Catalyst","Writhe"],"special_seed":0,"relics":["Ring of the Snake","Blood Vial","Oddly Smooth Stone","Bird Faced Urn","Cursed Key","SsserpentHead","Dodecahedron","Orichalcum","Darkstone Periapt"],"potions_floor_usage":[33,33],"damage_taken":[{"damage":0.0,"enemies":"Cultist","floor":1.0,"turns":4.0},{"damage":4.0,"enemies":"Jaw Worm","floor":3.0,"turns":4.0},{"damage":0.0,"enemies":"2 Louse","floor":4.0,"turns":1.0},{"damage":15.0,"enemies":"Lagavulin","floor":6.0,"turns":6.0},{"damage":2.0,"enemies":"Exordium Thugs","floor":10.0,"turns":4.0},{"damage":20.0,"enemies":"Gremlin Nob","floor":12.0,"turns":5.0},{"damage":0.0,"enemies":"Looter","floor":13.0,"turns":5.0},{"damage":0.0,"enemies":"Lots of Slimes","floor":14.0,"turns":4.0},{"damage":8.0,"enemies":"Hexaghost","floor":16.0,"turns":12.0},{"damage":17.0,"enemies":"2 Thieves","floor":18.0,"turns":3.0},{"damage":10.0,"enemies":"Chosen","floor":20.0,"turns":5.0},{"damage":28.0,"enemies":"Snake Plant","floor":22.0,"turns":4.0},{"damage":11.0,"enemies":"Cultist and Chosen","floor":24.0,"turns":5.0},{"damage":0.0,"enemies":"Snecko","floor":25.0,"turns":4.0},{"damage":13.0,"enemies":"Book of Stabbing","floor":28.0,"turns":6.0},{"damage":16.0,"enemies":"Chosen and Byrds","floor":29.0,"turns":4.0},{"damage":53,"enemies":"Collector","floor":33,"turns":5}],"seed_played":"8652644295581056694","potions_obtained":[{"floor":1.0,"key":"FearPotion"},{"floor":10.0,"key":"Poison Potion"},{"floor":12.0,"key":"Fire Potion"},{"floor":28.0,"key":"LiquidBronze"},{"floor":29.0,"key":"Poison Potion"}],"is_trial":false,"path_per_floor":["M","?","M","M","$","E","R","$","T","M","$","E","M","M","R","B",null,"M","?","M","?","M","R","M","M","T","R","E","M","?","?","R","B"],"character_chosen":"THE_SILENT","items_purchased":["Underhanded Strike"],"campfire_rested":2,"item_purchase_floors":[5],"current_hp_per_floor":[59,59,55,55,55,40,40,40,40,40,40,22,28,34,34,32,58,45,33,29,29,7,26,19,25,25,25,18,6,6,6,25,0],"gold":290,"neow_bonus":"TRANSFORM_CARD","is_prod":false,"is_daily":false,"chose_seed":false,"campfire_upgraded":3,"win_rate":0,"timestamp":1551350612,"path_taken":["M","?","M","M","$","E","R","?","T","?","$","E","M","M","R","BOSS","M","?","?","?","M","R","M","M","T","R","E","?","?","?","R","BOSS"],"build_version":"2019-01-23","purchased_purges":2,"victory":false,"max_hp_per_floor":[66,66,66,66,66,66,66,66,66,66,66,66,66,66,66,66,66,66,66,66,66,66,66,66,66,66,66,66,66,66,66,66,66],"card_choices":[{"not_picked":["Escape Plan","Deflect"],"picked":"Noxious Fumes","floor":1.0},{"not_picked":["Cloak And Dagger","Riddle With Holes"],"picked":"Footwork","floor":3.0},{"not_picked":["Quick Slash","Slice"],"picked":"Flying Knee","floor":4.0},{"not_picked":["Poisoned Stab","Bane","Blade Dance"],"picked":"SKIP","floor":6.0},{"not_picked":["Acrobatics","Infinite Blades","Blade Dance"],"picked":"SKIP","floor":10.0},{"not_picked":["Riddle With Holes","Terror","A Thousand Cuts"],"picked":"SKIP","floor":12.0},{"not_picked":["Acrobatics","Dagger Throw"],"picked":"Deadly Poison","floor":13.0},{"not_picked":["Blade Dance","Backflip"],"picked":"Skewer","floor":14.0},{"not_picked":["Tools of the Trade","After Image"],"picked":"Bullet Time","floor":16.0},{"not_picked":["Bane","Masterful Stab","Blade Dance"],"picked":"SKIP","floor":18.0},{"not_picked":["Backflip","Poisoned Stab"],"picked":"Crippling Poison","floor":20.0},{"not_picked":["Choke","Poisoned Stab"],"picked":"Backflip","floor":22.0},{"not_picked":["Skewer+1","Dodge and Roll"],"picked":"Bouncing Flask","floor":24.0},{"not_picked":["Crippling Poison+1","Quick Slash"],"picked":"Blur+1","floor":25.0},{"not_picked":["Die Die Die","Escape Plan"],"picked":"Leg Sweep","floor":28.0},{"not_picked":["Underhanded Strike","Leg Sweep"],"picked":"Catalyst","floor":29.0}],"player_experience":420249,"relics_obtained":[{"floor":6.0,"key":"Blood Vial"},{"floor":9.0,"key":"Oddly Smooth Stone"},{"floor":12.0,"key":"Bird Faced Urn"},{"floor":28.0,"key":"Dodecahedron"}],"event_choices":[{"damage_healed":0.0,"max_hp_gain":0.0,"max_hp_loss":0.0,"gold_gain":0.0,"event_name":"Match and Keep!","player_choice":"1 cards matched","floor":2.0,"gold_loss":0.0,"damage_taken":0.0,"cards_obtained":["Corpse Explosion"]},{"damage_healed":0.0,"max_hp_gain":0.0,"max_hp_loss":0.0,"gold_gain":0.0,"event_name":"Knowing Skull","player_choice":"CARD ","floor":19.0,"potions_obtained":[],"gold_loss":0.0,"damage_taken":12.0,"cards_obtained":["Finesse"]},{"damage_healed":0.0,"max_hp_gain":0.0,"max_hp_loss":0.0,"gold_gain":0.0,"event_name":"FaceTrader","player_choice":"Trade","floor":21.0,"gold_loss":0.0,"damage_taken":0.0,"relics_obtained":["SsserpentHead"]},{"damage_healed":0.0,"max_hp_gain":0.0,"max_hp_loss":0.0,"gold_gain":0.0,"event_name":"The Mausoleum","player_choice":"Opened","floor":30.0,"gold_loss":0.0,"damage_taken":0.0,"relics_obtained":["Orichalcum"],"cards_obtained":["Writhe"]},{"damage_healed":0.0,"max_hp_gain":0.0,"max_hp_loss":0.0,"gold_gain":0.0,"event_name":"WeMeetAgain","player_choice":"Paid Gold","floor":31.0,"gold_loss":120.0,"damage_taken":0.0,"relics_obtained":["Darkstone Periapt"]}],"is_beta":false,"boss_relics":[{"not_picked":["Pandora\u0027s Box","Runic Dome"],"picked":"Cursed Key"}],"items_purged_floors":[5,11],"is_endless":false,"potions_floor_spawned":[1,10,12,13,16,20,28,29],"killed_by":"Collector","ascension_level":17}