{"gold_per_floor":[109,109,109,109,122,152,171,203,203,229,247,257,288,288,288,389,389,399,166,177,195,206,232,232,248,248,275,275,275,294,324,324,324],"floor_reached":33,"playtime":2014,"items_purged":["Parasite"],"score":380,"play_id":"51e10085-b82c-4e13-91c4-1c2ebd85fc6e","local_time":"20180807143758","is_ascension_mode":true,"campfire_choices":[{"data":"Limit Break","floor":15,"key":"SMITH"},{"data":"Armaments","floor":24,"key":"SMITH"},{"floor":28,"key":"REST"},{"floor":32,"key":"REST"}],"neow_cost":"NONE","seed_source_timestamp":2315459639934054,"circlet_count":0,"master_deck":["Strike_R","Strike_R","Strike_R","Strike_R","Strike_R","Defend_R","Defend_R","Defend_R","Defend_R","Bash","Metallicize","Anger+1","Whirlwind+1","Offering","Anger+1","Rampage+1","Limit Break+1","Impervious","Anger+1","Flame Barrier","Metallicize","Armaments","Armaments+1","True Grit","Shrug It Off+1","Cleave+1","Battle Trance","Disarm+1","Whirlwind+1"],"relics":["Burning Blood","NeowsBlessing","Molten Egg 2","CultistMask","Bottled Lightning","Smiling Mask","Dodecahedron","Anchor","Vajra","Sozu","Omamori","Bottled Tornado","Juzu Bracelet","Shovel"],"potions_floor_usage":[8,16,20,33],"damage_taken":[{"damage":0,"enemies":"Jaw Worm","floor":1,"turns":1},{"damage":0,"enemies":"Small Slimes","floor":5,"turns":1},{"damage":0,"enemies":"3 Sentries","floor":6,"turns":2},{"damage":0,"enemies":"Cultist","floor":7,"turns":3},{"damage":14,"enemies":"Gremlin Nob","floor":8,"turns":3},{"damage":13,"enemies":"3 Sentries","floor":10,"turns":4},{"damage":0,"enemies":"Exordium Wildlife","floor":11,"turns":3},{"damage":3,"enemies":"Lots of Slimes","floor":12,"turns":3},{"damage":19,"enemies":"Gremlin Nob","floor":13,"turns":3},{"damage":13,"enemies":"Slime Boss","floor":16,"turns":7},{"damage":0,"enemies":"3 Byrds","floor":18,"turns":3},{"damage":11,"enemies":"Spheric Guardian","floor":20,"turns":4},{"damage":15,"enemies":"Snecko","floor":21,"turns":7},{"damage":10,"enemies":"Cultist and Chosen","floor":22,"turns":6},{"damage":24,"enemies":"Slavers","floor":23,"turns":6},{"damage":2,"enemies":"Centurion and Healer","floor":25,"turns":4},{"damage":14,"enemies":"Gremlin Leader","floor":27,"turns":5},{"damage":5,"enemies":"Snake Plant","floor":30,"turns":3},{"damage":37,"enemies":"Slavers","floor":31,"turns":8},{"damage":63,"enemies":"Champ","floor":33,"turns":13}],"seed_played":"-3577747994173922606","potions_obtained":[{"floor":5,"key":"SkillPotion"},{"floor":6,"key":"FearPotion"},{"floor":7,"key":"Regen Potion"},{"floor":10,"key":"Dexterity Potion"},{"floor":16,"key":"Weak Potion"}],"is_trial":false,"path_per_floor":["M","?","?","?","M","E","M","E","T","E","M","M","E","?","R","B",null,"M","$","M","M","M","E","R","M","T","E","R","?","M","E","R"],"character_chosen":"IRONCLAD","items_purchased":["Flame Barrier","Metallicize","Armaments"],"campfire_rested":2,"item_purchase_floors":[19,19,19],"current_hp_per_floor":[80,80,80,80,80,80,80,72,72,65,71,74,61,80,80,73,80,80,77,72,63,59,41,41,45,45,37,60,60,61,30,53,0],"gold":324,"neow_bonus":"THREE_ENEMY_KILL","is_prod":false,"is_daily":false,"chose_seed":false,"campfire_upgraded":2,"win_rate":0,"timestamp":1533645478,"path_taken":["M","?","?","?","M","E","M","E","T","E","M","M","E","?","R","BOSS","M","?","M","M","M","E","R","M","T","E","R","?","M","E","R","BOSS"],"build_version":"2018-08-02","purchased_purges":1,"victory":false,"max_hp_per_floor":[80,80,80,80,80,80,80,80,80,80,80,80,80,80,80,80,80,80,77,77,77,77,77,77,77,77,77,77,77,77,77,77,77],"card_choices":[{"not_picked":["Perfected Strike","Armaments"],"picked":"Metallicize","floor":1},{"not_picked":["Infernal Blade","Pummel+1","Flex"],"picked":"SKIP","floor":5},{"not_picked":["Body Slam+1","Seeing Red"],"picked":"Anger+1","floor":6},{"not_picked":["True Grit","Clash+1"],"picked":"Whirlwind+1","floor":7},{"not_picked":["Rampage+1","Pommel Strike+1"],"picked":"Offering","floor":8},{"not_picked":["Armaments","Dual Wield"],"picked":"Anger+1","floor":10},{"not_picked":["Twin Strike+1","Warcry","Rupture"],"picked":"SKIP","floor":11},{"not_picked":["Hemokinesis+1","Perfected Strike+1"],"picked":"Rampage+1","floor":12},{"not_picked":["Reckless Charge+1","Cleave+1"],"picked":"Limit Break","floor":13},{"not_picked":["Feed+1","Berserk"],"picked":"Impervious","floor":16},{"not_picked":["Fire Breathing","Searing Blow+1"],"picked":"Anger+1","floor":18},{"not_picked":["Headbutt+1","Cleave+1"],"picked":"Armaments","floor":20},{"not_picked":["Heavy Blade+1","Armaments"],"picked":"True Grit","floor":21},{"not_picked":["Iron Wave+1","True Grit+1"],"picked":"Shrug It Off+1","floor":22},{"not_picked":["Headbutt+1","True Grit"],"picked":"Cleave+1","floor":23},{"not_picked":["Blood for Blood+1","Heavy Blade+1"],"picked":"Battle Trance","floor":25},{"not_picked":["Havoc","Offering","Sword Boomerang+1"],"picked":"SKIP","floor":27},{"not_picked":["Heavy Blade+1","Headbutt+1"],"picked":"Disarm+1","floor":30},{"not_picked":["Shrug It Off","Disarm"],"picked":"Whirlwind+1","floor":31}],"player_experience":94697,"relics_obtained":[{"floor":6,"key":"Bottled Lightning"},{"floor":8,"key":"Smiling Mask"},{"floor":9,"key":"Dodecahedron"},{"floor":10,"key":"Anchor"},{"floor":13,"key":"Vajra"},{"floor":23,"key":"Omamori"},{"floor":26,"key":"Bottled Tornado"},{"floor":27,"key":"Juzu Bracelet"},{"floor":31,"key":"Shovel"}],"event_choices":[{"event_name":"Big Fish","player_choice":"Box","floor":2,"damage_taken":0},{"event_name":"FaceTrader","player_choice":"Trade","floor":3,"damage_taken":0},{"event_name":"Living Wall","player_choice":"Forget","floor":4,"damage_taken":0},{"event_name":"Mushrooms","player_choice":"Healed and dodged fight","floor":14,"damage_taken":0},{"event_name":"Vampires","player_choice":"Ignored","floor":29,"damage_taken":0}],"is_beta":false,"boss_relics":[{"not_picked":["Fusion Hammer","Astrolabe"],"picked":"Sozu"}],"items_purged_floors":[19],"is_endless":false,"potions_floor_spawned":[5,6,7,10,12,16,20,21,25,30],"killed_by":"Champ","ascension_level":1}