{"gold_per_floor":[110,52,52,52,72,103,103,138,138,168,41,41,68,85,85,160,160,175,195,195,207,207,207,242,242,242,262,275,275,44,54,54,126,126,141,155,169,188,208,236,236,256,256,356,61,1,28,47,47,47,47],"floor_reached":52,"playtime":5381,"items_purged":["Strike_B","Strike_B","Strike_B"],"score":1974,"play_id":"0b734669-f8b1-4032-a55c-5faa4462932d","local_time":"20190421122158","is_ascension_mode":true,"campfire_choices":[{"data":"Zap","floor":7,"key":"SMITH"},{"floor":12,"key":"REST"},{"data":"Darkness","floor":15,"key":"SMITH"},{"data":"Double Energy","floor":23,"key":"SMITH"},{"data":"Chill","floor":25,"key":"SMITH"},{"data":"White Noise","floor":29,"key":"SMITH"},{"data":"Dualcast","floor":32,"key":"SMITH"},{"data":"Go for the Eyes","floor":41,"key":"SMITH"},{"data":"Redo","floor":49,"key":"SMITH"}],"neow_cost":"NONE","seed_source_timestamp":999657430438,"circlet_count":0,"master_deck":["AscendersBane","Strike_B+1","Defend_B","Defend_B","Defend_B","Defend_B","Zap+1","Dualcast+1","Conserve Battery","Compile Driver","Darkness+1","Barrage","Chill+1","Lockon","Ball Lightning+1","Glacier","White Noise+1","Echo Form+1","Go for the Eyes+1","Defragment+1","Double Energy+1","BootSequence","Cold Snap","Stack","Self Repair+1","Buffer+1","Electrodynamics+1","Loop+1","Recycle","Capacitor+1","Defragment+1","Glacier+1","Redo+1"],"relics":["Cracked Core","NeowsBlessing","Frozen Egg 2","Bag of Marbles","Shuriken","Dodecahedron","Thread and Needle","Runic Pyramid","Whetstone","DataDisk","Blue Candle","Inserter","Smiling Mask","Gremlin Horn","Girya","Happy Flower","Cables","Juzu Bracelet"],"potions_floor_usage":[10,16,18,24,24,24,24,33,33,50,51],"damage_taken":[{"damage":0,"enemies":"Jaw Worm","floor":1,"turns":1},{"damage":0,"enemies":"Small Slimes","floor":5,"turns":1},{"damage":0,"enemies":"Lagavulin","floor":6,"turns":1},{"damage":44,"enemies":"Gremlin Nob","floor":8,"turns":4},{"damage":13,"enemies":"Lagavulin","floor":10,"turns":7},{"damage":4,"enemies":"3 Sentries","floor":13,"turns":8},{"damage":0,"enemies":"Cultist","floor":14,"turns":3},{"damage":19,"enemies":"Slime Boss","floor":16,"turns":8},{"damage":0,"enemies":"3 Byrds","floor":18,"turns":5},{"damage":0,"enemies":"Chosen","floor":19,"turns":3},{"damage":0,"enemies":"Centurion and Healer","floor":21,"turns":7},{"damage":21,"enemies":"Slavers","floor":24,"turns":6},{"damage":0,"enemies":"Snecko","floor":27,"turns":4},{"damage":0,"enemies":"Chosen and Byrds","floor":28,"turns":5},{"damage":7,"enemies":"Snake Plant","floor":31,"turns":6},{"damage":16,"enemies":"Collector","floor":33,"turns":12},{"damage":11,"enemies":"3 Darklings","floor":35,"turns":6},{"damage":1,"enemies":"Orb Walker","floor":36,"turns":4},{"damage":0,"enemies":"Spire Growth","floor":37,"turns":6},{"damage":6,"enemies":"Sphere and 2 Shapes","floor":38,"turns":5},{"damage":10,"enemies":"Transient","floor":39,"turns":6},{"damage":0,"enemies":"Reptomancer","floor":40,"turns":7},{"damage":0,"enemies":"4 Shapes","floor":42,"turns":3},{"damage":0,"enemies":"Mind Bloom Boss Battle","floor":44,"turns":5},{"damage":7,"enemies":"Nemesis","floor":47,"turns":5},{"damage":0,"enemies":"3 Darklings","floor":48,"turns":2},{"damage":2,"enemies":"Awakened One","floor":50,"turns":17},{"damage":4,"enemies":"Time Eater","floor":51,"turns":14}],"seed_played":"-5710351477676572952","potions_obtained":[{"floor":5,"key":"GamblersBrew"},{"floor":13,"key":"Block Potion"},{"floor":14,"key":"Block Potion"},{"floor":16,"key":"EntropicBrew"},{"floor":18,"key":"Poison Potion"},{"floor":21,"key":"EssenceOfSteel"},{"floor":28,"key":"FocusPotion"},{"floor":35,"key":"Dexterity Potion"},{"floor":38,"key":"Dexterity Potion"}],"is_trial":false,"path_per_floor":["M","$","?","?","M","E","R","E","T","E","$","R","E","M","R","B",null,"M","M","?","M","T","R","E","R","T","M","M","R","$","M","R","B",null,"M","M","M","M","M","E","R","M","T","?","$","?","E","M","R","B","B",null],"character_chosen":"DEFECT","items_purchased":["Compile Driver","Ball Lightning","Self Repair+1","PowerPotion","FocusPotion","Happy Flower"],"campfire_rested":1,"item_purchase_floors":[2,11,30,30,45,45],"current_hp_per_floor":[64,64,69,69,69,69,69,25,25,12,12,34,30,30,30,11,60,60,60,60,60,60,60,39,39,39,39,39,39,39,52,52,46,69,76,76,76,76,76,76,76,76,76,76,76,76,76,76,76,76,76],"gold":47,"neow_bonus":"THREE_ENEMY_KILL","is_prod":false,"is_daily":false,"chose_seed":false,"campfire_upgraded":8,"win_rate":0,"timestamp":1555867318,"path_taken":["M","$","?","?","M","E","R","E","T","E","?","R","E","?","R","BOSS","M","M","?","M","?","R","E","R","T","?","?","R","$","?","R","BOSS","M","M","?","M","?","E","R","?","T","?","$","?","E","M","R","BOSS","BOSS"],"build_version":"2019-01-23","purchased_purges":3,"victory":true,"max_hp_per_floor":[71,71,76,76,76,76,76,76,76,76,76,76,76,76,76,76,76,76,76,76,76,76,76,76,76,76,76,76,76,76,76,76,76,76,76,76,76,76,76,76,76,76,76,76,76,76,76,76,76,76,76],"card_choices":[{"not_picked":["Stack","Leap"],"picked":"Conserve Battery","floor":1},{"not_picked":["Steam","Stack"],"picked":"Darkness","floor":5},{"not_picked":["Compile Driver","Meteor Strike"],"picked":"Barrage","floor":6},{"not_picked":["Turbo","Hologram"],"picked":"Chill","floor":8},{"not_picked":["Blizzard","Steam"],"picked":"Lockon","floor":10},{"not_picked":["Ball Lightning","Doom and Gloom"],"picked":"Glacier","floor":13},{"not_picked":["Leap","Steam"],"picked":"White Noise","floor":14},{"not_picked":["Buffer+1","Thunder Strike"],"picked":"Echo Form+1","floor":16},{"not_picked":["Storm+1","Stack+1"],"picked":"Go for the Eyes","floor":18},{"not_picked":["Streamline","Barrage"],"picked":"Defragment+1","floor":19},{"not_picked":["Chill","Lockon"],"picked":"Double Energy","floor":21},{"not_picked":["Stack","Hello World+1"],"picked":"BootSequence","floor":24},{"not_picked":["Streamline","Conserve Battery"],"picked":"Cold Snap","floor":27},{"not_picked":["White Noise","Steam Power"],"picked":"Stack","floor":28},{"not_picked":["Ball Lightning","Sweeping Beam"],"picked":"Buffer+1","floor":31},{"not_picked":["Creative AI+1","Fission"],"picked":"Electrodynamics+1","floor":33},{"not_picked":["Skim","Turbo+1","Steam"],"picked":"SKIP","floor":35},{"not_picked":["Gash","Scrape+1","Cold Snap+1"],"picked":"SKIP","floor":36},{"not_picked":["Steam","Cold Snap+1"],"picked":"Loop+1","floor":37},{"not_picked":["Self Repair+1","Scrape"],"picked":"Recycle","floor":38},{"not_picked":["Leap+1","FTL+1"],"picked":"Capacitor+1","floor":39},{"not_picked":["Redo","Go for the Eyes","Self Repair+1"],"picked":"SKIP","floor":40},{"not_picked":["Fusion","Tempest+1"],"picked":"Defragment+1","floor":42},{"not_picked":["Scrape+1","Gash"],"picked":"Glacier+1","floor":44},{"not_picked":["Melter","Coolheaded+1","Redo"],"picked":"SKIP","floor":47},{"not_picked":["Melter","Coolheaded+1"],"picked":"Redo","floor":47},{"not_picked":["Self Repair+1","Static Discharge+1","Conserve Battery"],"picked":"SKIP","floor":48}],"player_experience":784781,"relics_obtained":[{"floor":6,"key":"Frozen Egg 2"},{"floor":8,"key":"Bag of Marbles"},{"floor":9,"key":"Shuriken"},{"floor":10,"key":"Dodecahedron"},{"floor":13,"key":"Thread and Needle"},{"floor":22,"key":"Whetstone"},{"floor":24,"key":"DataDisk"},{"floor":26,"key":"Blue Candle"},{"floor":40,"key":"Smiling Mask"},{"floor":43,"key":"Gremlin Horn"},{"floor":44,"key":"Girya"},{"floor":47,"key":"Juzu Bracelet"}],"event_choices":[{"damage_healed":0,"gold_gain":0,"player_choice":"Donut","damage_taken":0,"max_hp_gain":5,"max_hp_loss":0,"event_name":"Big Fish","floor":3,"gold_loss":0},{"damage_healed":0,"gold_gain":0,"player_choice":"Ignored","damage_taken":0,"max_hp_gain":0,"max_hp_loss":0,"event_name":"Liars Game","floor":4,"gold_loss":0},{"damage_healed":0,"gold_gain":0,"player_choice":"Ignored","damage_taken":0,"max_hp_gain":0,"max_hp_loss":0,"event_name":"The Mausoleum","floor":20,"gold_loss":0},{"damage_healed":0,"gold_gain":0,"player_choice":"Fight","damage_taken":0,"max_hp_gain":0,"max_hp_loss":0,"event_name":"MindBloom","floor":44,"gold_loss":0},{"damage_healed":0,"gold_gain":0,"player_choice":"Paid Gold","damage_taken":0,"relics_obtained":["Cables"],"max_hp_gain":0,"max_hp_loss":0,"event_name":"WeMeetAgain","floor":46,"gold_loss":60}],"is_beta":false,"boss_relics":[{"not_picked":["Eternal Feather","Nuclear Battery"],"picked":"Runic Pyramid"},{"not_picked":["Snecko Eye","Orrery"],"picked":"Inserter"}],"items_purged_floors":[11,30,45],"is_endless":false,"potions_floor_spawned":[5,13,14,16,18,19,21,28,35,38,40,42],"ascension_level":20}