{"path_per_floor":["M","?","M","M","?","R","M","M","T","M","E","M","E","M","R","B",null,"M","?","M","?","?","E","M"],"character_chosen":"IRONCLAD","items_purchased":[],"gold_per_floor":[19,19,36,46,118,118,133,147,173,187,218,238,269,289,289,394,394,408,408,420,345,445,477,497],"floor_reached":25,"campfire_rested":0,"playtime":2822,"current_hp_per_floor":[83,83,86,85,85,85,89,90,97,73,48,54,52,62,62,44,116,116,116,103,103,103,31,24],"items_purged":[],"gold":497,"score":287,"play_id":"2742bfb8-391c-4f34-ae8c-bb7094618b9d","is_prod":false,"is_daily":false,"is_ascension_mode":false,"campfire_upgraded":2,"path_taken":["M","?","M","?","?","R","?","M","T","M","E","M","E","M","R","BOSS","M","?","M","?","?","E","M","?"],"build_version":"2018-02-15-PROD1","purchased_purges":0,"victory":false,"master_deck":["Strike_R","Strike_R","Strike_R","Strike_R","Defend_R","Defend_R","Defend_R","Defend_R+1","Bash+1","Feed+1","Headbutt","Sword Boomerang","Flex","Shrug It Off+1","Anger","Twin Strike","Shockwave","Headbutt","Disarm","Juggernaut","Rampage","Flex","Spot Weakness","Cleave+1"],"max_hp_per_floor":[83,83,86,89,89,89,93,97,104,108,108,112,112,116,116,116,116,116,116,116,116,116,116,116],"relics":["Burning Blood","Strawberry","Charon\u0027s Ashes","War Paint","Sozu","Paper Frog","Meat on the Bone"],"card_choices":[{"not_picked":["Impervious","Berserk"],"picked":"Feed"},{"not_picked":["Dark Embrace","Perfected Strike"],"picked":"Headbutt"},{"not_picked":["Clash","Searing Blow"],"picked":"Sword Boomerang"},{"not_picked":["Sword Boomerang","Combust"],"picked":"Flex"},{"not_picked":["Twin Strike","Rupture"],"picked":"Shrug It Off"},{"not_picked":["Cleave","Shockwave"],"picked":"Anger"},{"not_picked":["True Grit","Warcry"],"picked":"Twin Strike"},{"not_picked":["Thunderclap","Bloodletting"],"picked":"Shockwave"},{"not_picked":["Heavy Blade","Barricade"],"picked":"Headbutt"},{"not_picked":["Body Slam","True Grit"],"picked":"Disarm"},{"not_picked":["Offering","Berserk"],"picked":"Juggernaut"},{"not_picked":["Headbutt","True Grit"],"picked":"Rampage"},{"not_picked":["Shockwave","Heavy Blade"],"picked":"Flex"},{"not_picked":["Seeing Red","Warcry"],"picked":"Spot Weakness"},{"not_picked":["Spot Weakness","Corruption"],"picked":"Cleave"}],"player_experience":12663,"potions_floor_usage":[13,16],"damage_taken":[{"damage":0,"enemies":"2 Louse","floor":1,"turns":4},{"damage":1,"enemies":"Cultist","floor":3,"turns":4},{"damage":10,"enemies":"Jaw Worm","floor":4,"turns":4},{"damage":6,"enemies":"Exordium Wildlife","floor":7,"turns":4},{"damage":9,"enemies":"2 Fungi Beasts","floor":8,"turns":3},{"damage":34,"enemies":"Gremlin Gang","floor":10,"turns":7},{"damage":31,"enemies":"Lagavulin","floor":11,"turns":5},{"damage":4,"enemies":"Blue Slaver","floor":12,"turns":4},{"damage":8,"enemies":"Gremlin Nob","floor":13,"turns":3},{"damage":0,"enemies":"2 Fungi Beasts","floor":14,"turns":3},{"damage":24,"enemies":"Hexaghost","floor":16,"turns":9},{"damage":0,"enemies":"3 Byrds","floor":18,"turns":4},{"damage":19,"enemies":"Shell Parasite","floor":20,"turns":7},{"damage":78,"enemies":"Gremlin Leader","floor":23,"turns":10},{"damage":25,"enemies":"Snecko","floor":24,"turns":5},{"damage":28,"enemies":"3 Cultists","floor":25,"turns":4}],"event_choices":[{"event_name":"Bonfire Elementals","player_choice":"BASIC","floor":2,"damage_taken":0},{"event_name":"Golden Wing","player_choice":"Gained Gold","floor":5,"damage_taken":0},{"event_name":"The Mausoleum","player_choice":"Yes","floor":19,"damage_taken":0},{"event_name":"Beggar","player_choice":"Gave Gold","floor":21,"damage_taken":0},{"event_name":"Golden Shrine","player_choice":"Pray","floor":22,"damage_taken":0}],"boss_relics":[{"not_picked":["Calling Bell","Black Star"],"picked":"Sozu"}],"potions_floor_spawned":[1,10,12,14,18],"seed_played":"-3557478516516863744","killed_by":"3 Cultists","ascension_level":0,"is_trial":false}