{"gold_per_floor":[110,110,35,35,35,35,78,78,104,104,125,125,166,186,186,186],"floor_reached":16,"playtime":831,"items_purged":["Defend_B"],"score":138,"play_id":"f05001f5-1735-4fb8-955d-a84be2005c14","local_time":"20190428164628","is_ascension_mode":true,"campfire_choices":[{"data":"Zap","floor":6,"key":"SMITH"},{"floor":8,"key":"REST"},{"data":"Dualcast","floor":10,"key":"SMITH"},{"data":"Defragment","floor":15,"key":"SMITH"}],"neow_cost":"NONE","seed_source_timestamp":1548197655606201,"circlet_count":0,"master_deck":["Strike_B","Strike_B","Defend_B","Defend_B","Zap+1","Dualcast+1","Self Repair","Genetic Algorithm","Capacitor","Fission","Defragment+1"],"relics":["Cracked Core","Golden Idol","Dream Catcher","Pear","Letter Opener"],"potions_floor_usage":[13,13,16],"damage_taken":[{"damage":10,"enemies":"Cultist","floor":1,"turns":4},{"damage":25,"enemies":"Lagavulin","floor":7,"turns":6},{"damage":7,"enemies":"2 Louse","floor":11,"turns":3},{"damage":18,"enemies":"Gremlin Nob","floor":13,"turns":3},{"damage":7,"enemies":"Jaw Worm","floor":14,"turns":3},{"damage":23,"enemies":"The Guardian","floor":16,"turns":9}],"seed_played":"-6974538601655075779","potions_obtained":[{"floor":7,"key":"PowerPotion"},{"floor":11,"key":"AttackPotion"},{"floor":14,"key":"EssenceOfSteel"}],"is_trial":false,"path_per_floor":["M","?","$","?","?","R","E","R","T","R","M","?","E","M","R","B"],"character_chosen":"DEFECT","items_purchased":[],"campfire_rested":1,"item_purchase_floors":[],"current_hp_per_floor":[58,40,40,33,33,33,8,30,30,30,30,33,22,22,22,0],"gold":186,"neow_bonus":"REMOVE_CARD","is_prod":false,"is_daily":false,"chose_seed":false,"campfire_upgraded":3,"win_rate":0,"timestamp":1556484388,"path_taken":["M","?","$","?","?","R","E","R","T","R","?","?","E","M","R","BOSS"],"build_version":"2019-01-23","purchased_purges":1,"victory":false,"max_hp_per_floor":[75,75,75,75,75,75,75,75,75,75,75,85,85,85,85,85],"card_choices":[{"not_picked":["Streamline","Rip and Tear","Compile Driver"],"picked":"SKIP","floor":1},{"not_picked":["Beam Cell","Leap"],"picked":"Self Repair","floor":7},{"not_picked":["Auto Shields","Cold Snap"],"picked":"Genetic Algorithm","floor":8},{"not_picked":["Compile Driver","Sweeping Beam"],"picked":"Capacitor","floor":11},{"not_picked":["Melter","Steam"],"picked":"Fission","floor":13},{"not_picked":["Aggregate","Beam Cell"],"picked":"Defragment","floor":14}],"player_experience":109807,"relics_obtained":[{"floor":7,"key":"Dream Catcher"},{"floor":13,"key":"Letter Opener"}],"event_choices":[{"damage_healed":0,"gold_gain":0,"player_choice":"Take Damage","damage_taken":18,"relics_obtained":["Golden Idol"],"max_hp_gain":0,"max_hp_loss":0,"event_name":"Golden Idol","floor":2,"gold_loss":0},{"cards_removed":["Strike_B"],"damage_healed":0,"gold_gain":0,"player_choice":"Card Removal","damage_taken":7,"max_hp_gain":0,"max_hp_loss":0,"event_name":"Golden Wing","floor":4,"gold_loss":0},{"cards_removed":["Defend_B"],"damage_healed":0,"gold_gain":0,"player_choice":"Forget","damage_taken":0,"max_hp_gain":0,"max_hp_loss":0,"event_name":"Living Wall","floor":5,"gold_loss":0},{"damage_healed":0,"gold_gain":0,"player_choice":"Success","damage_taken":7,"relics_obtained":["Pear"],"max_hp_gain":0,"max_hp_loss":0,"event_name":"Scrap Ooze","floor":12,"gold_loss":0}],"is_beta":false,"boss_relics":[],"items_purged_floors":[3],"is_endless":false,"potions_floor_spawned":[7,11,14],"killed_by":"The Guardian","ascension_level":6}