{"path_per_floor":["M","?","?","M","M","E","R","M","T","?","M","?","M","$","R","B",null,"M","M","M","M","$","R","M","R","T","M","M","T","M","?","R"],"character_chosen":"THE_SILENT","items_purchased":["Accuracy","Bottled Tornado"],"gold_per_floor":[115,115,190,209,228,259,259,271,271,271,289,289,299,185,185,281,281,292,309,322,335,90,90,104,104,104,119,133,133,149,149,149],"floor_reached":33,"campfire_rested":4,"playtime":4431,"current_hp_per_floor":[70,63,52,52,52,10,31,31,31,31,31,31,31,31,31,25,70,57,43,33,8,8,29,10,31,31,8,8,8,8,8,29],"items_purged":["Deadly Poison"],"gold":149,"score":253,"play_id":"f38faade-7eab-42e9-bc80-7b1afe01082f","local_time":"20180314223538","is_prod":false,"is_daily":false,"is_ascension_mode":false,"campfire_upgraded":1,"timestamp":1521092138,"path_taken":["M","?","?","?","M","E","R","M","T","?","M","?","?","$","R","BOSS","M","?","M","M","$","R","M","R","T","?","M","?","M","?","R","BOSS"],"build_version":"2018-03-09","purchased_purges":1,"victory":false,"master_deck":["Defend_G","Defend_G","Defend_G","Defend_G","Defend_G","Strike_G","Strike_G","Strike_G","Survivor","Neutralize","Deflect","After Image","Malaise","Blade Dance","Dagger Spray","A Thousand Cuts+1","Dagger Spray","Accuracy","Venomology","Cloak And Dagger","Writhe"],"max_hp_per_floor":[70,70,70,70,70,70,70,70,70,70,70,70,70,70,70,70,70,70,70,70,70,70,70,70,70,70,70,70,70,70,70,70],"relics":["Ring of the Snake","Ninja Scroll","Gambling Chip","Velvet Choker","Bottled Tornado","Sundial","Letter Opener","Bronze Scales"],"card_choices":[{"not_picked":["Outmaneuver","Dodge and Roll"],"picked":"Deflect"},{"not_picked":["Endless Agony","Dagger Spray"],"picked":"Deadly Poison"},{"not_picked":["Dodge and Roll","Noxious Fumes"],"picked":"After Image"},{"not_picked":["Acrobatics","Underhanded Strike"],"picked":"Malaise"},{"not_picked":["Backflip","Acrobatics"],"picked":"Dagger Spray"},{"not_picked":["Well Laid Plans","Outmaneuver"],"picked":"Dagger Spray"},{"not_picked":["Burst","Unload"],"picked":"Venomology"},{"not_picked":["Predator","Blur"],"picked":"Cloak And Dagger"}],"player_experience":108897,"potions_floor_usage":[18,20,21,24,27,28,28,28,30,30,30,33],"damage_taken":[{"damage":0,"enemies":"Cultist","floor":1,"turns":4},{"damage":0,"enemies":"Small Slimes","floor":4,"turns":4},{"damage":0,"enemies":"2 Louse","floor":5,"turns":5},{"damage":42,"enemies":"3 Sentries","floor":6,"turns":15},{"damage":0,"enemies":"Large Slime","floor":8,"turns":9},{"damage":0,"enemies":"3 Louse","floor":11,"turns":3},{"damage":0,"enemies":"Gremlin Gang","floor":13,"turns":2},{"damage":6,"enemies":"The Guardian","floor":16,"turns":14},{"damage":13,"enemies":"Chosen","floor":18,"turns":5},{"damage":14,"enemies":"2 Thieves","floor":19,"turns":3},{"damage":10,"enemies":"Snake Plant","floor":20,"turns":9},{"damage":25,"enemies":"Snecko","floor":21,"turns":8},{"damage":19,"enemies":"Centurion and Healer","floor":24,"turns":5},{"damage":23,"enemies":"Sentry and Sphere","floor":27,"turns":6},{"damage":0,"enemies":"3 Cultists","floor":28,"turns":4},{"damage":0,"enemies":"Centurion and Healer","floor":30,"turns":8},{"damage":37,"enemies":"Collector","floor":33,"turns":8}],"event_choices":[{"event_name":"Golden Wing","player_choice":"Card Removal","floor":2,"damage_taken":0},{"event_name":"World of Goop","player_choice":"Gather Gold","floor":3,"damage_taken":0},{"event_name":"Match and Keep!","player_choice":"1 cards matched","floor":10,"damage_taken":0},{"event_name":"Transmorgrifier","player_choice":"Transform","floor":12,"damage_taken":0},{"event_name":"The Mausoleum","player_choice":"Yes","floor":31,"damage_taken":0}],"boss_relics":[{"not_picked":["White Beast Statue","Tiny House"],"picked":"Velvet Choker"}],"potions_floor_spawned":[6,8,13,16,19,24,27,28],"seed_played":"5452483879955669327","killed_by":"Collector","ascension_level":0,"is_trial":false}