{"path_per_floor":["M","?","M","M","?","R","E","R","T","$","M","M","M","?","R","B",null,"M","$","M","?","M","R","E","R","T","E","M","M","R","M","R","B",null,"M","$","M","?","M","E","?"],"character_chosen":"THE_SILENT","items_purchased":["Apotheosis","Malaise","Underhanded Strike"],"gold_per_floor":[117,117,128,141,216,216,243,243,243,30,50,62,79,79,79,175,175,190,39,50,0,13,13,43,43,43,372,384,395,395,411,411,508,508,527,409,421,421,435,461,461,461],"floor_reached":42,"campfire_rested":4,"playtime":4482,"current_hp_per_floor":[58,58,58,58,47,47,10,31,31,31,31,27,24,24,24,42,67,55,55,44,44,24,46,39,39,39,36,24,12,34,23,45,59,71,71,71,65,56,35,35,35,0],"items_purged":["Decay","Strike_G"],"gold":461,"score":768,"play_id":"6a810b98-b389-4c86-a00b-d6f716bc0422","local_time":"20180519144623","is_prod":false,"is_daily":false,"chose_seed":false,"is_ascension_mode":true,"campfire_upgraded":3,"timestamp":1526766383,"campfire_choices":[{"data":"Footwork","floor":6,"key":"SMITH"},{"floor":8,"key":"REST"},{"data":"Apotheosis","floor":15,"key":"SMITH"},{"floor":23,"key":"REST"},{"data":"Backstab","floor":25,"key":"SMITH"},{"floor":30,"key":"REST"},{"floor":32,"key":"REST"}],"path_taken":["M","?","?","?","?","R","E","R","T","$","M","?","M","?","R","BOSS","M","$","M","?","M","R","E","R","T","E","M","M","R","M","R","BOSS","M","$","M","?","M","E","?","E"],"build_version":"2018-05-17","seed_source_timestamp":135141787827661,"purchased_purges":2,"victory":false,"master_deck":["Defend_G","Defend_G","Defend_G","Defend_G","Defend_G","Strike_G","Strike_G","Strike_G","Strike_G","Survivor","Neutralize+1","AscendersBane","Predator","Sucker Punch","Footwork","Apotheosis+1","Dagger Throw","Backstab+1","Backflip","A Thousand Cuts","Flying Knee","Malaise","Backflip+1","Dodge and Roll+1","Footwork","Quick Slash+1","Dagger Spray","Caltrops","Dagger Throw","Prepared","Underhanded Strike","Madness","Madness","Malaise+1","Backflip"],"max_hp_per_floor":[70,70,70,70,70,70,70,70,70,70,70,75,75,75,75,75,75,75,75,75,75,75,75,75,75,75,75,75,75,75,75,75,75,75,75,75,75,75,75,75,75,75],"relics":["Ring of the Snake","Dream Catcher","Gremlin Horn","Pantograph","Sozu","The Courier","Paper Crane","Old Coin","Runic Dome","Lantern"],"card_choices":[{"not_picked":["Eviscerate","Prepared"],"picked":"Predator","floor":1},{"not_picked":["Cloak And Dagger","Flying Knee"],"picked":"Sucker Punch","floor":3},{"not_picked":["Leg Sweep","Flying Knee"],"picked":"Footwork","floor":4},{"not_picked":["Setup","Underhanded Strike"],"picked":"Footwork","floor":7},{"not_picked":["Quick Slash","Accuracy"],"picked":"Dagger Throw","floor":11},{"not_picked":["Prepared","Sucker Punch"],"picked":"Backstab","floor":12},{"not_picked":["Dagger Throw","Poisoned Stab"],"picked":"Backflip","floor":13},{"not_picked":["Doppelganger","Wraith Form v2"],"picked":"A Thousand Cuts","floor":16},{"not_picked":["Backflip","Quick Slash"],"picked":"Flying Knee","floor":18},{"not_picked":["Sucker Punch+1","Setup"],"picked":"Backflip+1","floor":20},{"not_picked":["Setup+1","PiercingWail+1","Concentrate"],"picked":"SKIP","floor":22},{"not_picked":["Backflip","Malaise"],"picked":"Dodge and Roll+1","floor":23},{"not_picked":["Acrobatics","Underhanded Strike"],"picked":"Footwork","floor":24},{"not_picked":["Tactician","Blade Dance","Endless Agony"],"picked":"SKIP","floor":27},{"not_picked":["Calculated Gamble","Outmaneuver"],"picked":"Quick Slash+1","floor":28},{"not_picked":["Dagger Throw","Cloak And Dagger"],"picked":"Dagger Spray","floor":29},{"not_picked":["Dagger Spray","Deadly Poison"],"picked":"Caltrops","floor":30},{"not_picked":["Bane","Wraith Form v2","Deadly Poison"],"picked":"SKIP","floor":31},{"not_picked":["Sucker Punch+1","Acrobatics"],"picked":"Dagger Throw","floor":32},{"not_picked":["Eviscerate","Flechettes+1"],"picked":"Prepared","floor":35},{"not_picked":["Dagger Spray+1","Acrobatics+1","Outmaneuver"],"picked":"SKIP","floor":37},{"not_picked":["Slice+1","Acrobatics"],"picked":"Malaise+1","floor":39},{"not_picked":["Footwork+1","Flying Knee+1"],"picked":"Backflip","floor":40}],"player_experience":450815,"potions_floor_usage":[7,12,24],"damage_taken":[{"damage":5,"enemies":"Jaw Worm","floor":1,"turns":7},{"damage":0,"enemies":"2 Louse","floor":3,"turns":2},{"damage":0,"enemies":"Cultist","floor":4,"turns":3},{"damage":37,"enemies":"Gremlin Nob","floor":7,"turns":6},{"damage":0,"enemies":"Red Slaver","floor":11,"turns":9},{"damage":9,"enemies":"Lots of Slimes","floor":12,"turns":5},{"damage":3,"enemies":"2 Fungi Beasts","floor":13,"turns":3},{"damage":7,"enemies":"The Guardian","floor":16,"turns":13},{"damage":12,"enemies":"Shell Parasite","floor":18,"turns":7},{"damage":11,"enemies":"Chosen","floor":20,"turns":7},{"damage":20,"enemies":"Slaver and Parasite","floor":22,"turns":7},{"damage":7,"enemies":"Gremlin Leader","floor":24,"turns":8},{"damage":3,"enemies":"Book of Stabbing","floor":27,"turns":9},{"damage":12,"enemies":"Snecko","floor":28,"turns":8},{"damage":12,"enemies":"Chosen and Byrds","floor":29,"turns":7},{"damage":11,"enemies":"Centurion and Healer","floor":31,"turns":8},{"damage":11,"enemies":"Champ","floor":33,"turns":16},{"damage":0,"enemies":"3 Shapes","floor":35,"turns":5},{"damage":6,"enemies":"Orb Walker","floor":37,"turns":4},{"damage":21,"enemies":"Maw","floor":39,"turns":9},{"damage":0,"enemies":"Giant Head","floor":40,"turns":13},{"damage":45,"enemies":"2 Orb Walkers","floor":42,"turns":3}],"relics_obtained":[{"floor":7,"key":"Gremlin Horn"},{"floor":9,"key":"Pantograph"},{"floor":24,"key":"The Courier"},{"floor":26,"key":"Paper Crane"},{"floor":27,"key":"Old Coin"},{"floor":40,"key":"Lantern"}],"event_choices":[{"event_name":"Living Wall","player_choice":"Grow","floor":2,"damage_taken":0},{"event_name":"World of Goop","player_choice":"Gather Gold","floor":5,"damage_taken":0},{"event_name":"Wheel of Change","player_choice":"Curse","floor":14,"damage_taken":0},{"event_name":"Masked Bandits","player_choice":"Paid Bandits 50 gold","floor":21,"damage_taken":0},{"event_name":"Winding Halls","player_choice":"Embrace Madness","floor":38,"damage_taken":0}],"boss_relics":[{"not_picked":["Calling Bell","Lizard Tail"],"picked":"Sozu"},{"not_picked":["Runic Pyramid","Orrery"],"picked":"Runic Dome"}],"potions_floor_spawned":[1,11,16,18,22,27,31,33,37,39],"seed_played":"2736957146078917186","killed_by":"2 Orb Walkers","ascension_level":10,"potions_obtained":[{"floor":1,"key":"AttackPotion"},{"floor":11,"key":"Fruit Juice"},{"floor":16,"key":"SteroidPotion"}],"is_trial":false}