{"gold_per_floor":[109,10,25,45,45,74,74,93,119,119,151,151,101,1,1,104,104,119,51,69,69,79,105,105,119,119,0,0,18,51,62,62,164,164,183,200,216,216,231,231,246,264,264,291,291,291],"floor_reached":46,"playtime":2681,"items_purged":["Strike_G","Defend_G"],"score":553,"play_id":"0c9ad6f7-0e48-4311-899f-5ae7d611f78d","local_time":"20181021131039","is_ascension_mode":true,"campfire_choices":[{"data":"Crippling Poison","floor":10,"key":"SMITH"},{"data":"Noxious Fumes","floor":12,"key":"SMITH"},{"data":"Backflip","floor":15,"key":"SMITH"},{"floor":24,"key":"REST"},{"floor":28,"key":"REST"},{"floor":32,"key":"REST"},{"data":"Catalyst","floor":40,"key":"SMITH"},{"floor":45,"key":"REST"}],"neow_cost":"NONE","seed_source_timestamp":7439396988029,"circlet_count":0,"master_deck":["Defend_G","Defend_G","Defend_G","Defend_G","Strike_G","Strike_G","Strike_G","Survivor","Neutralize","Quick Slash","Backflip+1","Noxious Fumes+1","Crippling Poison+1","Blade Dance","Deadly Poison","Noxious Fumes","After Image","Outmaneuver","Bouncing Flask","Dodge and Roll","Quick Slash+1","Deadly Poison+1","Catalyst+1","Flying Knee","Doppelganger","Dodge and Roll+1","Poisoned Stab","Writhe","Outmaneuver+1"],"relics":["Ring of the Snake","NeowsBlessing","Ancient Tea Set","Potion Belt","Anchor","Runic Dome","Torii","Mercury Hourglass","Lantern","Lizard Tail","Mummified Hand","Tough Bandages"],"potions_floor_usage":[22,22,22,30,33,33,33,33,36,37,42,44,46],"damage_taken":[{"damage":0,"enemies":"Jaw Worm","floor":1,"turns":1},{"damage":0,"enemies":"2 Louse","floor":3,"turns":1},{"damage":0,"enemies":"Cultist","floor":4,"turns":1},{"damage":12,"enemies":"3 Sentries","floor":6,"turns":7},{"damage":4,"enemies":"Blue Slaver","floor":8,"turns":5},{"damage":11,"enemies":"Lagavulin","floor":11,"turns":5},{"damage":15,"enemies":"Hexaghost","floor":16,"turns":8},{"damage":8,"enemies":"2 Thieves","floor":18,"turns":4},{"damage":3,"enemies":"Shell Parasite","floor":20,"turns":4},{"damage":12,"enemies":"Centurion and Healer","floor":22,"turns":5},{"damage":22,"enemies":"Book of Stabbing","floor":23,"turns":6},{"damage":0,"enemies":"3 Cultists","floor":25,"turns":4},{"damage":3,"enemies":"Snake Plant","floor":29,"turns":3},{"damage":14,"enemies":"Gremlin Leader","floor":30,"turns":4},{"damage":27,"enemies":"Shelled Parasite and Fungi","floor":31,"turns":5},{"damage":14,"enemies":"Collector","floor":33,"turns":6},{"damage":0,"enemies":"3 Shapes","floor":35,"turns":2},{"damage":9,"enemies":"3 Darklings","floor":36,"turns":4},{"damage":10,"enemies":"Maw","floor":37,"turns":6},{"damage":34,"enemies":"Jaw Worm Horde","floor":39,"turns":4},{"damage":18,"enemies":"4 Shapes","floor":41,"turns":4},{"damage":7,"enemies":"Maw","floor":42,"turns":6},{"damage":31,"enemies":"Nemesis","floor":44,"turns":5},{"damage":60,"enemies":"Reptomancer","floor":46,"turns":2}],"seed_played":"-5417796495779362461","potions_obtained":[{"floor":1,"key":"Ancient Potion"},{"floor":3,"key":"Weak Potion"},{"floor":11,"key":"GamblersBrew"},{"floor":16,"key":"Energy Potion"},{"floor":20,"key":"SpeedPotion"},{"floor":22,"key":"Block Potion"},{"floor":23,"key":"AttackPotion"},{"floor":31,"key":"Swift Potion"},{"floor":33,"key":"Fire Potion"},{"floor":35,"key":"GhostInAJar"},{"floor":41,"key":"Swift Potion"},{"floor":42,"key":"FearPotion"},{"floor":44,"key":"Swift Potion"}],"is_trial":false,"path_per_floor":["M","$","M","M","?","E","?","M","T","R","E","R","?","$","R","B",null,"M","$","M","$","M","E","R","M","T","?","R","M","E","M","R","B",null,"M","M","M","?","M","R","M","M","T","E","R"],"character_chosen":"THE_SILENT","items_purchased":["Backflip","Bouncing Flask"],"campfire_rested":4,"item_purchase_floors":[2,19],"current_hp_per_floor":[70,70,70,70,70,58,70,66,66,66,55,55,55,55,55,40,70,62,62,59,59,47,25,46,46,46,46,67,64,50,23,44,30,70,70,61,51,69,35,35,17,10,10,35,56,0],"gold":291,"neow_bonus":"THREE_ENEMY_KILL","is_prod":false,"is_daily":false,"chose_seed":false,"campfire_upgraded":4,"win_rate":0,"timestamp":1540120239,"path_taken":["M","$","M","M","?","E","?","M","T","R","E","R","?","?","R","BOSS","M","$","M","$","M","E","R","M","T","?","R","M","E","M","R","BOSS","M","M","M","?","M","R","M","M","T","E","R","E"],"build_version":"2018-10-18","purchased_purges":2,"victory":false,"max_hp_per_floor":[70,70,70,70,70,70,70,70,70,70,70,70,70,70,70,70,70,70,70,70,70,70,70,70,70,70,70,70,70,70,70,70,70,70,70,70,70,70,70,70,70,70,70,70,70,70],"card_choices":[{"not_picked":["Calculated Gamble","PiercingWail"],"picked":"Quick Slash","floor":1},{"not_picked":["Cloak And Dagger","Underhanded Strike"],"picked":"Noxious Fumes","floor":3},{"not_picked":["Expertise","Deadly Poison"],"picked":"Crippling Poison","floor":4},{"not_picked":["Prepared","Dagger Throw"],"picked":"Blade Dance","floor":6},{"not_picked":["Endless Agony","Cloak And Dagger"],"picked":"Deadly Poison","floor":8},{"not_picked":["Storm of Steel","Unload"],"picked":"Noxious Fumes","floor":11},{"not_picked":["Venomology","Adrenaline"],"picked":"After Image","floor":16},{"not_picked":["Deflect+1","Finisher"],"picked":"Outmaneuver","floor":18},{"not_picked":["Finisher","Bouncing Flask"],"picked":"Dodge and Roll","floor":20},{"not_picked":["Outmaneuver","Cloak And Dagger+1"],"picked":"Quick Slash+1","floor":22},{"not_picked":["Skewer+1","Heel Hook","Storm of Steel"],"picked":"SKIP","floor":23},{"not_picked":["Prepared+1","Sucker Punch"],"picked":"Deadly Poison+1","floor":25},{"not_picked":["Prepared","Slice"],"picked":"Catalyst","floor":29},{"not_picked":["Sucker Punch","Blade Dance","All Out Attack"],"picked":"SKIP","floor":30},{"not_picked":["PiercingWail","Prepared"],"picked":"Flying Knee","floor":31},{"not_picked":["Glass Knife","Tools of the Trade"],"picked":"Doppelganger","floor":33},{"not_picked":["Blade Dance","Bane"],"picked":"Dodge and Roll+1","floor":35},{"not_picked":["Sucker Punch+1","Cloak And Dagger+1"],"picked":"Poisoned Stab","floor":36},{"not_picked":["Backstab","Dagger Throw+1","Blade Dance"],"picked":"SKIP","floor":37},{"not_picked":["Infinite Blades","Tactician+1","Deadly Poison+1"],"picked":"SKIP","floor":39},{"not_picked":["Die Die Die","Deflect"],"picked":"Outmaneuver+1","floor":41},{"not_picked":["Cloak And Dagger","Sucker Punch","Choke+1"],"picked":"SKIP","floor":42},{"not_picked":["Deflect+1","Eviscerate+1","Underhanded Strike+1"],"picked":"SKIP","floor":44}],"player_experience":128779,"relics_obtained":[{"floor":6,"key":"Ancient Tea Set"},{"floor":9,"key":"Potion Belt"},{"floor":11,"key":"Anchor"},{"floor":23,"key":"Torii"},{"floor":26,"key":"Mercury Hourglass"},{"floor":30,"key":"Lantern"},{"floor":43,"key":"Mummified Hand"},{"floor":44,"key":"Tough Bandages"}],"event_choices":[{"damage_healed":0,"gold_gain":0,"player_choice":"Ignored","damage_taken":0,"max_hp_gain":0,"max_hp_loss":0,"event_name":"Liars Game","floor":5,"gold_loss":0},{"damage_healed":23,"gold_gain":0,"player_choice":"Banana","damage_taken":0,"max_hp_gain":0,"max_hp_loss":0,"event_name":"Big Fish","floor":7,"gold_loss":0},{"cards_removed":["Strike_G"],"damage_healed":0,"gold_gain":0,"player_choice":"Card Removal","damage_taken":0,"max_hp_gain":0,"max_hp_loss":0,"event_name":"The Cleric","floor":13,"gold_loss":50},{"damage_healed":0,"gold_gain":0,"player_choice":"Paid Fearfully","damage_taken":0,"max_hp_gain":0,"max_hp_loss":0,"event_name":"Masked Bandits","floor":27,"gold_loss":119},{"damage_healed":18,"gold_gain":0,"player_choice":"Writhe","damage_taken":0,"max_hp_gain":0,"max_hp_loss":0,"event_name":"Winding Halls","floor":38,"gold_loss":0,"cards_obtained":["Writhe"]}],"is_beta":false,"boss_relics":[{"not_picked":["Tiny House","Eternal Feather"],"picked":"Runic Dome"},{"not_picked":["Snecko Eye","HoveringKite"],"picked":"Lizard Tail"}],"items_purged_floors":[2,14],"is_endless":false,"potions_floor_spawned":[1,3,11,16,20,22,23,31,33,35,41,42,44],"killed_by":"Reptomancer","ascension_level":1}