{"gold_per_floor":[15,15,15,190,201,201,201,229,279,177,187,187,187,187],"floor_reached":14,"playtime":465,"items_purged":["Regret"],"score":115,"play_id":"e0e7d94b-7cd8-4cdb-beff-aed22b64330e","local_time":"20181205204959","is_ascension_mode":true,"campfire_choices":[{"data":"Offering","floor":6,"key":"SMITH"},{"floor":12,"key":"REST"}],"neow_cost":"NO_GOLD","seed_source_timestamp":1131123733834595,"circlet_count":0,"master_deck":["Strike_R","Strike_R","Strike_R","Strike_R","Strike_R","Defend_R","Defend_R","Defend_R","Defend_R","Bash","Offering+1","Doubt","Uppercut","Shrug It Off"],"relics":["Burning Blood","Boot","Bronze Scales","Gambling Chip","Strawberry"],"potions_floor_usage":[13],"damage_taken":[{"damage":6,"enemies":"2 Louse","floor":1,"turns":2},{"damage":15,"enemies":"Jaw Worm","floor":5,"turns":3},{"damage":64,"enemies":"Gremlin Nob","floor":8,"turns":4},{"damage":6,"enemies":"Cultist","floor":11,"turns":2},{"damage":26,"enemies":"3 Sentries","floor":13,"turns":4},{"damage":16,"enemies":"Large Slime","floor":14,"turns":4}],"seed_played":"-2368562879123622150","potions_obtained":[{"floor":5,"key":"SteroidPotion"},{"floor":11,"key":"SmokeBomb"}],"is_trial":false,"path_per_floor":["M","$","?","?","M","R","?","E","T","$","M","R","E","M"],"character_chosen":"IRONCLAD","items_purchased":["Shrug It Off"],"campfire_rested":1,"item_purchase_floors":[10],"current_hp_per_floor":[80,80,80,80,71,71,71,13,20,20,20,46,26,10],"gold":187,"neow_bonus":"THREE_RARE_CARDS","is_prod":false,"is_daily":false,"chose_seed":false,"campfire_upgraded":1,"win_rate":0,"timestamp":1544039399,"path_taken":["M","$","?","?","M","R","?","E","T","$","?","R","E","M"],"build_version":"2018-11-15","purchased_purges":1,"victory":false,"max_hp_per_floor":[80,80,80,80,80,80,80,80,87,87,87,87,87,87],"card_choices":[{"not_picked":["Bludgeon","Feed"],"picked":"Offering","floor":0},{"not_picked":["Headbutt","Wild Strike","Corruption"],"picked":"SKIP","floor":1},{"not_picked":["Wild Strike","Thunderclap"],"picked":"Uppercut","floor":5},{"not_picked":["True Grit","Reckless Charge","Berserk"],"picked":"SKIP","floor":8},{"not_picked":["Havoc","Dropkick","Iron Wave"],"picked":"SKIP","floor":11}],"player_experience":145217,"relics_obtained":[{"floor":8,"key":"Gambling Chip"},{"floor":9,"key":"Strawberry"}],"event_choices":[{"damage_healed":0,"gold_gain":0,"player_choice":"Box","damage_taken":0,"relics_obtained":["Boot"],"max_hp_gain":0,"max_hp_loss":0,"event_name":"Big Fish","floor":3,"gold_loss":0,"cards_obtained":["Regret"]},{"damage_healed":0,"gold_gain":175,"player_choice":"AGREE","damage_taken":0,"max_hp_gain":0,"max_hp_loss":0,"event_name":"Liars Game","floor":4,"gold_loss":0,"cards_obtained":["Doubt"]},{"damage_healed":0,"gold_gain":0,"player_choice":"Gave Potion","damage_taken":0,"relics_obtained":["Bronze Scales"],"max_hp_gain":0,"max_hp_loss":0,"event_name":"WeMeetAgain","floor":7,"gold_loss":0}],"is_beta":false,"boss_relics":[],"items_purged_floors":[10],"is_endless":false,"potions_floor_spawned":[5,11],"killed_by":"Large Slime","ascension_level":4}