{"gold_per_floor":[110,120,140,160,176,207,207,219,271,283,310,334,371,403,415,502,514,540,562,574,602,614],"floor_reached":22,"playtime":3952,"items_purged":[],"score":377,"play_id":"af2c3fe2-117e-4c18-8fda-0ed2763df67d","local_time":"20181110002359","is_ascension_mode":true,"campfire_choices":[{"data":"Zap","floor":7.0,"key":"SMITH"},{"data":"Dualcast","floor":10.0,"key":"SMITH"},{"data":"Go for the Eyes","floor":15.0,"key":"SMITH"}],"neow_cost":"NONE","seed_source_timestamp":0,"circlet_count":0,"master_deck":["AscendersBane","Strike_B","Strike_B","Strike_B","Strike_B","Defend_B","Defend_B","Defend_B","Defend_B","Zap+1","Dualcast+1","Ball Lightning","Self Repair","Cold Snap","Seek","Sunder","Coolheaded","Coolheaded","FTL","Go for the Eyes+1","Electrodynamics","Zap","Go for the Eyes"],"special_seed":0,"relics":["Cracked Core","Vajra","MawBank","Centennial Puzzle","Sozu"],"potions_floor_usage":[],"damage_taken":[{"damage":1.0,"enemies":"Cultist","floor":1.0,"turns":3.0},{"damage":2.0,"enemies":"Jaw Worm","floor":2.0,"turns":3.0},{"damage":5.0,"enemies":"2 Louse","floor":3.0,"turns":3.0},{"damage":8.0,"enemies":"2 Fungi Beasts","floor":4.0,"turns":4.0},{"damage":16.0,"enemies":"3 Louse","floor":5.0,"turns":4.0},{"damage":6.0,"enemies":"3 Sentries","floor":6.0,"turns":7.0},{"damage":15.0,"enemies":"Exordium Thugs","floor":8.0,"turns":3.0},{"damage":6.0,"enemies":"Blue Slaver","floor":11.0,"turns":2.0},{"damage":0.0,"enemies":"2 Fungi Beasts","floor":12.0,"turns":4.0},{"damage":16.0,"enemies":"Lagavulin","floor":13.0,"turns":7.0},{"damage":0.0,"enemies":"Large Slime","floor":14.0,"turns":4.0},{"damage":28.0,"enemies":"Hexaghost","floor":16.0,"turns":8.0},{"damage":20.0,"enemies":"2 Thieves","floor":18.0,"turns":3.0},{"damage":14.0,"enemies":"Shell Parasite","floor":19.0,"turns":5.0},{"damage":5,"enemies":"3 Cultists","floor":21,"turns":3},{"damage":45,"enemies":"Cultist and Chosen","floor":22,"turns":5}],"seed_played":"-7731991060957514165","potions_obtained":[{"floor":2.0,"key":"FearPotion"},{"floor":4.0,"key":"AttackPotion"},{"floor":5.0,"key":"LiquidBronze"},{"floor":8.0,"key":"LiquidBronze"},{"floor":16.0,"key":"Strength Potion"}],"is_trial":false,"path_per_floor":["M","M","M","M","M","E","R","M","T","R","M","M","E","M","R","B",null,"M","M","?","M","M"],"character_chosen":"DEFECT","items_purchased":[],"campfire_rested":0,"item_purchase_floors":[],"current_hp_per_floor":[70,68,63,62,53,54,54,39,39,39,33,40,31,38,38,17,63,50,43,43,45,0],"gold":614,"neow_bonus":"TEN_PERCENT_HP_BONUS","is_prod":false,"is_daily":false,"chose_seed":false,"campfire_upgraded":3,"win_rate":0,"timestamp":1541838239,"path_taken":["M","M","M","M","M","E","R","?","T","R","M","M","E","M","R","BOSS","M","M","?","M","M"],"build_version":"2018-11-08","purchased_purges":0,"victory":false,"max_hp_per_floor":[78,78,78,78,78,78,78,78,78,78,78,78,78,78,78,78,78,78,78,78,78,78],"card_choices":[{"not_picked":["Streamline","Stack"],"picked":"Ball Lightning","floor":1.0},{"not_picked":["Heatsinks","Stack","Redo"],"picked":"SKIP","floor":2.0},{"not_picked":["Barrage","Stack"],"picked":"Self Repair","floor":3.0},{"not_picked":["Streamline","Conserve Battery"],"picked":"Cold Snap","floor":4.0},{"not_picked":["Cold Snap","Self Repair"],"picked":"Seek","floor":5.0},{"not_picked":["Streamline","Turbo"],"picked":"Sunder","floor":6.0},{"not_picked":["Rebound","Chaos"],"picked":"Coolheaded","floor":8.0},{"not_picked":["Redo","Barrage"],"picked":"Coolheaded","floor":11.0},{"not_picked":["Rebound","Barrage","Beam Cell"],"picked":"SKIP","floor":12.0},{"not_picked":["Chaos","Force Field"],"picked":"FTL","floor":13.0},{"not_picked":["Auto Shields","Self Repair"],"picked":"Go for the Eyes","floor":14.0},{"not_picked":["Fission","Thunder Strike"],"picked":"Electrodynamics","floor":16.0},{"not_picked":["Turbo","Compile Driver","Storm"],"picked":"SKIP","floor":18.0},{"not_picked":["Compile Driver","Barrage","Blizzard"],"picked":"SKIP","floor":19.0},{"not_picked":["Steam","Compile Driver"],"picked":"Go for the Eyes","floor":21}],"player_experience":1043857,"relics_obtained":[{"floor":6.0,"key":"Vajra"},{"floor":9.0,"key":"MawBank"},{"floor":13.0,"key":"Centennial Puzzle"}],"event_choices":[{"damage_healed":0,"gold_gain":0,"player_choice":"1 cards matched","damage_taken":0,"max_hp_gain":0,"max_hp_loss":0,"event_name":"Match and Keep!","floor":20,"gold_loss":0,"cards_obtained":["Zap"]}],"is_beta":false,"boss_relics":[{"not_picked":["Snecko Eye","White Beast Statue"],"picked":"Sozu"}],"items_purged_floors":[],"is_endless":false,"potions_floor_spawned":[2,4,5,8,13,14,16,18],"killed_by":"Cultist and Chosen","ascension_level":17}