{"path_per_floor":["M","?","M","M","$","R","M","R","T","R","?","M","M","E","R","B",null,"M","M","?","M","?","R","E","M","T","R","?","R","M"],"character_chosen":"THE_SILENT","items_purchased":["Glass Knife"],"gold_per_floor":[110,60,80,91,10,10,29,29,29,29,29,39,55,85,85,181,181,194,204,119,138,88,88,115,135,207,207,241,241,253,253],"floor_reached":31,"campfire_rested":3,"playtime":1887,"item_purchase_floors":[],"current_hp_per_floor":[63,63,62,61,61,61,61,61,61,61,54,53,53,46,46,25,59,48,39,39,28,28,57,33,9,9,38,1,30,8,0],"items_purged":[],"gold":253,"score":411,"play_id":"29d0b520-4e96-46a7-b088-175aaf031846","local_time":"20180526204245","is_prod":false,"is_daily":false,"chose_seed":false,"is_ascension_mode":true,"campfire_upgraded":4,"win_rate":0,"timestamp":1527392565,"campfire_choices":[{"data":"Glass Knife","floor":6.0,"key":"SMITH"},{"data":"Neutralize","floor":8.0,"key":"SMITH"},{"data":"Survivor","floor":10.0,"key":"SMITH"},{"data":"Dagger Spray","floor":15.0,"key":"SMITH"},{"floor":23.0,"key":"REST"},{"floor":27.0,"key":"REST"},{"floor":29.0,"key":"REST"}],"path_taken":["M","?","M","M","$","R","?","R","T","R","?","M","M","E","R","BOSS","M","M","?","M","?","R","E","M","T","R","?","R","M","?"],"build_version":"2018-05-24","seed_source_timestamp":0,"purchased_purges":0,"victory":false,"master_deck":["Defend_G","Defend_G","Defend_G","Defend_G","Defend_G","Strike_G","Strike_G","Strike_G","Survivor+1","Neutralize+1","AscendersBane","Dagger Throw","Underhanded Strike","Cloak And Dagger","Cloak And Dagger","Glass Knife+1","Flying Knee","Heel Hook","Dagger Spray+1","After Image","Dagger Spray+1","Deflect+1","Dagger Throw","Sucker Punch","Slice"],"max_hp_per_floor":[70,70,70,70,70,70,70,70,70,70,70,70,70,70,70,70,70,70,70,70,70,70,70,70,70,70,70,70,70,70,70],"relics":["Ring of the Snake","Art of War","Bottled Flame","Eternal Feather","Bag of Preparation","Letter Opener","Ninja Scroll","Red Mask"],"card_choices":[{"not_picked":["Quick Slash","Eviscerate"],"picked":"Dagger Throw","floor":0.0},{"not_picked":["Acrobatics","Concentrate"],"picked":"Underhanded Strike","floor":1.0},{"not_picked":["Caltrops","Accuracy"],"picked":"Cloak And Dagger","floor":3.0},{"not_picked":["Bane","Outmaneuver"],"picked":"Cloak And Dagger","floor":4.0},{"not_picked":["Bane","Prepared"],"picked":"Flying Knee","floor":7.0},{"not_picked":["Blade Dance","Finisher","Flying Knee"],"picked":"SKIP","floor":12.0},{"not_picked":["Dodge and Roll","Riddle With Holes"],"picked":"Heel Hook","floor":13.0},{"not_picked":["Finisher","Riddle With Holes"],"picked":"Dagger Spray","floor":14.0},{"not_picked":["Tactician","Wraith Form v2"],"picked":"After Image","floor":16.0},{"not_picked":["Poisoned Stab","Blur"],"picked":"Dagger Spray+1","floor":18.0},{"not_picked":["Prepared","Expertise+1"],"picked":"Deflect+1","floor":19.0},{"not_picked":["All Out Attack","Poisoned Stab+1","Dagger Spray"],"picked":"SKIP","floor":21.0},{"not_picked":["Acrobatics","Distraction"],"picked":"Dagger Throw","floor":24.0},{"not_picked":["Dagger Spray+1","Masterful Stab"],"picked":"Sucker Punch","floor":25.0},{"not_picked":["Quick Slash+1","Flechettes+1"],"picked":"Slice","floor":30.0}],"player_experience":518098,"potions_floor_usage":[],"damage_taken":[{"damage":0.0,"enemies":"Small Slimes","floor":1.0,"turns":3.0},{"damage":1.0,"enemies":"2 Louse","floor":3.0,"turns":2.0},{"damage":1.0,"enemies":"Cultist","floor":4.0,"turns":4.0},{"damage":0.0,"enemies":"Looter","floor":7.0,"turns":3.0},{"damage":1.0,"enemies":"3 Louse","floor":12.0,"turns":3.0},{"damage":0.0,"enemies":"Large Slime","floor":13.0,"turns":3.0},{"damage":7.0,"enemies":"3 Sentries","floor":14.0,"turns":7.0},{"damage":21.0,"enemies":"Hexaghost","floor":16.0,"turns":11.0},{"damage":11.0,"enemies":"3 Byrds","floor":18.0,"turns":5.0},{"damage":9.0,"enemies":"Shell Parasite","floor":19.0,"turns":6.0},{"damage":11.0,"enemies":"Centurion and Healer","floor":21.0,"turns":8.0},{"damage":24.0,"enemies":"Slavers","floor":24.0,"turns":6.0},{"damage":24.0,"enemies":"Snake Plant","floor":25.0,"turns":7.0},{"damage":37.0,"enemies":"Masked Bandits","floor":28.0,"turns":5.0},{"damage":22.0,"enemies":"Snecko","floor":30.0,"turns":7.0},{"damage":11,"enemies":"Slaver and Parasite","floor":31,"turns":5}],"relics_obtained":[{"floor":9.0,"key":"Art of War"},{"floor":14.0,"key":"Bottled Flame"},{"floor":24.0,"key":"Letter Opener"},{"floor":26.0,"key":"Ninja Scroll"},{"floor":28.0,"key":"Red Mask"}],"event_choices":[{"event_name":"The Cleric","player_choice":"Card Removal","floor":2.0,"damage_taken":0.0},{"event_name":"Golden Wing","player_choice":"Card Removal","floor":11.0,"damage_taken":0.0},{"event_name":"Addict","player_choice":"Obtained Relic","floor":20.0,"damage_taken":0.0},{"event_name":"The Joust","player_choice":"Bet on Murderer","floor":22.0,"damage_taken":0.0},{"event_name":"Masked Bandits","player_choice":"Fought over 207 gold","floor":28.0,"damage_taken":0.0}],"boss_relics":[],"items_purged_floors":[],"potions_floor_spawned":[3,14,16,18,19],"seed_played":"2174846171704857824","killed_by":"Slaver and Parasite","ascension_level":12,"potions_obtained":[{"floor":3.0,"key":"Strength Potion"},{"floor":14.0,"key":"AttackPotion"},{"floor":16.0,"key":"Poison Potion"},{"floor":18.0,"key":"Weak Potion"},{"floor":19.0,"key":"LiquidBronze"}],"is_trial":false}