{"path_per_floor":["M","M","$","M","M","R","?","R","T","M","R","M","E","$","R","B",null,"M"],"character_chosen":"IRONCLAD","items_purchased":["Rupture"],"gold_per_floor":[19,35,35,47,67,67,97,97,97,111,111,126,185,29,29,106,106,118,118],"floor_reached":19,"campfire_rested":0,"playtime":986,"item_purchase_floors":[14],"current_hp_per_floor":[64,67,67,70,64,64,64,64,64,64,64,58,46,46,46,39,91,28,0],"items_purged":["Strike_R"],"gold":118,"score":397,"play_id":"7ef348df-cb0d-4353-8be0-803c76f78120","local_time":"20180606201411","is_prod":false,"is_daily":false,"chose_seed":false,"is_ascension_mode":true,"campfire_upgraded":4,"win_rate":0,"timestamp":1528341251,"campfire_choices":[{"data":"True Grit","floor":6,"key":"SMITH"},{"data":"Bash","floor":8,"key":"SMITH"},{"data":"Hemokinesis","floor":11,"key":"SMITH"},{"data":"Rupture","floor":15,"key":"SMITH"}],"path_taken":["M","M","$","M","M","R","?","R","T","M","R","M","E","$","R","BOSS","M","?"],"build_version":"2018-05-31","seed_source_timestamp":39094550454680,"purchased_purges":1,"victory":false,"master_deck":["Strike_R","Strike_R","Defend_R","Defend_R","Defend_R","Defend_R","Bash+1","AscendersBane","Warcry","Hemokinesis+1","True Grit+1","Seeing Red","Clash","Combust","Combust","Rupture+1","Offering","Writhe","Parasite","Pain","True Grit"],"max_hp_per_floor":[75,75,75,75,75,75,75,75,75,75,75,75,75,75,75,75,100,100,100],"relics":["Burning Blood","Darkstone Periapt","Mummified Hand","Tiny Chest","Calling Bell","Strawberry","Matryoshka","Girya"],"card_choices":[{"not_picked":["Corruption","Armaments","Twin Strike"],"picked":"SKIP","floor":1},{"not_picked":["Armaments","Pummel"],"picked":"True Grit","floor":2},{"not_picked":["Flex","Heavy Blade","Warcry"],"picked":"SKIP","floor":4},{"not_picked":["Spot Weakness","Havoc"],"picked":"Seeing Red","floor":5},{"not_picked":["Dual Wield","Sword Boomerang"],"picked":"Clash","floor":10},{"not_picked":["Evolve","Clash"],"picked":"Combust","floor":12},{"not_picked":["Sword Boomerang","Burning Pact"],"picked":"Combust","floor":13},{"not_picked":["Bludgeon","Immolate"],"picked":"Offering","floor":16},{"not_picked":["Pommel Strike","Searing Blow"],"picked":"True Grit","floor":18}],"player_experience":560388,"potions_floor_usage":[16,16,18,19,19],"damage_taken":[{"damage":10,"enemies":"Jaw Worm","floor":1,"turns":4},{"damage":3,"enemies":"2 Louse","floor":2,"turns":3},{"damage":3,"enemies":"Cultist","floor":4,"turns":4},{"damage":12,"enemies":"2 Fungi Beasts","floor":5,"turns":4},{"damage":6,"enemies":"Large Slime","floor":10,"turns":4},{"damage":12,"enemies":"3 Louse","floor":12,"turns":3},{"damage":18,"enemies":"3 Sentries","floor":13,"turns":6},{"damage":13,"enemies":"Slime Boss","floor":16,"turns":6},{"damage":69,"enemies":"3 Byrds","floor":18,"turns":5},{"damage":30,"enemies":"Masked Bandits","floor":19,"turns":3}],"relics_obtained":[{"floor":9,"key":"Mummified Hand"},{"floor":13,"key":"Tiny Chest"},{"floor":17,"key":"Strawberry"},{"floor":17,"key":"Matryoshka"},{"floor":17,"key":"Girya"}],"event_choices":[{"event_name":"Dead Adventurer","player_choice":"Searched \u00272\u0027 times","floor":7,"damage_taken":0},{"event_name":"Masked Bandits","player_choice":"Fought over 118 gold","floor":19,"damage_taken":0}],"boss_relics":[{"not_picked":["Lizard Tail","Tiny House"],"picked":"Calling Bell"}],"items_purged_floors":[14],"potions_floor_spawned":[1,12,13,16,18],"seed_played":"-5340841228807764490","killed_by":"Masked Bandits","ascension_level":14,"potions_obtained":[{"floor":1,"key":"Fire Potion"},{"floor":12,"key":"Dexterity Potion"},{"floor":13,"key":"GamblersBrew"},{"floor":16,"key":"Strength Potion"},{"floor":18,"key":"Ancient Potion"}],"is_trial":false}