{"gold_per_floor":[18,18,32,47,64,64,95,95,120,148,148,166,192,202,202,306,306,316,316,158,169,181,212,212,247,247,247,257,257,146,180,180,281,331,349,365,129,129,139,139,166,166,166,166,196,196,296,331,331,331,331,331,95,126,126],"floor_reached":55,"playtime":4503,"items_purged":["Bite","Defend_R"],"score":1248,"play_id":"a838f13d-73b1-403a-8e19-8c3d3b125cc8","local_time":"20190126152114","is_ascension_mode":true,"campfire_choices":[{"data":"Body Slam","floor":6.0,"key":"SMITH"},{"data":"Seeing Red","floor":11.0,"key":"SMITH"},{"data":"True Grit","floor":15.0,"key":"SMITH"},{"data":"Body Slam","floor":24.0,"key":"SMITH"},{"data":"Shockwave","floor":29.0,"key":"SMITH"},{"floor":32.0,"key":"RECALL"},{"data":"Uppercut","floor":40.0,"key":"SMITH"},{"data":"Blind","floor":42.0,"key":"SMITH"},{"data":"Spot Weakness","floor":46.0,"key":"SMITH"},{"data":"Shrug It Off","floor":49.0,"key":"SMITH"},{"data":"Power Through","floor":52.0,"key":"SMITH"}],"neow_cost":"NO_GOLD","seed_source_timestamp":0,"circlet_count":0,"master_deck":["Defend_R+1","Defend_R","Bash","Inflame","Twin Strike","Seeing Red+1","Body Slam+1","Battle Trance","Body Slam+1","True Grit+1","Inflame","Reaper","Power Through+1","Bite","Bite","Bite","Blind+1","Shockwave+1","Spot Weakness+1","Battle Trance","Metallicize","Uppercut+1","Dropkick","Ghostly Armor+1","Shrug It Off+1","Heavy Blade","Madness","Hemokinesis+1","Armaments+1","Ghostly Armor","Rage+1"],"special_seed":0,"relics":["Burning Blood","Incense Burner","PreservedInsect","Pen Nib","Lantern","Sozu","Happy Flower","Strawberry","Self Forming Clay","Dodecahedron","Tiny House","Calipers","Anchor","Du-Vu Doll","Sundial","Bag of Marbles","Bottled Lightning"],"potions_floor_usage":[],"damage_taken":[{"damage":23.0,"enemies":"Jaw Worm","floor":1.0,"turns":4.0},{"damage":1.0,"enemies":"Cultist","floor":3.0,"turns":4.0},{"damage":0.0,"enemies":"Small Slimes","floor":4.0,"turns":3.0},{"damage":1.0,"enemies":"Blue Slaver","floor":5.0,"turns":2.0},{"damage":23.0,"enemies":"Gremlin Nob","floor":7.0,"turns":4.0},{"damage":10.0,"enemies":"Lagavulin","floor":10.0,"turns":5.0},{"damage":4.0,"enemies":"Red Slaver","floor":12.0,"turns":2.0},{"damage":0.0,"enemies":"Gremlin Nob","floor":13.0,"turns":2.0},{"damage":13.0,"enemies":"Large Slime","floor":14.0,"turns":4.0},{"damage":12.0,"enemies":"The Guardian","floor":16.0,"turns":8.0},{"damage":28.0,"enemies":"2 Thieves","floor":18.0,"turns":4.0},{"damage":12.0,"enemies":"3 Byrds","floor":21.0,"turns":8.0},{"damage":22.0,"enemies":"Snake Plant","floor":22.0,"turns":4.0},{"damage":33.0,"enemies":"Book of Stabbing","floor":23.0,"turns":4.0},{"damage":31.0,"enemies":"Gremlin Leader","floor":25.0,"turns":7.0},{"damage":17.0,"enemies":"Shelled Parasite and Fungi","floor":28.0,"turns":5.0},{"damage":17.0,"enemies":"Book of Stabbing","floor":31.0,"turns":4.0},{"damage":23.0,"enemies":"Champ","floor":33.0,"turns":11.0},{"damage":11.0,"enemies":"3 Shapes","floor":35.0,"turns":6.0},{"damage":0.0,"enemies":"Orb Walker","floor":36.0,"turns":3.0},{"damage":45.0,"enemies":"3 Darklings","floor":39.0,"turns":7.0},{"damage":22.0,"enemies":"Reptomancer","floor":41.0,"turns":6.0},{"damage":13.0,"enemies":"Giant Head","floor":45.0,"turns":6.0},{"damage":27.0,"enemies":"Mind Bloom Boss Battle","floor":47.0,"turns":4.0},{"damage":3.0,"enemies":"Reptomancer","floor":48.0,"turns":8.0},{"damage":110.0,"enemies":"Awakened One","floor":50.0,"turns":12.0},{"damage":42.0,"enemies":"Shield and Spear","floor":54.0,"turns":6.0},{"damage":64,"enemies":"The Heart","floor":55,"turns":8}],"seed_played":"7861409519614244387","potions_obtained":[{"floor":3.0,"key":"Strength Potion"},{"floor":4.0,"key":"FearPotion"},{"floor":5.0,"key":"FearPotion"},{"floor":7.0,"key":"FearPotion"},{"floor":14.0,"key":"GamblersBrew"}],"is_trial":false,"path_per_floor":["M","?","M","M","M","R","E","?","T","E","R","M","E","M","M","R","B",null,"M","?","$","M","M","E","R","E","T","?","M","R","$","E","R","B",null,"M","M","$","?","M","R","E","R","T","?","E","R","?","E","R","B",null,"R","$","E","B"],"character_chosen":"IRONCLAD","items_purchased":["Blind","Metallicize","Uppercut","Heavy Blade","Madness","Bag of Marbles","Ghostly Armor"],"campfire_rested":0,"item_purchase_floors":[20,30,30,37,37,53,53],"current_hp_per_floor":[55,47,52,58,63,63,46,46,46,42,42,44,50,45,45,41,70,74,74,74,80,80,55,55,69,69,69,86,86,86,85,85,87,92,92,92,92,92,80,80,82,82,82,82,86,86,71,92,92,29,76,76,76,49,0],"gold":126,"neow_bonus":"ONE_RARE_RELIC","is_prod":false,"is_daily":false,"chose_seed":false,"campfire_upgraded":10,"win_rate":0,"timestamp":1548512474,"path_taken":["M","?","M","M","?","R","E","?","T","E","R","M","E","M","R","BOSS","M","?","$","M","M","E","R","E","T","?","?","R","$","E","R","BOSS","M","M","$","?","M","R","E","R","T","?","E","R","?","E","R","BOSS","R","$","E","BOSS"],"build_version":"2018-12-20","purchased_purges":2,"victory":false,"max_hp_per_floor":[80,80,80,80,80,80,80,80,80,80,80,80,80,80,80,80,80,80,80,80,80,80,80,80,87,87,87,87,87,87,87,87,87,92,92,92,92,92,92,92,92,92,92,92,92,92,92,92,92,92,92,92,92,92,92],"card_choices":[{"not_picked":["Cleave","Heavy Blade"],"picked":"Inflame","floor":1.0},{"not_picked":["Rupture","Anger"],"picked":"Twin Strike","floor":3.0},{"not_picked":["Cleave","Havoc"],"picked":"Seeing Red","floor":4.0},{"not_picked":["True Grit","Seeing Red"],"picked":"Body Slam","floor":5.0},{"not_picked":["Blood for Blood","Corruption"],"picked":"Battle Trance","floor":7.0},{"not_picked":["Evolve","Bludgeon"],"picked":"Body Slam","floor":10.0},{"not_picked":["Battle Trance","Pommel Strike"],"picked":"True Grit","floor":12.0},{"not_picked":["Hemokinesis","Sentinel"],"picked":"Inflame","floor":13.0},{"not_picked":["Thunderclap","Iron Wave","Perfected Strike"],"picked":"SKIP","floor":14.0},{"not_picked":["Immolate","Brutality"],"picked":"Reaper","floor":16.0},{"not_picked":["Clash","Headbutt"],"picked":"Power Through","floor":18.0},{"not_picked":["Reckless Charge","Twin Strike"],"picked":"Shockwave","floor":21.0},{"not_picked":["Flame Barrier","Flex"],"picked":"Spot Weakness","floor":22.0},{"not_picked":["Cleave","Entrench"],"picked":"Battle Trance","floor":23.0},{"not_picked":["Power Through","Twin Strike","Thunderclap"],"picked":"SKIP","floor":25.0},{"not_picked":["Clash+1","Sentinel","Cleave"],"picked":"SKIP","floor":28.0},{"not_picked":["Perfected Strike","Offering"],"picked":"Dropkick","floor":31.0},{"not_picked":["Headbutt","Havoc"],"picked":"Ghostly Armor+1","floor":35.0},{"not_picked":["Warcry+1","Clash"],"picked":"Shrug It Off","floor":36.0},{"not_picked":["Sentinel","Body Slam+1"],"picked":"Hemokinesis+1","floor":39.0},{"not_picked":["Evolve","Thunderclap","Clash+1"],"picked":"SKIP","floor":41.0},{"not_picked":["Whirlwind","Warcry","Intimidate"],"picked":"SKIP","floor":45.0},{"not_picked":["Havoc","Body Slam"],"picked":"Armaments+1","floor":47.0},{"not_picked":["Thunderclap+1","Pommel Strike","Warcry"],"picked":"SKIP","floor":48.0},{"not_picked":["Infernal Blade+1","Flex"],"picked":"Rage+1","floor":54.0}],"player_experience":165556,"relics_obtained":[{"floor":7.0,"key":"PreservedInsect"},{"floor":9.0,"key":"Pen Nib"},{"floor":10.0,"key":"Lantern"},{"floor":13.0,"key":"Blood Vial"},{"floor":23.0,"key":"Happy Flower"},{"floor":25.0,"key":"Strawberry"},{"floor":26.0,"key":"Self Forming Clay"},{"floor":31.0,"key":"Dodecahedron"},{"floor":41.0,"key":"Calipers"},{"floor":45.0,"key":"Anchor"},{"floor":47.0,"key":"Du-Vu Doll"},{"floor":48.0,"key":"Sundial"},{"floor":54.0,"key":"Bottled Lightning"}],"event_choices":[{"damage_healed":0.0,"max_hp_gain":0.0,"max_hp_loss":0.0,"gold_gain":0.0,"event_name":"Wheel of Change","player_choice":"Damaged","floor":2.0,"gold_loss":0.0,"damage_taken":8.0},{"damage_healed":0.0,"max_hp_gain":0.0,"max_hp_loss":0.0,"gold_gain":0.0,"event_name":"Liars Game","player_choice":"Ignored","floor":8.0,"gold_loss":0.0,"damage_taken":0.0},{"damage_healed":0.0,"max_hp_gain":0.0,"max_hp_loss":0.0,"gold_gain":0.0,"event_name":"Vampires","player_choice":"Became a vampire (Vial)","floor":19.0,"relics_lost":["Blood Vial"],"gold_loss":0.0,"damage_taken":0.0,"cards_obtained":["Bite","Bite","Bite","Bite","Bite"]},{"cards_removed":["Defend_R"],"damage_healed":0.0,"max_hp_gain":0.0,"max_hp_loss":0.0,"gold_gain":0.0,"event_name":"Purifier","player_choice":"Purged","floor":27.0,"gold_loss":0.0,"damage_taken":0.0},{"damage_healed":0.0,"max_hp_gain":0.0,"max_hp_loss":0.0,"gold_gain":0.0,"event_name":"SensoryStone","player_choice":"Memory 1","floor":38.0,"gold_loss":0.0,"damage_taken":0.0},{"cards_removed":["Bite"],"damage_healed":0.0,"max_hp_gain":0.0,"max_hp_loss":0.0,"gold_gain":0.0,"event_name":"Falling","player_choice":"Removed Attack","floor":44.0,"gold_loss":0.0,"damage_taken":0.0},{"damage_healed":0.0,"max_hp_gain":0.0,"max_hp_loss":0.0,"gold_gain":0.0,"event_name":"MindBloom","player_choice":"Fight","floor":47.0,"gold_loss":0.0,"damage_taken":0.0}],"is_beta":false,"boss_relics":[{"not_picked":["Snecko Eye","Lizard Tail"],"picked":"Sozu"},{"not_picked":["Velvet Choker","Black Blood"],"picked":"Tiny House"}],"items_purged_floors":[20,37],"is_endless":false,"potions_floor_spawned":[3,4,5,7,14,18,22,23,39,45,47,48],"killed_by":"The Heart","ascension_level":9}