{"gold_per_floor":[116,116,135,135,147,147,173,185,197,209],"floor_reached":10,"playtime":743,"items_purged":[],"score":116,"play_id":"194748a2-b8fd-410a-9ed9-92dd469be1c2","local_time":"20180824162954","is_ascension_mode":true,"campfire_choices":[{"data":"Metallicize","floor":6,"key":"SMITH"},{"data":"Shockwave","floor":8,"key":"SMITH"}],"neow_cost":"NONE","seed_source_timestamp":14394711829649,"circlet_count":0,"master_deck":["Strike_R","Strike_R","Strike_R","Strike_R","Strike_R","Defend_R","Defend_R","Defend_R","Defend_R","Bash","AscendersBane","Shrug It Off","Normality","Metallicize+1","Regret","Shockwave+1","Wild Strike+1"],"relics":["Burning Blood","Strawberry","Kunai","Molten Egg 2","MawBank","Self Forming Clay"],"potions_floor_usage":[],"damage_taken":[{"damage":7,"enemies":"Small Slimes","floor":1,"turns":4},{"damage":6,"enemies":"Cultist","floor":3,"turns":4},{"damage":12,"enemies":"Jaw Worm","floor":5,"turns":7},{"damage":49,"enemies":"3 Sentries","floor":7,"turns":15},{"damage":28,"enemies":"Lagavulin","floor":10,"turns":7}],"seed_played":"-2088269173069163742","potions_obtained":[{"floor":1,"key":"GamblersBrew"},{"floor":7,"key":"SkillPotion"}],"is_trial":false,"path_per_floor":["M","?","M","?","M","R","E","R","T"],"character_chosen":"IRONCLAD","items_purchased":[],"campfire_rested":0,"item_purchase_floors":[],"current_hp_per_floor":[74,74,74,74,68,68,25,25,25,0],"gold":209,"neow_bonus":"RANDOM_COMMON_RELIC","is_prod":false,"is_daily":false,"chose_seed":false,"campfire_upgraded":2,"win_rate":0,"timestamp":1535153394,"path_taken":["M","?","?","?","M","R","E","R","T","E"],"build_version":"2018-08-23v2","purchased_purges":0,"victory":false,"max_hp_per_floor":[82,82,82,82,82,82,82,82,82,82],"card_choices":[{"not_picked":["Sever Soul","Perfected Strike"],"picked":"Shrug It Off","floor":1},{"not_picked":["Bloodletting","Flame Barrier"],"picked":"Metallicize","floor":3},{"not_picked":["Heavy Blade+1","True Grit"],"picked":"Shockwave","floor":5},{"not_picked":["Havoc","Entrench"],"picked":"Wild Strike+1","floor":7}],"player_experience":792907,"relics_obtained":[{"floor":7,"key":"MawBank"},{"floor":9,"key":"Self Forming Clay"}],"event_choices":[{"event_name":"Accursed Blacksmith","player_choice":"Rummage","floor":2,"damage_taken":0},{"event_name":"Big Fish","player_choice":"Box","floor":4,"damage_taken":0}],"is_beta":false,"boss_relics":[],"items_purged_floors":[],"is_endless":false,"potions_floor_spawned":[1,7],"killed_by":"Lagavulin","ascension_level":15}