{"path_per_floor":["M","$","?","M","?","E","M","R","T","R","?","E","M","E","R","B",null,"M","M","M","M","$","E","R","M","T","?","E","?","R","M","R","B",null,"M","M","?","?","?","R","E","?","T","R","M","E","$","M","R"],"character_chosen":"IRONCLAD","items_purchased":["Iron Wave","Offering","Demon Form","Explosive Potion"],"gold_per_floor":[114,66,66,84,84,110,120,120,145,145,95,121,135,165,165,267,267,279,298,314,330,44,78,78,95,120,120,153,153,153,166,166,262,262,273,287,0,0,0,0,31,31,31,31,42,74,24,38,38,38],"floor_reached":50,"campfire_rested":1,"playtime":2533,"current_hp_per_floor":[78,78,71,77,77,80,74,74,74,74,74,72,79,80,80,80,80,75,76,71,71,71,63,63,64,64,64,62,62,62,65,65,57,74,79,80,80,80,80,80,70,60,60,60,61,54,54,48,72,0],"items_purged":["Strike_R"],"gold":38,"score":888,"play_id":"42fba076-007b-4ec3-a29c-7c9178e59089","local_time":"20180421002106","is_prod":false,"is_daily":false,"chose_seed":false,"is_ascension_mode":true,"campfire_upgraded":8,"timestamp":1524295266,"path_taken":["M","$","?","?","?","E","?","R","T","R","?","E","M","E","R","BOSS","M","M","M","M","$","E","R","M","T","?","E","?","R","M","R","BOSS","M","M","?","?","?","R","E","?","T","R","M","E","$","M","R","BOSS"],"build_version":"2018-04-19","seed_source_timestamp":47394699651011,"purchased_purges":1,"victory":false,"master_deck":["Strike_R+1","Strike_R+1","Strike_R+1","Defend_R+1","Defend_R+1","Defend_R+1","Defend_R+1","Bash+1","Clash","Iron Wave+1","Uppercut+1","Flame Barrier+1","Headbutt","Clash","Immolate+1","Carnage+1","Carnage+1","Shrug It Off+1","Thunderclap","Offering","Metallicize+1","Metallicize+1","Seeing Red","Impervious","Shrug It Off","Clothesline+1","Secret Weapon","Bloodletting+1","Madness","Madness","Regret","Clash+1","Double Tap","Flame Barrier+1"],"max_hp_per_floor":[80,80,80,80,80,80,80,80,80,80,80,80,80,80,80,80,80,80,80,80,80,80,80,80,80,80,80,80,80,80,80,80,80,80,80,80,80,80,80,80,80,80,80,80,80,80,80,80,80,80],"relics":["Burning Blood","NeowsBlessing","Bronze Scales","Ice Cream","Blood Vial","Ancient Tea Set","Juzu Bracelet","Velvet Choker","Orichalcum","Vajra","Meat on the Bone","Cursed Key","Red Mask","Matryoshka","Art of War","Kunai","Prayer Wheel"],"card_choices":[{"not_picked":["Bloodletting","Flex"],"picked":"Clash","floor":1},{"not_picked":["Clothesline","Body Slam"],"picked":"Uppercut","floor":4},{"not_picked":["Power Through","Anger"],"picked":"Flame Barrier","floor":6},{"not_picked":["True Grit","Perfected Strike"],"picked":"Headbutt","floor":12},{"not_picked":["Armaments","True Grit"],"picked":"Clash","floor":14},{"not_picked":["Exhume","Impervious"],"picked":"Immolate","floor":16},{"not_picked":["Sever Soul","Clash"],"picked":"Carnage","floor":18},{"not_picked":["Wild Strike","Perfected Strike"],"picked":"Carnage","floor":19},{"not_picked":["Twin Strike","Perfected Strike"],"picked":"Shrug It Off","floor":20},{"not_picked":["Burning Pact","Perfected Strike"],"picked":"Thunderclap","floor":21},{"not_picked":["Disarm","Wild Strike"],"picked":"Metallicize","floor":23},{"not_picked":["Warcry","Headbutt"],"picked":"Seeing Red","floor":31},{"not_picked":["Limit Break","Barricade"],"picked":"Impervious","floor":33},{"not_picked":["Sever Soul","Headbutt"],"picked":"Shrug It Off","floor":35},{"not_picked":["Warcry","Dark Embrace"],"picked":"Clothesline","floor":36},{"not_picked":["Deep Breath","Panache"],"picked":"Secret Weapon","floor":38},{"not_picked":["Sentinel","Pommel Strike"],"picked":"Bloodletting","floor":41},{"not_picked":["Perfected Strike","True Grit"],"picked":"Clash","floor":45},{"not_picked":["Iron Wave","Armaments"],"picked":"Double Tap","floor":46},{"not_picked":["Warcry","Flex"],"picked":"Flame Barrier","floor":48}],"player_experience":337026,"potions_floor_usage":[14,16,20,28,33,50,50,50],"damage_taken":[{"damage":0,"enemies":"Jaw Worm","floor":1,"turns":1},{"damage":0,"enemies":"Cultist","floor":4,"turns":1},{"damage":0,"enemies":"Gremlin Nob","floor":6,"turns":1},{"damage":12,"enemies":"Small Slimes","floor":7,"turns":3},{"damage":10,"enemies":"Lagavulin","floor":12,"turns":5},{"damage":1,"enemies":"Looter","floor":13,"turns":3},{"damage":2,"enemies":"3 Sentries","floor":14,"turns":6},{"damage":0,"enemies":"Slime Boss","floor":16,"turns":5},{"damage":11,"enemies":"Spheric Guardian","floor":18,"turns":3},{"damage":7,"enemies":"3 Byrds","floor":19,"turns":2},{"damage":13,"enemies":"Centurion and Healer","floor":20,"turns":3},{"damage":8,"enemies":"Snecko","floor":21,"turns":4},{"damage":16,"enemies":"Book of Stabbing","floor":23,"turns":3},{"damage":7,"enemies":"Snake Plant","floor":25,"turns":3},{"damage":10,"enemies":"Slavers","floor":28,"turns":3},{"damage":5,"enemies":"Chosen and Byrds","floor":31,"turns":3},{"damage":28,"enemies":"Collector","floor":33,"turns":8},{"damage":3,"enemies":"3 Darklings","floor":35,"turns":3},{"damage":0,"enemies":"Orb Walker","floor":36,"turns":3},{"damage":16,"enemies":"2 Orb Walkers","floor":41,"turns":2},{"damage":7,"enemies":"Sphere and 2 Shapes","floor":45,"turns":3},{"damage":15,"enemies":"Nemesis","floor":46,"turns":9},{"damage":14,"enemies":"3 Darklings","floor":48,"turns":3},{"damage":82,"enemies":"Awakened One","floor":50,"turns":11}],"event_choices":[{"event_name":"Scrap Ooze","player_choice":"success","floor":3,"damage_taken":7},{"event_name":"Living Wall","player_choice":"Grow","floor":5,"damage_taken":0},{"event_name":"The Cleric","player_choice":"Card Removal","floor":11,"damage_taken":0},{"event_name":"Back to Basics","player_choice":"Simplicity","floor":27,"damage_taken":0},{"event_name":"Duplicator","player_choice":"One dupe","floor":29,"damage_taken":0},{"event_name":"Tomb of Lord Red Mask","player_choice":"Paid","floor":37,"damage_taken":0},{"event_name":"SensoryStone","player_choice":"Memory 1","floor":38,"damage_taken":0},{"event_name":"Winding Halls","player_choice":"Embrace Madness","floor":42,"damage_taken":0}],"boss_relics":[{"not_picked":["Black Blood","Sozu"],"picked":"Velvet Choker"},{"not_picked":["Lizard Tail","Philosopher\u0027s Stone"],"picked":"Cursed Key"}],"potions_floor_spawned":[1,4,7,14,18,19,23,31,41,48],"seed_played":"7614876780731949929","killed_by":"Awakened One","ascension_level":7,"is_trial":false}