{"gold_per_floor":[118,118,40,190,36,69,69,101,175,189,169,169,169,169,169,241,241,257,276,201,201,0,0,30,30,54,0,0,0,28,28,28,99,99,118,118,18,18,34,61,61,75,75,75],"floor_reached":44,"playtime":4342,"items_purged":["Doubt","Decay"],"score":1048,"play_id":"1da1e10e-919b-4965-9e0e-1b6674dd7caa","local_time":"20190401102812","is_ascension_mode":true,"campfire_choices":[{"data":"Neutralize","floor":7.0,"key":"SMITH"},{"data":"Accuracy","floor":13.0,"key":"SMITH"},{"data":"Blade Dance","floor":15.0,"key":"SMITH"},{"data":"Sucker Punch","floor":23.0,"key":"SMITH"},{"floor":29.0,"key":"REST"},{"floor":32.0,"key":"REST"},{"floor":41.0,"key":"REST"}],"neow_cost":"NONE","seed_source_timestamp":69771302655438,"circlet_count":0,"master_deck":["AscendersBane","Defend_G","Defend_G","Defend_G","Defend_G","Defend_G","Survivor","Neutralize+1","All Out Attack+1","Blade Dance+1","Footwork","Infinite Blades","Accuracy+1","Cloak And Dagger+1","Corpse Explosion+1","Quick Slash+1","Bouncing Flask+1","Night Terror+1","Sucker Punch+1","PiercingWail+1","Deadly Poison+1","Writhe","Blade Dance+1","Burst+1","Malaise+1","Dodge and Roll+1","Unload","Bullet Time+1","Flying Knee+1"],"special_seed":0,"relics":["Ring of the Snake","Toxic Egg 2","Juzu Bracelet","Paper Crane","Singing Bowl","Nloth\u0027s Gift","Lantern","Ice Cream","Snake Skull","Boot","Snecko Eye","PreservedInsect","Bag of Preparation"],"potions_floor_usage":[],"damage_taken":[{"damage":0.0,"enemies":"Small Slimes","floor":1.0,"turns":2.0},{"damage":22.0,"enemies":"3 Sentries","floor":6.0,"turns":8.0},{"damage":35.0,"enemies":"Lagavulin","floor":8.0,"turns":9.0},{"damage":0.0,"enemies":"2 Louse","floor":10.0,"turns":2.0},{"damage":0.0,"enemies":"Slime Boss","floor":16.0,"turns":6.0},{"damage":21.0,"enemies":"Shell Parasite","floor":18.0,"turns":6.0},{"damage":10.0,"enemies":"Chosen","floor":19.0,"turns":5.0},{"damage":20.0,"enemies":"Book of Stabbing","floor":24.0,"turns":6.0},{"damage":21.0,"enemies":"Slavers","floor":30.0,"turns":2.0},{"damage":21.0,"enemies":"Collector","floor":33.0,"turns":7.0},{"damage":19.0,"enemies":"Orb Walker","floor":35.0,"turns":5.0},{"damage":0.0,"enemies":"3 Darklings","floor":39.0,"turns":3.0},{"damage":17.0,"enemies":"Reptomancer","floor":40.0,"turns":5.0},{"damage":0,"enemies":"Sphere and 2 Shapes","floor":42,"turns":1},{"damage":44,"enemies":"Jaw Worm Horde","floor":44,"turns":2}],"seed_played":"-9158388007167896664","potions_obtained":[{"floor":6.0,"key":"Regen Potion"},{"floor":8.0,"key":"SteroidPotion"},{"floor":10.0,"key":"Poison Potion"},{"floor":11.0,"key":"Ancient Potion"},{"floor":18.0,"key":"LiquidBronze"},{"floor":30.0,"key":"EssenceOfSteel"},{"floor":33.0,"key":"Weak Potion"},{"floor":35.0,"key":"Ancient Potion"},{"floor":38.0,"key":"SneckoOil"},{"floor":42,"key":"Energy Potion"}],"is_trial":false,"path_per_floor":["M","?","$","?","$","E","R","E","T","M","?","?","R","T","R","B",null,"M","M","?","?","?","R","E","?","T","$","?","R","E","?","R","B",null,"M","?","$","?","M","E","R","M","T","M"],"character_chosen":"THE_SILENT","items_purchased":["Footwork","Infinite Blades","Blade Dance+1"],"campfire_rested":3,"item_purchase_floors":[3,5,27],"current_hp_per_floor":[59,59,59,59,59,37,37,17,17,17,17,17,17,17,17,17,54,33,23,23,23,23,23,3,3,3,3,16,35,14,14,33,12,53,34,34,34,34,36,19,39,39,39,0],"gold":75,"neow_bonus":"THREE_CARDS","is_prod":false,"is_daily":false,"chose_seed":false,"campfire_upgraded":4,"win_rate":0,"timestamp":1554107292,"path_taken":["M","?","$","?","$","E","R","E","T","M","?","?","R","?","R","BOSS","M","M","?","?","?","R","E","?","T","?","?","R","E","?","R","BOSS","M","?","$","?","M","E","R","M","T","M"],"build_version":"2019-01-23","purchased_purges":2,"victory":false,"max_hp_per_floor":[66,66,66,66,66,66,66,66,66,66,66,66,66,66,66,66,66,66,66,66,66,66,66,66,66,66,66,66,66,66,66,66,66,66,66,66,66,66,68,68,68,68,68,68],"card_choices":[{"not_picked":["Blade Dance","Bouncing Flask"],"picked":"All Out Attack","floor":0.0},{"not_picked":["PiercingWail","Quick Slash"],"picked":"Blade Dance","floor":1.0},{"not_picked":["Infinite Blades","Dagger Spray","Poisoned Stab"],"picked":"SKIP","floor":6.0},{"not_picked":["Slice","Prepared+1"],"picked":"Accuracy","floor":8.0},{"not_picked":["Quick Slash","Skewer"],"picked":"Cloak And Dagger+1","floor":10.0},{"not_picked":["Tools of the Trade","Venomology+1"],"picked":"Corpse Explosion+1","floor":16.0},{"not_picked":["PiercingWail+1","Endless Agony"],"picked":"Sucker Punch","floor":18.0},{"not_picked":["Deflect+1","Backflip+1"],"picked":"PiercingWail+1","floor":19.0},{"not_picked":["Expertise+1","Prepared+1"],"picked":"Deadly Poison+1","floor":24.0},{"not_picked":["Die Die Die","Acrobatics+1"],"picked":"Burst+1","floor":30.0},{"not_picked":["Die Die Die","Burst+1"],"picked":"Malaise+1","floor":33.0},{"not_picked":["Quick Slash","Backflip+1"],"picked":"Dodge and Roll+1","floor":35.0},{"not_picked":["Calculated Gamble+1","Dodge and Roll+1","Prepared+1"],"picked":"Singing Bowl","floor":39.0},{"not_picked":["Backstab","Leg Sweep+1"],"picked":"Bullet Time+1","floor":40.0},{"not_picked":["Deflect+1","Phantasmal Killer+1"],"picked":"Flying Knee+1","floor":42}],"player_experience":556210,"relics_obtained":[{"floor":6.0,"key":"Toxic Egg 2"},{"floor":8.0,"key":"Juzu Bracelet"},{"floor":9.0,"key":"Paper Crane"},{"floor":14.0,"key":"Singing Bowl"},{"floor":24.0,"key":"Lantern"},{"floor":26.0,"key":"Snake Skull"},{"floor":30.0,"key":"Boot"},{"floor":40.0,"key":"PreservedInsect"},{"floor":43,"key":"Bag of Preparation"}],"event_choices":[{"damage_healed":0.0,"max_hp_gain":0.0,"max_hp_loss":0.0,"gold_gain":0.0,"event_name":"Living Wall","player_choice":"Grow","floor":2.0,"gold_loss":0.0,"damage_taken":0.0,"cards_upgraded":["All Out Attack"]},{"damage_healed":0.0,"max_hp_gain":0.0,"max_hp_loss":0.0,"gold_gain":150.0,"event_name":"Liars Game","player_choice":"AGREE","floor":4.0,"gold_loss":0.0,"damage_taken":0.0,"cards_obtained":["Doubt"]},{"damage_healed":0.0,"max_hp_gain":0.0,"max_hp_loss":0.0,"gold_gain":0.0,"event_name":"The Woman in Blue","player_choice":"Bought 1 Potion","floor":11.0,"gold_loss":0.0,"damage_taken":0.0},{"damage_healed":0.0,"max_hp_gain":0.0,"max_hp_loss":0.0,"gold_gain":0.0,"event_name":"Dead Adventurer","player_choice":"Searched \u00270\u0027 times","floor":12.0,"gold_loss":0.0,"damage_taken":0.0},{"cards_removed":["Strike_G"],"damage_healed":0.0,"max_hp_gain":0.0,"max_hp_loss":0.0,"gold_gain":0.0,"event_name":"Beggar","player_choice":"Gave Gold","floor":20.0,"gold_loss":75.0,"damage_taken":0.0},{"damage_healed":0.0,"max_hp_gain":0.0,"max_hp_loss":0.0,"gold_gain":0.0,"event_name":"N\u0027loth","player_choice":"Traded Relic","floor":21.0,"relics_lost":["Astrolabe"],"gold_loss":0.0,"damage_taken":0.0,"relics_obtained":["Nloth\u0027s Gift"]},{"damage_healed":0.0,"max_hp_gain":0.0,"max_hp_loss":0.0,"gold_gain":0.0,"event_name":"Masked Bandits","player_choice":"Paid Fearfully","floor":22.0,"gold_loss":201.0,"damage_taken":0.0},{"damage_healed":0.0,"max_hp_gain":0.0,"max_hp_loss":0.0,"gold_gain":0.0,"event_name":"The Mausoleum","player_choice":"Opened","floor":25.0,"gold_loss":0.0,"damage_taken":0.0,"relics_obtained":["Ice Cream"],"cards_obtained":["Writhe"]},{"damage_healed":13.0,"max_hp_gain":0.0,"max_hp_loss":0.0,"gold_gain":0.0,"event_name":"The Library","player_choice":"Heal","floor":28.0,"gold_loss":0.0,"damage_taken":0.0},{"damage_healed":0.0,"max_hp_gain":0.0,"max_hp_loss":0.0,"gold_gain":0.0,"event_name":"Forgotten Altar","player_choice":"Smashed Altar","floor":31.0,"gold_loss":0.0,"damage_taken":0.0,"cards_obtained":["Decay"]},{"damage_healed":0.0,"max_hp_gain":0.0,"max_hp_loss":0.0,"gold_gain":0.0,"cards_transformed":["Strike_G"],"event_name":"Transmorgrifier","player_choice":"Transformed","floor":36.0,"gold_loss":0.0,"damage_taken":0.0,"cards_obtained":["Unload"]},{"damage_healed":0.0,"max_hp_gain":0.0,"max_hp_loss":0.0,"gold_gain":0.0,"event_name":"Lab","player_choice":"Got Potions","floor":38.0,"gold_loss":0.0,"damage_taken":0.0}],"is_beta":false,"boss_relics":[{"not_picked":["Cursed Key","Runic Dome"],"picked":"Astrolabe"},{"not_picked":["Velvet Choker","Orrery"],"picked":"Snecko Eye"}],"items_purged_floors":[5,37],"is_endless":false,"potions_floor_spawned":[6,8,10,18,30,33,35,42],"killed_by":"Jaw Worm Horde","ascension_level":20}