{"gold_per_floor":[367,367,27,43,43,105,105,134,209,236,249,249,249,580,580,682,682,698,710,55,55,55,90,90,108,108,134,145,145,163,178,178,277,277,297,128,128,142,152,186,186,231,231,231,48,61,89,104,104,104,104,104,19,49,49],"floor_reached":56,"playtime":7171,"items_purged":["Strike_G","Strike_G"],"score":1923,"play_id":"c55e3b51-3dd7-4a11-a14b-21b72c885b40","local_time":"20190120134055","is_ascension_mode":true,"campfire_choices":[{"data":"Cloak And Dagger","floor":7,"key":"SMITH"},{"data":"Caltrops","floor":12,"key":"SMITH"},{"data":"Adrenaline","floor":15,"key":"SMITH"},{"data":"Panache","floor":24,"key":"SMITH"},{"data":"Footwork","floor":29,"key":"SMITH"},{"data":"Envenom","floor":32,"key":"SMITH"},{"floor":41,"key":"RECALL"},{"floor":49,"key":"REST"},{"data":"Caltrops","floor":52,"key":"SMITH"}],"neow_cost":"TEN_PERCENT_HP_LOSS","seed_source_timestamp":77403464370817,"circlet_count":0,"master_deck":["Defend_G","Defend_G","Defend_G","Defend_G","Defend_G","Strike_G","Survivor","Neutralize+1","Cloak And Dagger+1","Adrenaline+1","Caltrops+1","Leg Sweep+1","Backflip+1","Blade Dance+1","Blade Dance+1","Outmaneuver+1","Dodge and Roll+1","Backflip+1","Night Terror+1","Cloak And Dagger+1","Cloak And Dagger+1","Dark Shackles+1","Panache+1","Footwork+1","Terror+1","Deadly Poison+1","Blur+1","Envenom+1","Doppelganger+1","Catalyst+1","Calculated Gamble+1","Escape Plan+1","PiercingWail+1","Caltrops+1","Backflip+1","Catalyst+1","PiercingWail+1","Impatience+1"],"relics":["Ring of the Snake","Toxic Egg 2","Tiny Chest","Kunai","Letter Opener","Oddly Smooth Stone","Old Coin","Runic Pyramid","Bronze Scales","Pear","Vajra","HoveringKite","Anchor","Girya","StoneCalendar","Centennial Puzzle","Pen Nib"],"potions_floor_usage":[6,8,14,27,33,33,47,50,55],"damage_taken":[{"damage":4,"enemies":"2 Louse","floor":1,"turns":3},{"damage":1,"enemies":"Cultist","floor":4,"turns":4},{"damage":16,"enemies":"Lagavulin","floor":6,"turns":11},{"damage":7,"enemies":"3 Sentries","floor":8,"turns":8},{"damage":10,"enemies":"Lagavulin","floor":10,"turns":9},{"damage":0,"enemies":"Small Slimes","floor":11,"turns":3},{"damage":0,"enemies":"3 Sentries","floor":14,"turns":8},{"damage":0,"enemies":"Hexaghost","floor":16,"turns":10},{"damage":2,"enemies":"Shell Parasite","floor":18,"turns":8},{"damage":9,"enemies":"2 Thieves","floor":19,"turns":4},{"damage":0,"enemies":"Gremlin Leader","floor":23,"turns":9},{"damage":0,"enemies":"Snecko","floor":25,"turns":5},{"damage":0,"enemies":"Slavers","floor":27,"turns":4},{"damage":0,"enemies":"Cultist and Chosen","floor":28,"turns":4},{"damage":0,"enemies":"Centurion and Healer","floor":30,"turns":3},{"damage":6,"enemies":"Sentry and Sphere","floor":31,"turns":4},{"damage":0,"enemies":"Collector","floor":33,"turns":8},{"damage":0,"enemies":"Orb Walker","floor":35,"turns":3},{"damage":0,"enemies":"3 Shapes","floor":38,"turns":3},{"damage":0,"enemies":"Maw","floor":39,"turns":6},{"damage":0,"enemies":"Giant Head","floor":40,"turns":5},{"damage":0,"enemies":"2 Orb Walkers","floor":42,"turns":4},{"damage":20,"enemies":"Jaw Worm Horde","floor":46,"turns":5},{"damage":0,"enemies":"Reptomancer","floor":47,"turns":7},{"damage":0,"enemies":"3 Darklings","floor":48,"turns":5},{"damage":0,"enemies":"Awakened One","floor":50,"turns":11},{"damage":30,"enemies":"Shield and Spear","floor":54,"turns":6},{"damage":34,"enemies":"The Heart","floor":55,"turns":8}],"seed_played":"5196777797749818860","potions_obtained":[{"floor":1,"key":"Fire Potion"},{"floor":4,"key":"SteroidPotion"},{"floor":8,"key":"Swift Potion"},{"floor":10,"key":"Ancient Potion"},{"floor":13,"key":"Dexterity Potion"},{"floor":13,"key":"PowerPotion"},{"floor":16,"key":"EssenceOfSteel"},{"floor":19,"key":"SpeedPotion"},{"floor":31,"key":"FearPotion"},{"floor":35,"key":"Regen Potion"},{"floor":39,"key":"Poison Potion"},{"floor":40,"key":"Ancient Potion"}],"is_trial":false,"path_per_floor":["M","?","$","M","?","E","R","E","T","E","M","R","?","E","R","B",null,"M","M","$","?","?","E","R","M","T","E","M","R","M","M","R","B",null,"M","$","?","M","M","E","R","?","T","?","$","M","E","M","R","B",null,"R","$","E","B",null],"character_chosen":"THE_SILENT","items_purchased":["Toxic Egg 2","Leg Sweep+1","Dark Shackles+1","Panache","Bronze Scales","GhostInAJar","Footwork","Catalyst+1","Energy Potion","PiercingWail+1","Caltrops","Impatience+1"],"campfire_rested":1,"item_purchase_floors":[3,3,20,20,20,20,20,36,45,45,45,53],"current_hp_per_floor":[59,59,59,58,58,42,42,35,35,25,25,25,25,25,25,25,54,52,43,43,43,27,37,37,37,37,37,37,37,37,31,31,31,63,63,63,63,63,63,63,63,63,63,63,63,43,43,43,64,64,71,71,71,41,7],"gold":49,"neow_bonus":"TWO_FIFTY_GOLD","is_prod":false,"is_daily":false,"chose_seed":false,"campfire_upgraded":7,"win_rate":0,"timestamp":1548013255,"path_taken":["M","?","$","?","?","E","R","E","T","E","M","R","?","E","R","BOSS","M","?","$","?","?","E","R","M","T","E","M","R","M","M","R","BOSS","M","$","?","M","?","E","R","?","T","?","$","?","E","M","R","BOSS","R","$","E","BOSS"],"build_version":"2019-01-17v2","purchased_purges":2,"victory":true,"max_hp_per_floor":[63,63,63,63,63,63,63,63,63,63,63,63,63,63,63,63,63,63,63,63,63,63,73,73,73,73,73,73,73,73,73,73,73,73,73,73,73,73,73,73,73,73,73,73,73,73,73,73,73,73,73,73,73,73,73],"card_choices":[{"not_picked":["Heel Hook","Dagger Spray"],"picked":"Cloak And Dagger","floor":1},{"not_picked":["Underhanded Strike","Terror+1"],"picked":"Backflip+1","floor":4},{"not_picked":["Underhanded Strike","Slice"],"picked":"Blade Dance+1","floor":6},{"not_picked":["Bouncing Flask+1","Glass Knife"],"picked":"Blade Dance+1","floor":8},{"not_picked":["Underhanded Strike","Flying Knee"],"picked":"Outmaneuver+1","floor":10},{"not_picked":["Deflect+1","Deadly Poison+1"],"picked":"Dodge and Roll+1","floor":11},{"not_picked":["Poisoned Stab","Reflex+1"],"picked":"Backflip+1","floor":14},{"not_picked":["Grand Finale","Glass Knife"],"picked":"Night Terror+1","floor":16},{"not_picked":["Expertise+1","Bane"],"picked":"Cloak And Dagger+1","floor":18},{"not_picked":["Blade Dance+1","Expertise+1"],"picked":"Cloak And Dagger+1","floor":19},{"not_picked":["Escape Plan+1","Skewer","Dagger Spray"],"picked":"SKIP","floor":23},{"not_picked":["Dagger Throw","Dagger Spray"],"picked":"Terror+1","floor":25},{"not_picked":["Dagger Spray+1","Blade Dance+1"],"picked":"Deadly Poison+1","floor":27},{"not_picked":["Skewer","Flying Knee+1"],"picked":"Blur+1","floor":28},{"not_picked":["Backflip+1","Deadly Poison+1"],"picked":"Envenom","floor":30},{"not_picked":["Poisoned Stab","Eviscerate","Leg Sweep+1"],"picked":"SKIP","floor":31},{"not_picked":["Night Terror+1","Glass Knife"],"picked":"Doppelganger+1","floor":33},{"not_picked":["Deadly Poison+1","Bane+1","Sucker Punch"],"picked":"SKIP","floor":35},{"not_picked":["Finisher","Prepared+1","Dagger Throw+1"],"picked":"SKIP","floor":38},{"not_picked":["Deadly Poison+1","Dodge and Roll+1"],"picked":"Calculated Gamble+1","floor":39},{"not_picked":["Footwork+1","Slice+1","Grand Finale"],"picked":"SKIP","floor":40},{"not_picked":["Grand Finale","Bane+1"],"picked":"Backflip+1","floor":46},{"not_picked":["Dash+1","Footwork+1"],"picked":"Catalyst+1","floor":47},{"not_picked":["Caltrops+1","Poisoned Stab"],"picked":"PiercingWail+1","floor":48},{"not_picked":["Flying Knee","Die Die Die","Poisoned Stab+1"],"picked":"SKIP","floor":54}],"player_experience":471313,"relics_obtained":[{"floor":6,"key":"Tiny Chest"},{"floor":8,"key":"Kunai"},{"floor":9,"key":"Letter Opener"},{"floor":10,"key":"Oddly Smooth Stone"},{"floor":14,"key":"Old Coin"},{"floor":23,"key":"Pear"},{"floor":27,"key":"Vajra"},{"floor":40,"key":"Anchor"},{"floor":42,"key":"Girya"},{"floor":43,"key":"StoneCalendar"},{"floor":47,"key":"Centennial Puzzle"},{"floor":54,"key":"Pen Nib"}],"event_choices":[{"damage_healed":0,"gold_gain":0,"player_choice":"2 cards matched","damage_taken":0,"max_hp_gain":0,"max_hp_loss":0,"event_name":"Match and Keep!","floor":2,"gold_loss":0,"cards_obtained":["Adrenaline","Caltrops"]},{"damage_healed":0,"gold_gain":0,"player_choice":"2 cards matched","damage_taken":0,"max_hp_gain":0,"max_hp_loss":0,"event_name":"Match and Keep!","floor":2,"gold_loss":0,"cards_obtained":["Adrenaline","Caltrops"]},{"cards_removed":["Strike_G"],"damage_healed":0,"gold_gain":0,"player_choice":"Forget","damage_taken":0,"max_hp_gain":0,"max_hp_loss":0,"event_name":"Living Wall","floor":5,"gold_loss":0},{"damage_healed":0,"gold_gain":0,"player_choice":"Got Potions","damage_taken":0,"max_hp_gain":0,"max_hp_loss":0,"event_name":"Lab","floor":13,"gold_loss":0},{"damage_healed":0,"gold_gain":0,"player_choice":"Obtained Book","damage_taken":16,"max_hp_gain":0,"max_hp_loss":0,"event_name":"Cursed Tome","floor":22,"gold_loss":0},{"damage_healed":0,"gold_gain":0,"player_choice":"Forge","damage_taken":0,"max_hp_gain":0,"max_hp_loss":0,"event_name":"Accursed Blacksmith","floor":37,"gold_loss":0,"cards_upgraded":["Neutralize"]},{"damage_healed":0,"gold_gain":0,"player_choice":"Fight","damage_taken":0,"max_hp_gain":0,"max_hp_loss":0,"event_name":"Mysterious Sphere","floor":42,"gold_loss":0},{"damage_healed":0,"gold_gain":0,"cards_transformed":["Strike_G"],"player_choice":"Transformed","damage_taken":0,"max_hp_gain":0,"max_hp_loss":0,"event_name":"Transmorgrifier","floor":44,"gold_loss":0,"cards_obtained":["Escape Plan"]}],"is_beta":false,"boss_relics":[{"not_picked":["Orrery","Velvet Choker"],"picked":"Runic Pyramid"},{"not_picked":["Pandora\u0027s Box","Runic Dome"],"picked":"HoveringKite"}],"items_purged_floors":[20,36],"is_endless":false,"potions_floor_spawned":[1,4,8,10,16,19,25,31,35,39,40,42,46],"ascension_level":5}