{"gold_per_floor":[114,5,21,32,46,80,93,93,118,147,163,174,174,204,204,304,304,304,304,304,304,304,304,304,304,304,304,304,304,304,304,304,304,304,304,304,304,304,304,304,304,304,304,304,304,304,304,0,0,0],"floor_reached":51,"playtime":2989,"items_purged":["Writhe"],"score":823,"play_id":"ee519be1-f24e-46cd-9329-e5807a5d60d3","local_time":"20190428024335","is_ascension_mode":false,"campfire_choices":[{"data":"Clothesline","floor":13,"key":"SMITH"},{"data":"Demon Form","floor":15,"key":"SMITH"},{"data":"Bash","floor":23,"key":"SMITH"},{"data":"Corruption","floor":28,"key":"SMITH"},{"data":"Heavy Blade","floor":32,"key":"SMITH"},{"data":"Immolate","floor":40,"key":"SMITH"},{"data":"Havoc","floor":42,"key":"SMITH"},{"floor":49,"key":"DIG"}],"neow_cost":"CURSE","seed_source_timestamp":1351193792549200,"circlet_count":0,"master_deck":["Strike_R","Strike_R","Strike_R","Strike_R","Strike_R","Defend_R","Defend_R","Defend_R","Bash+1","Flame Barrier","Clothesline+1","Shrug It Off","Demon Form+1","Havoc+1","True Grit","Headbutt","Battle Trance","Reaper","Twin Strike","Anger+1","Shockwave+1","Ghostly Armor+1","Whirlwind+1","Corruption+1","Feed","Heavy Blade+1","Pummel+1","Immolate+1","Clothesline+1","Madness","Madness","Impervious","Metallicize"],"relics":["Burning Blood","Calipers","Bronze Scales","Oddly Smooth Stone","Juzu Bracelet","Orichalcum","Ectoplasm","StoneCalendar","Sundial","Centennial Puzzle","Shovel","Ginger","Coffee Dripper","Meat on the Bone","Gremlin Horn","Boot","Bag of Preparation","Red Mask","Strawberry"],"potions_floor_usage":[6,14,16,19,24,41,50,50,50],"damage_taken":[{"damage":5,"enemies":"Cultist","floor":1,"turns":4},{"damage":5,"enemies":"Small Slimes","floor":3,"turns":4},{"damage":2,"enemies":"2 Louse","floor":4,"turns":2},{"damage":11,"enemies":"Looter","floor":5,"turns":4},{"damage":22,"enemies":"3 Sentries","floor":6,"turns":11},{"damage":9,"enemies":"Red Slaver","floor":7,"turns":3},{"damage":17,"enemies":"Gremlin Nob","floor":10,"turns":5},{"damage":0,"enemies":"Blue Slaver","floor":11,"turns":4},{"damage":0,"enemies":"Looter","floor":12,"turns":3},{"damage":18,"enemies":"3 Sentries","floor":14,"turns":10},{"damage":20,"enemies":"Slime Boss","floor":16,"turns":10},{"damage":1,"enemies":"Chosen","floor":18,"turns":5},{"damage":18,"enemies":"Colosseum Slavers","floor":19,"turns":4},{"damage":21,"enemies":"Colosseum Nobs","floor":19,"turns":7},{"damage":7,"enemies":"Shell Parasite","floor":20,"turns":6},{"damage":27,"enemies":"Sentry and Sphere","floor":21,"turns":7},{"damage":16,"enemies":"Snake Plant","floor":22,"turns":5},{"damage":17,"enemies":"Book of Stabbing","floor":24,"turns":4},{"damage":12,"enemies":"Centurion and Healer","floor":29,"turns":7},{"damage":0,"enemies":"3 Cultists","floor":30,"turns":4},{"damage":26,"enemies":"Slavers","floor":31,"turns":4},{"damage":55,"enemies":"Automaton","floor":33,"turns":8},{"damage":1,"enemies":"3 Shapes","floor":35,"turns":6},{"damage":8,"enemies":"3 Darklings","floor":36,"turns":4},{"damage":14,"enemies":"Writhing Mass","floor":37,"turns":6},{"damage":16,"enemies":"Giant Head","floor":41,"turns":6},{"damage":19,"enemies":"Jaw Worm Horde","floor":44,"turns":5},{"damage":2,"enemies":"Maw","floor":45,"turns":7},{"damage":0,"enemies":"Reptomancer","floor":46,"turns":5},{"damage":4,"enemies":"Sphere and 2 Shapes","floor":47,"turns":3},{"damage":31,"enemies":"Time Eater","floor":50,"turns":11}],"seed_played":"-710055192674579241","potions_obtained":[{"floor":3,"key":"SteroidPotion"},{"floor":6,"key":"FearPotion"},{"floor":10,"key":"Strength Potion"},{"floor":11,"key":"Energy Potion"},{"floor":12,"key":"Regen Potion"},{"floor":14,"key":"Fire Potion"},{"floor":20,"key":"BloodPotion"},{"floor":22,"key":"PowerPotion"},{"floor":24,"key":"GamblersBrew"},{"floor":36,"key":"Block Potion"},{"floor":47,"key":"Strength Potion"}],"is_trial":false,"path_per_floor":["M","$","M","M","M","E","M","?","T","E","M","M","R","E","R","B",null,"M","?","M","M","M","R","E","?","T","?","R","M","M","E","R","B",null,"M","M","M","T","?","R","E","R","T","M","M","E","M","?","R","B",null],"character_chosen":"IRONCLAD","items_purchased":["Flame Barrier"],"campfire_rested":0,"item_purchase_floors":[2],"current_hp_per_floor":[80,80,80,80,75,59,56,56,56,45,51,57,57,45,45,31,80,80,66,74,65,55,55,59,59,59,59,59,80,83,86,86,53,86,89,90,85,85,73,73,63,63,63,64,68,77,79,79,86,76],"gold":0,"neow_bonus":"ONE_RARE_RELIC","is_prod":false,"is_daily":false,"chose_seed":false,"campfire_upgraded":7,"win_rate":1,"timestamp":1556444615,"path_taken":["M","$","M","M","?","E","M","?","T","E","M","M","R","E","R","BOSS","M","?","M","M","M","R","E","?","T","?","R","M","M","E","R","BOSS","M","M","M","?","?","R","E","R","T","M","M","E","M","?","R","BOSS"],"build_version":"2019-01-23","purchased_purges":1,"victory":true,"max_hp_per_floor":[80,80,80,80,80,80,80,80,80,80,80,80,80,80,80,80,80,80,80,80,80,80,80,80,80,80,80,80,80,83,86,86,86,86,89,92,95,95,95,95,95,95,95,95,95,98,98,98,105,105],"card_choices":[{"not_picked":["Reckless Charge","Corruption"],"picked":"Perfected Strike","floor":1},{"not_picked":["Flex","Havoc"],"picked":"Clothesline","floor":3},{"not_picked":["Combust","Dropkick","Reckless Charge"],"picked":"SKIP","floor":4},{"not_picked":["Havoc","Clothesline"],"picked":"Shrug It Off","floor":5},{"not_picked":["Bloodletting","Shrug It Off"],"picked":"Demon Form","floor":6},{"not_picked":["Pummel","Reckless Charge","Fire Breathing"],"picked":"SKIP","floor":7},{"not_picked":["Wild Strike","Burning Pact"],"picked":"True Grit","floor":10},{"not_picked":["Anger","Armaments"],"picked":"Headbutt","floor":11},{"not_picked":["Clothesline","Barricade","Clash"],"picked":"SKIP","floor":12},{"not_picked":["Body Slam","Iron Wave"],"picked":"Battle Trance","floor":14},{"not_picked":["Fiend Fire","Impervious"],"picked":"Reaper","floor":16},{"not_picked":["Wild Strike","Havoc"],"picked":"Twin Strike","floor":18},{"not_picked":["Clash","Hemokinesis"],"picked":"Anger+1","floor":19},{"not_picked":["Second Wind+1","Shrug It Off+1"],"picked":"Shockwave+1","floor":20},{"not_picked":["Wild Strike","Havoc","Rampage"],"picked":"SKIP","floor":21},{"not_picked":["Juggernaut","Cleave"],"picked":"Ghostly Armor+1","floor":22},{"not_picked":["Thunderclap","Flex"],"picked":"Whirlwind+1","floor":24},{"not_picked":["Berserk","Corruption","Clash+1"],"picked":"SKIP","floor":29},{"not_picked":["Anger","True Grit","Heavy Blade"],"picked":"SKIP","floor":30},{"not_picked":["Anger","True Grit"],"picked":"Heavy Blade","floor":30},{"not_picked":["Sword Boomerang+1","Intimidate+1"],"picked":"Pummel+1","floor":31},{"not_picked":["Exhume","Bludgeon"],"picked":"Immolate","floor":33},{"not_picked":["Cleave+1","Anger"],"picked":"Clothesline+1","floor":35},{"not_picked":["Body Slam+1","Perfected Strike+1","Seeing Red"],"picked":"SKIP","floor":36},{"not_picked":["Armaments","Thunderclap","Dropkick"],"picked":"SKIP","floor":37},{"not_picked":["Armaments","Thunderclap","Dropkick"],"picked":"SKIP","floor":37},{"not_picked":["Body Slam+1","Cleave","Twin Strike"],"picked":"SKIP","floor":41},{"not_picked":["Flex+1","Pommel Strike+1"],"picked":"Impervious","floor":44},{"not_picked":["Thunderclap+1","Dual Wield+1","Evolve"],"picked":"SKIP","floor":45},{"not_picked":["Whirlwind","Sever Soul+1","Rampage+1"],"picked":"SKIP","floor":46},{"not_picked":["Warcry","Pommel Strike"],"picked":"Metallicize","floor":47}],"player_experience":638955,"relics_obtained":[{"floor":6,"key":"Bronze Scales"},{"floor":9,"key":"Oddly Smooth Stone"},{"floor":10,"key":"Juzu Bracelet"},{"floor":14,"key":"Orichalcum"},{"floor":19,"key":"StoneCalendar"},{"floor":19,"key":"Sundial"},{"floor":24,"key":"Centennial Puzzle"},{"floor":26,"key":"Shovel"},{"floor":31,"key":"Ginger"},{"floor":38,"key":"Meat on the Bone"},{"floor":41,"key":"Gremlin Horn"},{"floor":43,"key":"Boot"},{"floor":46,"key":"Bag of Preparation"},{"floor":49,"key":"Strawberry"}],"event_choices":[{"damage_healed":0,"gold_gain":0,"cards_transformed":["Defend_R"],"player_choice":"Transformed","damage_taken":0,"max_hp_gain":0,"max_hp_loss":0,"event_name":"Transmorgrifier","floor":8,"gold_loss":0,"cards_obtained":["Havoc"]},{"damage_healed":0,"gold_gain":0,"player_choice":"Fight","damage_taken":0,"max_hp_gain":0,"max_hp_loss":0,"event_name":"Colosseum","floor":19,"gold_loss":0},{"damage_healed":0,"gold_gain":0,"player_choice":"Fought Nobs","damage_taken":0,"max_hp_gain":0,"max_hp_loss":0,"event_name":"Colosseum","floor":19,"gold_loss":0},{"damage_healed":0,"gold_gain":0,"player_choice":"Read","damage_taken":0,"max_hp_gain":0,"max_hp_loss":0,"event_name":"The Library","floor":25,"gold_loss":0,"cards_obtained":["Corruption"]},{"damage_healed":0,"gold_gain":0,"cards_transformed":["Perfected Strike"],"player_choice":"Transformed","damage_taken":0,"max_hp_gain":0,"max_hp_loss":0,"event_name":"Transmorgrifier","floor":27,"gold_loss":0,"cards_obtained":["Feed"]},{"damage_healed":0,"gold_gain":0,"player_choice":"Embrace Madness","damage_taken":12,"max_hp_gain":0,"max_hp_loss":0,"event_name":"Winding Halls","floor":39,"gold_loss":0,"cards_obtained":["Madness","Madness"]},{"damage_healed":0,"gold_gain":0,"player_choice":"Paid","damage_taken":0,"relics_obtained":["Red Mask"],"max_hp_gain":0,"max_hp_loss":0,"event_name":"Tomb of Lord Red Mask","floor":48,"gold_loss":304}],"is_beta":false,"boss_relics":[{"not_picked":["Runic Cube","Empty Cage"],"picked":"Ectoplasm"},{"not_picked":["Pandora\u0027s Box","White Beast Statue"],"picked":"Coffee Dripper"}],"items_purged_floors":[2],"is_endless":false,"potions_floor_spawned":[3,6,10,11,12,14,20,22,24,29,30,33,36,37,47],"ascension_level":0}