{"gold_per_floor":[114,47,4,16,32,60,86,100,127,47,72,72,129,153,165,177],"floor_reached":16,"playtime":820,"items_purged":[],"score":204,"play_id":"f0cef112-d84a-4adb-b7e7-2e6967e3fe90","local_time":"20190228105201","is_ascension_mode":true,"campfire_choices":[{"data":"Neutralize","floor":12.0,"key":"SMITH"},{"floor":15.0,"key":"REST"}],"neow_cost":"NONE","seed_source_timestamp":823537264012605,"circlet_count":0,"master_deck":["AscendersBane","Defend_G","Defend_G+1","Defend_G+1","Defend_G","Defend_G","Strike_G","Strike_G","Strike_G","Strike_G","Strike_G","Survivor","Neutralize+1","Bouncing Flask","Escape Plan","Predator","Noxious Fumes","Backflip","Catalyst","PiercingWail","Well Laid Plans"],"special_seed":0,"relics":["Ring of the Snake","NeowsBlessing","Centennial Puzzle","Juzu Bracelet","Potion Belt","Orichalcum","War Paint","MawBank"],"potions_floor_usage":[16],"damage_taken":[{"damage":0.0,"enemies":"Jaw Worm","floor":1.0,"turns":1.0},{"damage":0.0,"enemies":"Cultist","floor":4.0,"turns":1.0},{"damage":0.0,"enemies":"2 Louse","floor":5.0,"turns":1.0},{"damage":19.0,"enemies":"3 Sentries","floor":6.0,"turns":11.0},{"damage":1.0,"enemies":"2 Fungi Beasts","floor":8.0,"turns":3.0},{"damage":10.0,"enemies":"Lagavulin","floor":11.0,"turns":5.0},{"damage":9.0,"enemies":"Lagavulin Event","floor":13.0,"turns":5.0},{"damage":17.0,"enemies":"Exordium Wildlife","floor":14.0,"turns":8.0},{"damage":35,"enemies":"Slime Boss","floor":16,"turns":8}],"seed_played":"3536413138163499596","potions_obtained":[{"floor":4.0,"key":"Dexterity Potion"},{"floor":6.0,"key":"Block Potion"},{"floor":8.0,"key":"Strength Potion"},{"floor":14.0,"key":"Energy Potion"}],"is_trial":false,"path_per_floor":["M","?","$","M","M","E","T","M","T","$","E","R","?","M","R","B"],"character_chosen":"THE_SILENT","items_purchased":["Escape Plan","Catalyst"],"campfire_rested":1,"item_purchase_floors":[3,10],"current_hp_per_floor":[59,59,59,59,59,40,40,39,39,39,29,29,20,3,22,0],"gold":177,"neow_bonus":"THREE_ENEMY_KILL","is_prod":false,"is_daily":false,"chose_seed":false,"campfire_upgraded":1,"win_rate":0,"timestamp":1551347521,"path_taken":["M","?","$","M","?","E","?","M","T","$","E","R","?","M","R","BOSS"],"build_version":"2019-01-23","purchased_purges":0,"victory":false,"max_hp_per_floor":[66,66,66,66,66,66,66,66,66,66,66,66,66,66,66,66],"card_choices":[{"not_picked":["Flying Knee","Tactician"],"picked":"Bouncing Flask","floor":1.0},{"not_picked":["Bane","Deflect"],"picked":"Predator","floor":4.0},{"not_picked":["Sucker Punch","Heel Hook","Slice"],"picked":"SKIP","floor":5.0},{"not_picked":["Malaise","Prepared"],"picked":"Noxious Fumes","floor":6.0},{"not_picked":["Blade Dance","Poisoned Stab"],"picked":"Backflip","floor":8.0},{"not_picked":["Backflip","Glass Knife"],"picked":"PiercingWail","floor":11.0},{"not_picked":["Distraction","Dash"],"picked":"Well Laid Plans","floor":13.0},{"not_picked":["Slice","Bane","PiercingWail"],"picked":"SKIP","floor":14.0}],"player_experience":419429,"relics_obtained":[{"floor":6.0,"key":"Juzu Bracelet"},{"floor":7.0,"key":"Potion Belt"},{"floor":9.0,"key":"Orichalcum"},{"floor":11.0,"key":"War Paint"},{"floor":13.0,"key":"MawBank"}],"event_choices":[{"damage_healed":0.0,"max_hp_gain":0.0,"max_hp_loss":0.0,"gold_gain":0.0,"event_name":"WeMeetAgain","player_choice":"Paid Gold","floor":2.0,"gold_loss":67.0,"damage_taken":0.0,"relics_obtained":["Centennial Puzzle"]},{"damage_healed":0.0,"max_hp_gain":0.0,"max_hp_loss":0.0,"gold_gain":0.0,"event_name":"Dead Adventurer","player_choice":"Searched \u00271\u0027 times","floor":13.0,"gold_loss":0.0,"damage_taken":0.0}],"is_beta":false,"boss_relics":[],"items_purged_floors":[],"is_endless":false,"potions_floor_spawned":[4,6,8,14],"killed_by":"Slime Boss","ascension_level":17}