{"gold_per_floor":[115,126,145,145,145,145,70,103,103,103,120,120,152,166,166,239,239,251,251,5,21,32,32,60,60,60,60,60,73,73,90,90,165,165,181,12,31,31,31,31,59,59,59,88,98,112,143,154,154,154,154],"floor_reached":52,"playtime":3129,"items_purged":["Strike_G"],"score":1940,"play_id":"350a2a0d-76dc-441b-a5f9-473e00187785","local_time":"20190426094720","is_ascension_mode":true,"campfire_choices":[{"floor":6.0,"key":"REST"},{"data":"Dagger Spray","floor":10.0,"key":"SMITH"},{"data":"Crippling Poison","floor":12.0,"key":"SMITH"},{"data":"Infinite Blades","floor":15.0,"key":"SMITH"},{"floor":23.0,"key":"REST"},{"data":"Cloak And Dagger","floor":25.0,"key":"SMITH"},{"floor":27.0,"key":"REST"},{"data":"Blade Dance","floor":30.0,"key":"SMITH"},{"floor":32.0,"key":"REST"},{"data":"After Image","floor":40.0,"key":"SMITH"},{"data":"Bouncing Flask","floor":42.0,"key":"SMITH"},{"floor":49.0,"key":"REST"}],"neow_cost":"NONE","seed_source_timestamp":0,"circlet_count":0,"master_deck":["AscendersBane","Defend_G","Defend_G","Defend_G","Defend_G","Defend_G","Strike_G","Strike_G","Strike_G","Survivor","Neutralize+1","Envenom+1","Infinite Blades+1","Quick Slash","Dagger Spray+1","Crippling Poison+1","Blade Dance+1","Poisoned Stab","PiercingWail","Glass Knife+1","Leg Sweep","Footwork","Deadly Poison","Cloak And Dagger+1","Finisher","PiercingWail","Backflip","Blade Dance","After Image+1","Bouncing Flask+1","Backflip","Finisher","Malaise"],"special_seed":0,"relics":["Ring of the Snake","Bronze Scales","Bottled Flame","Snake Skull","Philosopher\u0027s Stone","MutagenicStrength","Regal Pillow","Meat on the Bone","Black Star","Anchor","Bag of Marbles","Pear","Bag of Preparation","PreservedInsect","Potion Belt","Happy Flower","Dead Branch"],"potions_floor_usage":[51],"damage_taken":[{"damage":3.0,"enemies":"Cultist","floor":1.0,"turns":6.0},{"damage":0.0,"enemies":"2 Louse","floor":2.0,"turns":4.0},{"damage":12.0,"enemies":"Small Slimes","floor":3.0,"turns":4.0},{"damage":22.0,"enemies":"Gremlin Nob","floor":8.0,"turns":4.0},{"damage":4.0,"enemies":"Blue Slaver","floor":11.0,"turns":4.0},{"damage":9.0,"enemies":"Lagavulin","floor":13.0,"turns":6.0},{"damage":0.0,"enemies":"3 Louse","floor":14.0,"turns":2.0},{"damage":5.0,"enemies":"Slime Boss","floor":16.0,"turns":7.0},{"damage":15.0,"enemies":"Spheric Guardian","floor":18.0,"turns":5.0},{"damage":4.0,"enemies":"Chosen","floor":21.0,"turns":4.0},{"damage":29.0,"enemies":"Shelled Parasite and Fungi","floor":22.0,"turns":5.0},{"damage":22.0,"enemies":"Slavers","floor":24.0,"turns":4.0},{"damage":4.0,"enemies":"Centurion and Healer","floor":29.0,"turns":6.0},{"damage":8.0,"enemies":"Cultist and Chosen","floor":31.0,"turns":5.0},{"damage":64.0,"enemies":"Automaton","floor":33.0,"turns":9.0},{"damage":20.0,"enemies":"3 Darklings","floor":35.0,"turns":3.0},{"damage":8.0,"enemies":"Orb Walker","floor":37.0,"turns":3.0},{"damage":13.0,"enemies":"Nemesis","floor":41.0,"turns":5.0},{"damage":47.0,"enemies":"Reptomancer","floor":44.0,"turns":6.0},{"damage":9.0,"enemies":"Sphere and 2 Shapes","floor":45.0,"turns":9.0},{"damage":0.0,"enemies":"Jaw Worm Horde","floor":46.0,"turns":3.0},{"damage":16.0,"enemies":"Nemesis","floor":47.0,"turns":7.0},{"damage":5.0,"enemies":"Spire Growth","floor":48.0,"turns":4.0},{"damage":55.0,"enemies":"Awakened One","floor":50.0,"turns":12.0},{"damage":24,"enemies":"Time Eater","floor":51,"turns":11}],"seed_played":"3118464462527679704","potions_obtained":[{"floor":1.0,"key":"Dexterity Potion"},{"floor":2.0,"key":"Fire Potion"},{"floor":3.0,"key":"Strength Potion"},{"floor":13.0,"key":"Weak Potion"},{"floor":14.0,"key":"Strength Potion"},{"floor":21.0,"key":"LiquidBronze"},{"floor":29.0,"key":"SteroidPotion"},{"floor":45.0,"key":"LiquidBronze"},{"floor":47.0,"key":"FearPotion"},{"floor":48.0,"key":"SmokeBomb"}],"is_trial":false,"path_per_floor":["M","M","M","?","?","R","?","E","T","R","M","R","E","M","R","B",null,"M","?","$","M","M","R","E","R","T","R","?","M","R","M","R","B",null,"M","$","M","?","$","R","E","R","T","E","M","M","E","M","R","B","B",null],"character_chosen":"THE_SILENT","items_purchased":["Footwork","Deadly Poison","Cloak And Dagger","Anchor"],"campfire_rested":5,"item_purchase_floors":[20,20,20,36],"current_hp_per_floor":[56,56,44,24,29,50,50,28,28,28,24,24,15,15,15,10,56,41,41,41,37,8,29,7,7,7,43,23,31,31,35,72,20,62,42,42,46,46,46,46,55,55,55,20,23,35,31,38,78,35,23],"gold":154,"neow_bonus":"ONE_RANDOM_RARE_CARD","is_prod":false,"is_daily":false,"chose_seed":false,"campfire_upgraded":7,"win_rate":0,"timestamp":1556264840,"path_taken":["M","M","M","?","?","R","?","E","T","R","M","R","E","M","R","BOSS","M","?","$","M","M","R","E","R","T","R","?","M","R","M","R","BOSS","M","$","M","?","$","R","E","R","T","E","M","?","E","M","R","BOSS","BOSS"],"build_version":"2019-01-23","purchased_purges":1,"victory":true,"max_hp_per_floor":[66,66,66,66,71,71,71,71,71,71,71,71,71,71,71,71,71,71,71,71,71,71,71,71,71,71,71,76,76,76,76,76,76,76,76,76,76,76,76,76,86,86,86,86,86,86,86,86,86,86,86],"card_choices":[{"not_picked":["Backstab","Backflip"],"picked":"Infinite Blades","floor":1.0},{"not_picked":["Tactician","Outmaneuver"],"picked":"Quick Slash","floor":2.0},{"not_picked":["Reflex","Quick Slash"],"picked":"Dagger Spray","floor":3.0},{"not_picked":["Catalyst","Calculated Gamble"],"picked":"Crippling Poison","floor":8.0},{"not_picked":["Dagger Spray","Tactician"],"picked":"Blade Dance","floor":11.0},{"not_picked":["Backstab","Outmaneuver"],"picked":"Poisoned Stab","floor":13.0},{"not_picked":["Endless Agony","Blade Dance"],"picked":"PiercingWail","floor":14.0},{"not_picked":["Bullet Time","Die Die Die"],"picked":"Glass Knife","floor":16.0},{"not_picked":["Dodge and Roll","Escape Plan"],"picked":"Leg Sweep","floor":18.0},{"not_picked":["Underhanded Strike","Flying Knee","Sucker Punch"],"picked":"SKIP","floor":21.0},{"not_picked":["Slice","Masterful Stab"],"picked":"Finisher","floor":22.0},{"not_picked":["Dash","Grand Finale"],"picked":"PiercingWail","floor":24.0},{"not_picked":["Dash","Predator"],"picked":"Backflip","floor":29.0},{"not_picked":["Dash","Dagger Spray"],"picked":"Blade Dance","floor":31.0},{"not_picked":["Bullet Time","Night Terror"],"picked":"After Image","floor":33.0},{"not_picked":["Setup","Skewer"],"picked":"Bouncing Flask","floor":35.0},{"not_picked":["Deadly Poison","Dagger Spray","Predator"],"picked":"SKIP","floor":37.0},{"not_picked":["Masterful Stab","Expertise","Heel Hook"],"picked":"SKIP","floor":41.0},{"not_picked":["Bouncing Flask","Infinite Blades","Flying Knee"],"picked":"SKIP","floor":44.0},{"not_picked":["Quick Slash+1","Poisoned Stab","Dagger Spray"],"picked":"SKIP","floor":45.0},{"not_picked":["Flying Knee","Bane"],"picked":"Backflip","floor":46.0},{"not_picked":["Noxious Fumes+1","Blade Dance"],"picked":"Finisher","floor":47.0},{"not_picked":["Choke","Acrobatics+1"],"picked":"Malaise","floor":48.0}],"player_experience":617519,"relics_obtained":[{"floor":8.0,"key":"Bronze Scales"},{"floor":9.0,"key":"Bottled Flame"},{"floor":13.0,"key":"Snake Skull"},{"floor":24.0,"key":"Regal Pillow"},{"floor":26.0,"key":"Meat on the Bone"},{"floor":41.0,"key":"Bag of Marbles"},{"floor":41.0,"key":"Pear"},{"floor":43.0,"key":"Bag of Preparation"},{"floor":44.0,"key":"PreservedInsect"},{"floor":44.0,"key":"Potion Belt"},{"floor":47.0,"key":"Happy Flower"},{"floor":47.0,"key":"Dead Branch"}],"event_choices":[{"damage_healed":0.0,"max_hp_gain":0.0,"max_hp_loss":0.0,"gold_gain":0.0,"event_name":"Shining Light","player_choice":"Entered Light","floor":4.0,"gold_loss":0.0,"damage_taken":20.0,"cards_upgraded":["Envenom","Neutralize"]},{"damage_healed":0.0,"max_hp_gain":5.0,"max_hp_loss":0.0,"gold_gain":0.0,"event_name":"Big Fish","player_choice":"Donut","floor":5.0,"gold_loss":0.0,"damage_taken":0.0},{"cards_removed":["Strike_G"],"damage_healed":0.0,"max_hp_gain":0.0,"max_hp_loss":0.0,"gold_gain":0.0,"event_name":"The Cleric","player_choice":"Card Removal","floor":7.0,"gold_loss":75.0,"damage_taken":0.0},{"damage_healed":0.0,"max_hp_gain":0.0,"max_hp_loss":0.0,"gold_gain":0.0,"event_name":"Drug Dealer","player_choice":"Inject Mutagens","floor":19.0,"gold_loss":0.0,"damage_taken":0.0,"relics_obtained":["MutagenicStrength"]},{"damage_healed":0.0,"max_hp_gain":5.0,"max_hp_loss":0.0,"gold_gain":0.0,"event_name":"Forgotten Altar","player_choice":"Shed Blood","floor":28.0,"gold_loss":0.0,"damage_taken":25.0},{"damage_healed":0.0,"max_hp_gain":0.0,"max_hp_loss":0.0,"gold_gain":0.0,"event_name":"Accursed Blacksmith","player_choice":"Forge","floor":38.0,"gold_loss":0.0,"damage_taken":0.0,"cards_upgraded":["Glass Knife"]}],"is_beta":false,"boss_relics":[{"not_picked":["Eternal Feather","Astrolabe"],"picked":"Philosopher\u0027s Stone"},{"not_picked":["Coffee Dripper","Runic Dome"],"picked":"Black Star"}],"items_purged_floors":[20],"is_endless":false,"potions_floor_spawned":[1,2,3,13,14,21,29,31,45,47,48],"ascension_level":20}