{"gold_per_floor":[118,137,137,153,171,203,203,39,65,78,98,98],"floor_reached":12,"playtime":727,"items_purged":[],"score":148,"play_id":"89da116c-6e2b-4f8e-a188-08cf4ea77b16","local_time":"20190224143847","is_ascension_mode":true,"campfire_choices":[{"data":"Noxious Fumes","floor":7.0,"key":"SMITH"}],"neow_cost":"NONE","seed_source_timestamp":491641567263499,"circlet_count":0,"master_deck":["AscendersBane","Defend_G","Defend_G","Defend_G","Defend_G","Defend_G","Strike_G","Strike_G","Strike_G","Strike_G","Survivor","Neutralize","Noxious Fumes+1","Backstab","Expertise","Escape Plan","Dagger Spray","Backstab","Noxious Fumes","Leg Sweep","Bouncing Flask","PiercingWail"],"special_seed":0,"relics":["Ring of the Snake","Regal Pillow","Omamori"],"potions_floor_usage":[],"damage_taken":[{"damage":2.0,"enemies":"Jaw Worm","floor":1.0,"turns":6.0},{"damage":0.0,"enemies":"Cultist","floor":2.0,"turns":5.0},{"damage":2.0,"enemies":"Small Slimes","floor":4.0,"turns":3.0},{"damage":6.0,"enemies":"3 Louse","floor":5.0,"turns":4.0},{"damage":22.0,"enemies":"Lagavulin","floor":6.0,"turns":8.0},{"damage":5.0,"enemies":"Exordium Wildlife","floor":10.0,"turns":4.0},{"damage":4.0,"enemies":"2 Fungi Beasts","floor":11.0,"turns":3.0},{"damage":18,"enemies":"Gremlin Nob","floor":12,"turns":3}],"seed_played":"-5149691064079529907","potions_obtained":[{"floor":0.0,"key":"SkillPotion"},{"floor":0.0,"key":"SteroidPotion"},{"floor":2.0,"key":"Fire Potion"},{"floor":10.0,"key":"Swift Potion"}],"is_trial":false,"path_per_floor":["M","M","?","M","M","E","R","$","T","M","M","E"],"character_chosen":"THE_SILENT","items_purchased":["Noxious Fumes","Leg Sweep"],"campfire_rested":0,"item_purchase_floors":[8,8],"current_hp_per_floor":[57,57,57,55,49,27,27,27,27,22,18,0],"gold":98,"neow_bonus":"THREE_SMALL_POTIONS","is_prod":false,"is_daily":false,"chose_seed":false,"campfire_upgraded":1,"win_rate":0,"timestamp":1551015527,"path_taken":["M","M","?","M","M","E","R","$","T","M","M","E"],"build_version":"2019-01-23","purchased_purges":0,"victory":false,"max_hp_per_floor":[66,66,66,66,66,66,66,66,66,66,66,66],"card_choices":[{"not_picked":["Choke","Outmaneuver"],"picked":"Noxious Fumes","floor":1.0},{"not_picked":["Quick Slash","Poisoned Stab"],"picked":"Backstab","floor":2.0},{"not_picked":["Outmaneuver","Accuracy"],"picked":"Escape Plan","floor":4.0},{"not_picked":["Heel Hook","Slice"],"picked":"Dagger Spray","floor":5.0},{"not_picked":["Quick Slash","Concentrate"],"picked":"Backstab","floor":6.0},{"not_picked":["Heel Hook","Expertise"],"picked":"Bouncing Flask","floor":10.0},{"not_picked":["Outmaneuver","Sucker Punch"],"picked":"PiercingWail","floor":11.0}],"player_experience":409340,"relics_obtained":[{"floor":6.0,"key":"Regal Pillow"},{"floor":9.0,"key":"Omamori"}],"event_choices":[{"damage_healed":0.0,"max_hp_gain":0.0,"max_hp_loss":0.0,"gold_gain":0.0,"cards_transformed":["Strike_G"],"event_name":"Transmorgrifier","player_choice":"Transformed","floor":3.0,"gold_loss":0.0,"damage_taken":0.0,"cards_obtained":["Expertise"]}],"is_beta":false,"boss_relics":[],"items_purged_floors":[],"is_endless":false,"potions_floor_spawned":[2,4,5,10],"killed_by":"Gremlin Nob","ascension_level":16}