{"path_per_floor":["M","M","M","M","M","R","M","E","T","R","$","M","M","$","R","B",null,"M","?","M","M","M","R"],"character_chosen":"THE_SILENT","items_purchased":["Quick Slash","Slice"],"gold_per_floor":[20,38,51,67,82,82,98,125,125,125,28,41,52,29,29,128,128,143,143,155,173,184,184,184],"floor_reached":24,"campfire_rested":2,"playtime":2204,"current_hp_per_floor":[59,53,53,37,17,38,35,7,17,41,41,40,37,37,37,32,68,68,68,55,44,50,50,0],"items_purged":["Strike_G"],"gold":184,"score":331,"play_id":"6d262c9b-3ad5-492f-9a3d-809b6510b6c9","local_time":"20180519182755","is_prod":false,"is_daily":false,"chose_seed":false,"is_ascension_mode":true,"campfire_upgraded":2,"timestamp":1526779675,"campfire_choices":[{"floor":6,"key":"REST"},{"floor":10,"key":"REST"},{"data":"Neutralize","floor":15,"key":"SMITH"},{"data":"After Image","floor":23,"key":"SMITH"}],"path_taken":["M","M","M","?","M","R","M","E","T","R","$","M","M","?","R","BOSS","M","?","M","M","M","R","E"],"build_version":"2018-05-17","seed_source_timestamp":150713422259129,"purchased_purges":1,"victory":false,"master_deck":["Survivor","Neutralize+1","AscendersBane","Dodge and Roll","Backstab","Prepared","Sucker Punch","Dagger Spray","Slice","After Image+1","Quick Slash","Dash","Footwork","Slice","Glass Knife","Accuracy","Blade Dance","Slice","Dagger Spray","Deflect","Flechettes","Underhanded Strike","PiercingWail","Slice","Cloak And Dagger","Writhe","Underhanded Strike","Dodge and Roll","Backstab"],"max_hp_per_floor":[70,70,70,70,70,70,70,70,80,80,80,80,80,80,80,80,80,80,80,80,80,80,80,80],"relics":["Ring of the Snake","Ice Cream","Vajra","Pear","Pandora\u0027s Box","Blue Candle"],"card_choices":[{"not_picked":["Choke","Setup"],"picked":"Dodge and Roll","floor":1},{"not_picked":["Riddle With Holes","Distraction"],"picked":"Backstab","floor":2},{"not_picked":["Well Laid Plans","Catalyst"],"picked":"Prepared","floor":3},{"not_picked":["Blur","All Out Attack"],"picked":"Sucker Punch","floor":4},{"not_picked":["Poisoned Stab","Dagger Throw"],"picked":"Dagger Spray","floor":5},{"not_picked":["Riddle With Holes","Infinite Blades"],"picked":"Slice","floor":7},{"not_picked":["Deadly Poison","Well Laid Plans"],"picked":"After Image","floor":8},{"not_picked":["Cloak And Dagger","PiercingWail"],"picked":"Dash","floor":12},{"not_picked":["Deadly Poison","Backflip"],"picked":"Footwork","floor":13},{"not_picked":["Bullet Time","Tools of the Trade"],"picked":"Glass Knife","floor":16},{"not_picked":["Deflect","Acrobatics"],"picked":"Cloak And Dagger","floor":18},{"not_picked":["Poisoned Stab","Bouncing Flask"],"picked":"Underhanded Strike","floor":20},{"not_picked":["Prepared","Reflex"],"picked":"Dodge and Roll","floor":21},{"not_picked":["Finisher","Slice"],"picked":"Backstab","floor":22}],"player_experience":455297,"potions_floor_usage":[7,8,22,24,24],"damage_taken":[{"damage":4,"enemies":"Cultist","floor":1,"turns":4},{"damage":6,"enemies":"Small Slimes","floor":2,"turns":4},{"damage":0,"enemies":"Jaw Worm","floor":3,"turns":6},{"damage":16,"enemies":"Large Slime","floor":4,"turns":11},{"damage":20,"enemies":"Exordium Thugs","floor":5,"turns":8},{"damage":3,"enemies":"Looter","floor":7,"turns":4},{"damage":28,"enemies":"Lagavulin","floor":8,"turns":8},{"damage":1,"enemies":"Blue Slaver","floor":12,"turns":3},{"damage":3,"enemies":"Lots of Slimes","floor":13,"turns":3},{"damage":5,"enemies":"The Guardian","floor":16,"turns":14},{"damage":0,"enemies":"3 Byrds","floor":18,"turns":5},{"damage":13,"enemies":"Chosen","floor":20,"turns":4},{"damage":11,"enemies":"Snecko","floor":21,"turns":5},{"damage":9,"enemies":"3 Cultists","floor":22,"turns":6},{"damage":55,"enemies":"Gremlin Leader","floor":24,"turns":10}],"relics_obtained":[{"floor":8,"key":"Vajra"},{"floor":9,"key":"Pear"}],"event_choices":[{"event_name":"The Mausoleum","player_choice":"Yes","floor":19,"damage_taken":0}],"boss_relics":[{"not_picked":["Lizard Tail","Orrery"],"picked":"Pandora\u0027s Box"}],"potions_floor_spawned":[1,4,5,13,20,21],"seed_played":"-295710806704499068","killed_by":"Gremlin Leader","ascension_level":10,"potions_obtained":[{"floor":1,"key":"SpeedPotion"},{"floor":4,"key":"EssenceOfSteel"},{"floor":5,"key":"GamblersBrew"},{"floor":13,"key":"Weak Potion"},{"floor":20,"key":"EssenceOfSteel"},{"floor":21,"key":"Regen Potion"}],"is_trial":false}