{"gold_per_floor":[365,382,60,79,92,92,125,125,125,125,142,153,153,180,180,280,280,300,320,340,8,8],"floor_reached":22,"playtime":1493,"items_purged":["Strike_B"],"score":260,"play_id":"c0258cff-cafa-471c-8331-7a9fa463ce86","local_time":"20190119110808","is_ascension_mode":true,"campfire_choices":[{"data":"Zap","floor":6.0,"key":"SMITH"},{"data":"Dualcast","floor":8.0,"key":"SMITH"},{"data":"Streamline","floor":13.0,"key":"SMITH"},{"data":"Fission","floor":15.0,"key":"SMITH"}],"neow_cost":"CURSE","seed_source_timestamp":0,"circlet_count":0,"master_deck":["Strike_B","Strike_B","Strike_B","Defend_B","Defend_B","Defend_B","Defend_B","Zap+1","Dualcast+1","Doubt","Cold Snap","Conserve Battery","Beam Cell","Defragment+1","White Noise","Streamline+1","Capacitor","Barrage","Ball Lightning","Doom and Gloom","Fission+1","Thunder Strike","Hologram","Conserve Battery+1","Storm+1","Reinforced Body"],"special_seed":0,"relics":["Cracked Core","Pantograph","Blue Candle","Gremlin Horn","Inserter","Kunai"],"potions_floor_usage":[22,22],"damage_taken":[{"damage":0.0,"enemies":"Cultist","floor":1.0,"turns":3.0},{"damage":0.0,"enemies":"2 Louse","floor":2.0,"turns":3.0},{"damage":4.0,"enemies":"Jaw Worm","floor":4.0,"turns":4.0},{"damage":0.0,"enemies":"Blue Slaver","floor":5.0,"turns":3.0},{"damage":10.0,"enemies":"3 Sentries","floor":7.0,"turns":7.0},{"damage":6.0,"enemies":"Lots of Slimes","floor":11.0,"turns":4.0},{"damage":2.0,"enemies":"3 Louse","floor":12.0,"turns":3.0},{"damage":11.0,"enemies":"Lagavulin","floor":14.0,"turns":4.0},{"damage":0.0,"enemies":"Slime Boss","floor":16.0,"turns":6.0},{"damage":40.0,"enemies":"2 Thieves","floor":18.0,"turns":4.0},{"damage":18.0,"enemies":"Chosen","floor":19.0,"turns":5.0},{"damage":11.0,"enemies":"Snake Plant","floor":20.0,"turns":2.0},{"damage":14,"enemies":"Colosseum Slavers","floor":22,"turns":1}],"seed_played":"754735886130474013","potions_obtained":[{"floor":2.0,"key":"Swift Potion"},{"floor":11.0,"key":"SteroidPotion"},{"floor":14.0,"key":"Dexterity Potion"},{"floor":18.0,"key":"EssenceOfSteel"}],"is_trial":false,"path_per_floor":["M","M","$","M","M","R","E","R","T","?","M","M","R","E","R","B",null,"M","M","M","$","?"],"character_chosen":"DEFECT","items_purchased":["Beam Cell","Defragment","White Noise","Block Potion","Kunai","Reinforced Body"],"campfire_rested":0,"item_purchase_floors":[3,3,3,3,21,21],"current_hp_per_floor":[75,75,75,71,71,71,61,61,61,61,55,53,53,42,42,67,75,35,17,6,6,0],"gold":8,"neow_bonus":"TWO_FIFTY_GOLD","is_prod":false,"is_daily":false,"chose_seed":false,"campfire_upgraded":4,"win_rate":1,"timestamp":1547892488,"path_taken":["M","?","$","M","M","R","E","R","T","?","?","M","R","E","R","BOSS","M","M","M","$","?"],"build_version":"2018-12-20","purchased_purges":1,"victory":false,"max_hp_per_floor":[75,75,75,75,75,75,75,75,75,75,75,75,75,75,75,75,75,75,75,75,75,75],"card_choices":[{"not_picked":["Scrape","Go for the Eyes"],"picked":"Cold Snap","floor":1.0},{"not_picked":["Hologram","Go for the Eyes"],"picked":"Conserve Battery","floor":2.0},{"not_picked":["Consume","Sweeping Beam"],"picked":"Streamline","floor":4.0},{"not_picked":["Redo","Streamline"],"picked":"Capacitor","floor":5.0},{"not_picked":["Amplify","Hello World"],"picked":"Barrage","floor":7.0},{"not_picked":["Force Field","Gash"],"picked":"Ball Lightning","floor":11.0},{"not_picked":["Coolheaded","Sweeping Beam"],"picked":"Doom and Gloom","floor":12.0},{"not_picked":["Conserve Battery","Beam Cell"],"picked":"Fission","floor":14.0},{"not_picked":["Machine Learning","All For One"],"picked":"Thunder Strike","floor":16.0},{"not_picked":["Doom and Gloom","Beam Cell+1"],"picked":"Hologram","floor":18.0},{"not_picked":["Storm+1","Cold Snap"],"picked":"Conserve Battery+1","floor":19.0},{"not_picked":["Fusion","Ball Lightning"],"picked":"Storm+1","floor":20.0}],"player_experience":58401,"relics_obtained":[{"floor":7.0,"key":"Pantograph"},{"floor":9.0,"key":"Blue Candle"},{"floor":14.0,"key":"Gremlin Horn"}],"event_choices":[{"damage_healed":0.0,"max_hp_gain":0.0,"max_hp_loss":0.0,"gold_gain":0.0,"event_name":"Upgrade Shrine","player_choice":"Upgraded","floor":10.0,"gold_loss":0.0,"damage_taken":0.0,"cards_upgraded":["Defragment"]},{"damage_healed":0,"gold_gain":0,"player_choice":"Fight","damage_taken":0,"max_hp_gain":0,"max_hp_loss":0,"event_name":"Colosseum","floor":22,"gold_loss":0}],"is_beta":false,"boss_relics":[{"not_picked":["Ectoplasm","Eternal Feather"],"picked":"Inserter"}],"items_purged_floors":[3],"is_endless":false,"potions_floor_spawned":[2,11,14,18,20],"killed_by":"Colosseum Slavers","ascension_level":1}