{"gold_per_floor":[113,130,130,141,155,155,120,130,130,140,173,173,248,265,265,360,360,374,374,374,574,592,592,618,618,644,662,193,209,209,10,10,10],"floor_reached":33,"playtime":1834,"items_purged":["Regret"],"score":267,"play_id":"d13507ee-c6d8-4b62-a913-21ffa94241fc","local_time":"20190415220906","is_ascension_mode":false,"campfire_choices":[{"floor":6,"key":"REST"},{"data":"Phantasmal Killer","floor":15,"key":"SMITH"},{"data":"Endless Agony","floor":23,"key":"SMITH"},{"data":"Terror","floor":25,"key":"SMITH"},{"data":"Mind Blast","floor":30,"key":"SMITH"},{"floor":32,"key":"REST"}],"neow_cost":"NONE","seed_source_timestamp":443321623812515,"circlet_count":0,"master_deck":["Defend_G","Defend_G","Defend_G","Defend_G","Defend_G","Strike_G","Strike_G","Strike_G","Strike_G","Strike_G","Survivor","Neutralize","Unload","Quick Slash","Predator","Doppelganger","Endless Agony+1","Dagger Throw","Terror+1","Calculated Gamble","Phantasmal Killer+1","Envenom","Tactician","Quick Slash","Die Die Die","Skewer+1","Infinite Blades","Slice","Mind Blast+1","Sadistic Nature","Underhanded Strike","Master of Strategy","Quick Slash"],"relics":["Ring of the Snake","Bronze Scales","PreservedInsect","Bottled Flame","Centennial Puzzle","HoveringKite","MutagenicStrength","Mummified Hand","Bag of Marbles"],"potions_floor_usage":[16,16,33],"damage_taken":[{"damage":7,"enemies":"2 Louse","floor":1,"turns":4},{"damage":0,"enemies":"Small Slimes","floor":2,"turns":3},{"damage":0,"enemies":"Jaw Worm","floor":4,"turns":2},{"damage":9,"enemies":"Blue Slaver","floor":5,"turns":3},{"damage":0,"enemies":"Looter","floor":8,"turns":2},{"damage":0,"enemies":"Red Slaver","floor":10,"turns":2},{"damage":10,"enemies":"3 Sentries","floor":11,"turns":6},{"damage":4,"enemies":"Blue Slaver","floor":14,"turns":2},{"damage":32,"enemies":"Slime Boss","floor":16,"turns":7},{"damage":3,"enemies":"Shell Parasite","floor":18,"turns":2},{"damage":12,"enemies":"3 Byrds","floor":22,"turns":3},{"damage":7,"enemies":"Book of Stabbing","floor":24,"turns":2},{"damage":7,"enemies":"Snecko","floor":27,"turns":4},{"damage":10,"enemies":"Cultist and Chosen","floor":29,"turns":2},{"damage":101,"enemies":"Automaton","floor":33,"turns":6}],"seed_played":"8199002846408452147","potions_obtained":[{"floor":2,"key":"Block Potion"},{"floor":4,"key":"Swift Potion"},{"floor":10,"key":"EssenceOfSteel"},{"floor":14,"key":"GhostInAJar"},{"floor":27,"key":"Dexterity Potion"}],"is_trial":false,"path_per_floor":["M","M","?","M","M","R","?","M","T","M","E","?","?","M","R","B",null,"M","?","?","?","M","R","E","R","T","M","$","M","R","$","R","B"],"character_chosen":"THE_SILENT","items_purchased":["Infinite Blades","Slice","Mind Blast","Sadistic Nature","Master of Strategy","Quick Slash"],"campfire_rested":2,"item_purchase_floors":[28,28,28,28,31,31],"current_hp_per_floor":[63,63,30,30,21,42,59,59,59,59,49,49,38,34,34,2,70,67,67,67,67,55,55,48,48,48,41,41,31,31,31,52,0],"gold":10,"neow_bonus":"ONE_RANDOM_RARE_CARD","is_prod":false,"is_daily":false,"chose_seed":false,"campfire_upgraded":4,"win_rate":0.0,"timestamp":1555380546,"path_taken":["M","M","?","M","M","R","?","M","T","M","E","?","?","M","R","BOSS","M","?","?","?","?","R","E","R","T","M","$","M","R","?","R","BOSS"],"build_version":"2019-01-23","purchased_purges":1,"victory":false,"max_hp_per_floor":[70,70,70,70,70,70,70,70,70,70,70,70,70,70,70,70,70,70,70,70,70,70,70,70,70,70,70,70,70,70,70,70,70],"card_choices":[{"not_picked":["Outmaneuver","Reflex"],"picked":"Quick Slash","floor":1},{"not_picked":["Quick Slash","All Out Attack"],"picked":"Predator","floor":2},{"not_picked":["Dagger Throw","Flying Knee"],"picked":"Doppelganger","floor":4},{"not_picked":["PiercingWail","Outmaneuver"],"picked":"Endless Agony","floor":5},{"not_picked":["Dodge and Roll","Backflip"],"picked":"Dagger Throw","floor":8},{"not_picked":["Night Terror","Blade Dance"],"picked":"Terror","floor":10},{"not_picked":["Deadly Poison","Predator"],"picked":"Calculated Gamble","floor":11},{"not_picked":["Dagger Spray","Deflect"],"picked":"Phantasmal Killer","floor":14},{"not_picked":["After Image","Wraith Form v2"],"picked":"Envenom","floor":16},{"not_picked":["PiercingWail","Dodge and Roll+1"],"picked":"Tactician","floor":18},{"not_picked":["Backflip","Heel Hook+1"],"picked":"Quick Slash","floor":22},{"not_picked":["Prepared","Deflect"],"picked":"Die Die Die","floor":24},{"not_picked":["Prepared","Eviscerate+1"],"picked":"Skewer+1","floor":27},{"not_picked":["Quick Slash","Outmaneuver"],"picked":"Underhanded Strike","floor":29}],"player_experience":24543,"relics_obtained":[{"floor":9,"key":"PreservedInsect"},{"floor":11,"key":"Bottled Flame"},{"floor":24,"key":"Mummified Hand"},{"floor":26,"key":"Bag of Marbles"}],"event_choices":[{"damage_healed":0,"gold_gain":0,"player_choice":"Success","damage_taken":33,"relics_obtained":["Bronze Scales"],"max_hp_gain":0,"max_hp_loss":0,"event_name":"Scrap Ooze","floor":3,"gold_loss":0},{"damage_healed":17,"gold_gain":0,"player_choice":"Healed","damage_taken":0,"max_hp_gain":0,"max_hp_loss":0,"event_name":"The Cleric","floor":7,"gold_loss":35},{"damage_healed":0,"gold_gain":0,"player_choice":"Box","damage_taken":0,"relics_obtained":["Centennial Puzzle"],"max_hp_gain":0,"max_hp_loss":0,"event_name":"Big Fish","floor":12,"gold_loss":0,"cards_obtained":["Regret"]},{"damage_healed":0,"gold_gain":75,"player_choice":"Gather Gold","damage_taken":11,"max_hp_gain":0,"max_hp_loss":0,"event_name":"World of Goop","floor":13,"gold_loss":0},{"damage_healed":0,"gold_gain":0,"player_choice":"Inject Mutagens","damage_taken":0,"relics_obtained":["MutagenicStrength"],"max_hp_gain":0,"max_hp_loss":0,"event_name":"Drug Dealer","floor":19,"gold_loss":0},{"damage_healed":0,"gold_gain":0,"player_choice":"Ignored","damage_taken":0,"max_hp_gain":0,"max_hp_loss":0,"event_name":"Vampires","floor":20,"gold_loss":0},{"damage_healed":0,"gold_gain":250,"player_choice":"Bet on Owner","damage_taken":0,"max_hp_gain":0,"max_hp_loss":0,"event_name":"The Joust","floor":21,"gold_loss":50}],"is_beta":false,"boss_relics":[{"not_picked":["Snecko Eye","Empty Cage"],"picked":"HoveringKite"}],"items_purged_floors":[28],"is_endless":false,"potions_floor_spawned":[2,4,10,14,27],"killed_by":"Automaton","ascension_level":0}