{"gold_per_floor":[112,20,20,33,33,66,66,92,92,92,45,65,65,113,113,214,214,214,214,214,214,214,214,214,214,214,214,214,214,55,55,55,55,55,55,55,6,6,6,6,6,6,6,6,6,6,6,6,6,6],"floor_reached":51,"playtime":3574,"items_purged":[],"score":1136,"play_id":"b058d69c-3580-43f9-9838-2d107f5cb1cf","local_time":"20190203180625","is_ascension_mode":true,"campfire_choices":[{"data":"Cloak And Dagger","floor":7.0,"key":"SMITH"},{"data":"Blade Dance","floor":13.0,"key":"SMITH"},{"data":"Footwork","floor":15.0,"key":"SMITH"},{"data":"Footwork","floor":23.0,"key":"SMITH"},{"data":"Predator","floor":28.0,"key":"SMITH"},{"floor":32.0,"key":"REST"},{"data":"Envenom","floor":40.0,"key":"SMITH"},{"data":"J.A.X.","floor":46.0,"key":"SMITH"},{"data":"Burst","floor":49.0,"key":"SMITH"}],"neow_cost":"NONE","seed_source_timestamp":0,"circlet_count":0,"master_deck":["Defend_G","Defend_G","Defend_G","Defend_G","Defend_G","Strike_G","Strike_G","Strike_G","Strike_G","Strike_G","Survivor","Neutralize+1","Well Laid Plans","Cloak And Dagger+1","Footwork+1","Dodge and Roll","Footwork+1","Backflip","Dagger Spray","Deflect","Blade Dance+1","Corpse Explosion","PiercingWail","J.A.X.+1","Necronomicurse","Backstab+1","Crippling Poison+1","Predator+1","Footwork+1","Finesse","Accuracy","Envenom+1","PiercingWail","Burst+1","Backstab","Backflip","Setup+1","Terror+1","Blade Dance+1","Dodge and Roll","Cloak And Dagger+1","Madness","Madness"],"special_seed":0,"relics":["Ring of the Snake","Question Card","Dream Catcher","PreservedInsect","Potion Belt","Ectoplasm","Necronomicon","Matryoshka","Boot","Mercury Hourglass","Lantern","Eternal Feather","Molten Egg 2","The Courier","Bottled Lightning","Dead Branch"],"potions_floor_usage":[],"damage_taken":[{"damage":1.0,"enemies":"2 Louse","floor":1.0,"turns":4.0},{"damage":0.0,"enemies":"Small Slimes","floor":4.0,"turns":5.0},{"damage":13.0,"enemies":"3 Sentries","floor":6.0,"turns":15.0},{"damage":40.0,"enemies":"Gremlin Nob","floor":8.0,"turns":7.0},{"damage":0.0,"enemies":"Jaw Worm","floor":12.0,"turns":5.0},{"damage":4.0,"enemies":"The Guardian","floor":16.0,"turns":23.0},{"damage":0.0,"enemies":"3 Byrds","floor":18.0,"turns":4.0},{"damage":4.0,"enemies":"Shell Parasite","floor":22.0,"turns":7.0},{"damage":14.0,"enemies":"Gremlin Leader","floor":24.0,"turns":8.0},{"damage":12.0,"enemies":"Cultist and Chosen","floor":27.0,"turns":8.0},{"damage":15.0,"enemies":"Book of Stabbing","floor":29.0,"turns":4.0},{"damage":0.0,"enemies":"3 Cultists","floor":31.0,"turns":2.0},{"damage":8.0,"enemies":"Automaton","floor":33.0,"turns":9.0},{"damage":0.0,"enemies":"3 Darklings","floor":35.0,"turns":3.0},{"damage":4.0,"enemies":"3 Shapes","floor":36.0,"turns":4.0},{"damage":0.0,"enemies":"Writhing Mass","floor":38.0,"turns":7.0},{"damage":2.0,"enemies":"4 Shapes","floor":39.0,"turns":6.0},{"damage":15.0,"enemies":"Spire Growth","floor":41.0,"turns":3.0},{"damage":3.0,"enemies":"Reptomancer","floor":42.0,"turns":7.0},{"damage":15.0,"enemies":"Nemesis","floor":47.0,"turns":5.0},{"damage":69,"enemies":"Donu and Deca","floor":50,"turns":5}],"seed_played":"880251208518090177","potions_obtained":[{"floor":4.0,"key":"Weak Potion"},{"floor":12.0,"key":"Strength Potion"},{"floor":22.0,"key":"LiquidBronze"},{"floor":24.0,"key":"Energy Potion"},{"floor":31.0,"key":"FearPotion"},{"floor":41.0,"key":"AttackPotion"},{"floor":42.0,"key":"Fire Potion"},{"floor":47.0,"key":"SmokeBomb"}],"is_trial":false,"path_per_floor":["M","$","?","M","?","E","R","E","T","?","$","M","R","T","R","B",null,"M","?","?","?","M","R","E","?","T","M","R","E","$","M","R","B",null,"M","M","$","M","M","R","M","E","T","?","$","R","E","?","R","B",null],"character_chosen":"THE_SILENT","items_purchased":["Footwork","Dodge and Roll","Deflect","Finesse","Accuracy","Strength Potion"],"campfire_rested":1,"item_purchase_floors":[2,2,11,30,30,37],"current_hp_per_floor":[62,62,62,62,62,49,49,9,9,32,32,32,32,32,32,28,60,60,47,47,31,27,27,13,38,38,26,26,11,11,11,33,25,63,63,59,59,59,57,75,60,57,57,75,75,75,60,51,75,6],"gold":6,"neow_bonus":"THREE_CARDS","is_prod":false,"is_daily":false,"chose_seed":false,"campfire_upgraded":8,"win_rate":0,"timestamp":1549213585,"path_taken":["M","$","?","M","?","E","R","E","T","?","$","M","R","?","R","BOSS","M","?","?","?","?","R","E","?","T","M","R","E","$","M","R","BOSS","M","M","$","M","M","R","M","E","T","?","?","R","E","?","R","BOSS"],"build_version":"2019-01-23","purchased_purges":0,"victory":true,"max_hp_per_floor":[70,70,70,70,70,70,70,70,70,70,70,70,70,70,70,70,70,70,75,75,75,75,75,75,75,75,75,75,75,75,75,75,75,75,75,75,75,75,75,75,75,75,75,75,75,75,75,75,75,75],"card_choices":[{"not_picked":["Bane","Flying Knee"],"picked":"Well Laid Plans","floor":0.0},{"not_picked":["Sucker Punch","Outmaneuver"],"picked":"Cloak And Dagger","floor":1.0},{"not_picked":["Underhanded Strike","PiercingWail"],"picked":"Footwork","floor":4.0},{"not_picked":["Acrobatics","Heel Hook"],"picked":"Backflip","floor":6.0},{"not_picked":["Die Die Die","Leg Sweep","Deadly Poison"],"picked":"Dagger Spray","floor":8.0},{"not_picked":["Bane","Cloak And Dagger","Quick Slash"],"picked":"Blade Dance","floor":12.0},{"not_picked":["Unload","Tools of the Trade","Wraith Form v2"],"picked":"Corpse Explosion","floor":16.0},{"not_picked":["Acrobatics","Blade Dance","Finisher"],"picked":"PiercingWail","floor":18.0},{"not_picked":["PiercingWail+1","Footwork","Choke"],"picked":"Backstab+1","floor":22.0},{"not_picked":["Terror+1","Endless Agony+1","Backflip+1"],"picked":"Crippling Poison+1","floor":24.0},{"not_picked":["Caltrops","Noxious Fumes","Poisoned Stab"],"picked":"Predator","floor":27.0},{"not_picked":["Outmaneuver","Tactician","Calculated Gamble+1"],"picked":"Footwork+1","floor":29.0},{"not_picked":["Dagger Throw","Riddle With Holes","Prepared"],"picked":"Envenom","floor":31.0},{"not_picked":["Cloak And Dagger","Prepared","Masterful Stab+1"],"picked":"PiercingWail","floor":32.0},{"not_picked":["Corpse Explosion","A Thousand Cuts","Unload"],"picked":"Burst","floor":33.0},{"not_picked":["Endless Agony+1","Quick Slash","Outmaneuver"],"picked":"Backstab","floor":35.0},{"not_picked":["Acrobatics+1","Poisoned Stab+1","Dagger Throw+1"],"picked":"Backflip","floor":36.0},{"not_picked":["Dash+1","Footwork+1","Bane"],"picked":"Setup+1","floor":38.0},{"not_picked":["Quick Slash","Escape Plan+1","Bane"],"picked":"Terror+1","floor":39.0},{"not_picked":["Bane+1","Terror","Footwork+1"],"picked":"Blade Dance+1","floor":41.0},{"not_picked":["Bane","Accuracy","Deadly Poison+1"],"picked":"Dodge and Roll","floor":42.0},{"not_picked":["Quick Slash+1","Dash+1","Blade Dance"],"picked":"Cloak And Dagger+1","floor":47.0}],"player_experience":276135,"relics_obtained":[{"floor":6.0,"key":"Question Card"},{"floor":8.0,"key":"Dream Catcher"},{"floor":9.0,"key":"PreservedInsect"},{"floor":14.0,"key":"Potion Belt"},{"floor":21.0,"key":"Necronomicon"},{"floor":24.0,"key":"Matryoshka"},{"floor":26.0,"key":"Boot"},{"floor":26.0,"key":"Mercury Hourglass"},{"floor":29.0,"key":"Lantern"},{"floor":42.0,"key":"Molten Egg 2"},{"floor":43.0,"key":"The Courier"},{"floor":43.0,"key":"Bottled Lightning"},{"floor":47.0,"key":"Dead Branch"}],"event_choices":[{"damage_healed":0.0,"max_hp_gain":0.0,"max_hp_loss":0.0,"gold_gain":0.0,"event_name":"Living Wall","player_choice":"Grow","floor":3.0,"gold_loss":0.0,"damage_taken":0.0,"cards_upgraded":["Neutralize"]},{"damage_healed":0.0,"max_hp_gain":0.0,"max_hp_loss":0.0,"gold_gain":0.0,"event_name":"Liars Game","player_choice":"Ignored","floor":5.0,"gold_loss":0.0,"damage_taken":0.0},{"damage_healed":23.0,"max_hp_gain":0.0,"max_hp_loss":0.0,"gold_gain":0.0,"event_name":"Big Fish","player_choice":"Banana","floor":10.0,"gold_loss":0.0,"damage_taken":0.0},{"damage_healed":0.0,"max_hp_gain":5.0,"max_hp_loss":0.0,"gold_gain":0.0,"event_name":"Forgotten Altar","player_choice":"Shed Blood","floor":19.0,"gold_loss":0.0,"damage_taken":18.0},{"damage_healed":0.0,"max_hp_gain":0.0,"max_hp_loss":0.0,"gold_gain":0.0,"event_name":"Drug Dealer","player_choice":"Obtain J.A.X.","floor":20.0,"gold_loss":0.0,"damage_taken":0.0,"cards_obtained":["J.A.X."]},{"damage_healed":0.0,"max_hp_gain":0.0,"max_hp_loss":0.0,"gold_gain":0.0,"event_name":"Cursed Tome","player_choice":"Obtained Book","floor":21.0,"gold_loss":0.0,"damage_taken":16.0},{"damage_healed":25.0,"max_hp_gain":0.0,"max_hp_loss":0.0,"gold_gain":0.0,"event_name":"The Library","player_choice":"Heal","floor":25.0,"gold_loss":0.0,"damage_taken":0.0},{"damage_healed":18.0,"max_hp_gain":0.0,"max_hp_loss":0.0,"gold_gain":0.0,"event_name":"Wheel of Change","player_choice":"Full Heal","floor":44.0,"gold_loss":0.0,"damage_taken":0.0},{"damage_healed":0.0,"max_hp_gain":0.0,"max_hp_loss":0.0,"gold_gain":0.0,"event_name":"Winding Halls","player_choice":"Embrace Madness","floor":48.0,"gold_loss":0.0,"damage_taken":9.0,"cards_obtained":["Madness","Madness"]}],"is_beta":false,"boss_relics":[{"not_picked":["Coffee Dripper","HoveringKite"],"picked":"Ectoplasm"},{"not_picked":["Orrery","Fusion Hammer"],"picked":"Eternal Feather"}],"items_purged_floors":[],"is_endless":false,"potions_floor_spawned":[4,12,22,24,31,41,42,47],"ascension_level":9}