{"gold_per_floor":[110,10,0,0,20,20,38,72,72,101,112,140,168,186,186,186],"floor_reached":16,"playtime":1081,"items_purged":["Strike_R"],"score":235,"play_id":"ae3da4db-bff7-4386-8e02-cb58cf6f58d7","local_time":"20190204194055","is_ascension_mode":true,"campfire_choices":[{"data":"True Grit","floor":6.0,"key":"SMITH"},{"data":"Body Slam","floor":15.0,"key":"SMITH"}],"neow_cost":"NONE","seed_source_timestamp":292661581155947,"circlet_count":0,"master_deck":["AscendersBane","Strike_R","Strike_R","Strike_R","Strike_R","Defend_R","Defend_R","Defend_R","Defend_R","Bash","Flame Barrier","Body Slam+1","True Grit+1","Inflame","Clothesline","Dual Wield","Sword Boomerang","Spot Weakness"],"special_seed":0,"relics":["Burning Blood","Mango","Self Forming Clay","Mummified Hand","Strawberry","Odd Mushroom"],"potions_floor_usage":[16],"damage_taken":[{"damage":6.0,"enemies":"Jaw Worm","floor":1.0,"turns":5.0},{"damage":0.0,"enemies":"2 Louse","floor":5.0,"turns":4.0},{"damage":5.0,"enemies":"Cultist","floor":7.0,"turns":5.0},{"damage":55.0,"enemies":"Gremlin Nob","floor":8.0,"turns":6.0},{"damage":34.0,"enemies":"Lagavulin","floor":10.0,"turns":10.0},{"damage":2.0,"enemies":"2 Fungi Beasts","floor":11.0,"turns":4.0},{"damage":16.0,"enemies":"3 Sentries","floor":12.0,"turns":11.0},{"damage":10.0,"enemies":"The Mushroom Lair","floor":13.0,"turns":4.0},{"damage":0.0,"enemies":"Blue Slaver","floor":14.0,"turns":5.0},{"damage":23,"enemies":"Hexaghost","floor":16,"turns":13}],"seed_played":"-8962943213392108785","potions_obtained":[{"floor":1.0,"key":"BloodPotion"},{"floor":8.0,"key":"Fire Potion"},{"floor":11.0,"key":"PowerPotion"},{"floor":14.0,"key":"Energy Potion"}],"is_trial":false,"path_per_floor":["M","$","?","?","M","R","M","E","T","E","M","E","?","M","R","B"],"character_chosen":"IRONCLAD","items_purchased":["True Grit"],"campfire_rested":0,"item_purchase_floors":[2],"current_hp_per_floor":[68,68,68,68,74,74,75,40,40,12,24,21,17,23,23,0],"gold":186,"neow_bonus":"THREE_CARDS","is_prod":false,"is_daily":false,"chose_seed":false,"campfire_upgraded":2,"win_rate":0,"timestamp":1549305655,"path_taken":["M","$","?","?","M","R","M","E","T","E","M","E","?","M","R","BOSS"],"build_version":"2019-01-23","purchased_purges":1,"victory":false,"max_hp_per_floor":[75,75,75,75,75,75,75,89,89,89,89,96,96,96,96,96],"card_choices":[{"not_picked":["Headbutt","Sword Boomerang"],"picked":"Flame Barrier","floor":0.0},{"not_picked":["Fire Breathing","Armaments"],"picked":"Body Slam","floor":1.0},{"not_picked":["True Grit","Body Slam","Dropkick"],"picked":"SKIP","floor":5.0},{"not_picked":["Dropkick","Flex","Sword Boomerang"],"picked":"SKIP","floor":7.0},{"not_picked":["True Grit","Flex"],"picked":"Inflame","floor":8.0},{"not_picked":["Juggernaut","Anger","Wild Strike"],"picked":"SKIP","floor":10.0},{"not_picked":["Pommel Strike","Power Through"],"picked":"Clothesline","floor":11.0},{"not_picked":["Fiend Fire","Havoc"],"picked":"Dual Wield","floor":12.0},{"not_picked":["Sever Soul","Clash"],"picked":"Sword Boomerang","floor":13.0},{"not_picked":["Armaments","Anger"],"picked":"Spot Weakness","floor":14.0}],"player_experience":296637,"relics_obtained":[{"floor":8.0,"key":"Mango"},{"floor":9.0,"key":"Self Forming Clay"},{"floor":10.0,"key":"Mummified Hand"},{"floor":12.0,"key":"Strawberry"},{"floor":13.0,"key":"Odd Mushroom"}],"event_choices":[{"damage_healed":0.0,"max_hp_gain":0.0,"max_hp_loss":0.0,"gold_gain":0.0,"event_name":"World of Goop","player_choice":"Left Gold","floor":3.0,"gold_loss":10.0,"damage_taken":0.0},{"damage_healed":0.0,"max_hp_gain":0.0,"max_hp_loss":0.0,"gold_gain":0.0,"event_name":"The Cleric","player_choice":"Leave","floor":4.0,"gold_loss":0.0,"damage_taken":0.0},{"damage_healed":0.0,"max_hp_gain":0.0,"max_hp_loss":0.0,"gold_gain":0.0,"event_name":"Mushrooms","player_choice":"Fought Mushrooms","floor":13.0,"gold_loss":0.0,"damage_taken":0.0}],"is_beta":false,"boss_relics":[],"items_purged_floors":[2],"is_endless":false,"potions_floor_spawned":[1,8,10,11,14],"killed_by":"Hexaghost","ascension_level":15}