{"gold_per_floor":[114,124,124,3,3,3,35,0,24,24,53,53,73,87,87,187,187,198,211,211,225,245,245,275,291,344,408,422,451,451,467,467,563,563,575,594,607,196,207,242,242,589,589,589,589,140,156,186,186,186],"floor_reached":51,"playtime":5586,"items_purged":["Normality","Strike_R"],"score":1213,"play_id":"5cc5c11a-10dc-4000-983f-1d4e5e925159","local_time":"20190202111602","is_ascension_mode":true,"campfire_choices":[{"data":"Fiend Fire","floor":6.0,"key":"SMITH"},{"data":"Pommel Strike","floor":10.0,"key":"SMITH"},{"data":"Clothesline","floor":12.0,"key":"SMITH"},{"data":"Shockwave","floor":15.0,"key":"SMITH"},{"data":"True Grit","floor":23.0,"key":"SMITH"},{"data":"True Grit","floor":30.0,"key":"SMITH"},{"data":"Evolve","floor":32.0,"key":"SMITH"},{"data":"Dark Embrace","floor":41.0,"key":"SMITH"},{"data":"Pummel","floor":44.0,"key":"SMITH"},{"data":"Power Through","floor":49.0,"key":"SMITH"}],"neow_cost":"CURSE","seed_source_timestamp":84558619420239,"circlet_count":0,"master_deck":["AscendersBane","Strike_R","Strike_R","Defend_R","Defend_R","Defend_R","Defend_R","Bash","Disarm","Fiend Fire+1","Power Through+1","Clothesline+1","Shrug It Off","Pommel Strike+1","Inflame","Shockwave+1","Reaper","Inflame","Shrug It Off","True Grit+1","Rampage+1","Spot Weakness","Dark Embrace+1","True Grit+1","Pummel+1","Evolve+1","Impervious","Sentinel","Headbutt+1","Secret Technique","Power Through+1","Shrug It Off+1","Disarm+1","Flash of Steel","Disarm+1"],"special_seed":0,"relics":["Burning Blood","Dream Catcher","Magic Flower","Anchor","Thread and Needle","Sozu","Turnip","Omamori","Tiny Chest","Dead Branch","Mark of Pain","Meat on the Bone","Whetstone","Old Coin","Charon\u0027s Ashes","Toxic Egg 2","Bag of Preparation","Lantern"],"potions_floor_usage":[50],"damage_taken":[{"damage":0.0,"enemies":"Small Slimes","floor":1.0,"turns":5.0},{"damage":0.0,"enemies":"2 Louse","floor":2.0,"turns":7.0},{"damage":24.0,"enemies":"Gremlin Nob","floor":7.0,"turns":5.0},{"damage":15.0,"enemies":"3 Sentries","floor":11.0,"turns":9.0},{"damage":0.0,"enemies":"Cultist","floor":13.0,"turns":2.0},{"damage":0.0,"enemies":"2 Fungi Beasts","floor":14.0,"turns":3.0},{"damage":5.0,"enemies":"The Guardian","floor":16.0,"turns":11.0},{"damage":0.0,"enemies":"Spheric Guardian","floor":18.0,"turns":3.0},{"damage":0.0,"enemies":"Shell Parasite","floor":19.0,"turns":4.0},{"damage":0.0,"enemies":"Centurion and Healer","floor":21.0,"turns":5.0},{"damage":5.0,"enemies":"Snake Plant","floor":22.0,"turns":6.0},{"damage":51.0,"enemies":"Gremlin Leader","floor":24.0,"turns":9.0},{"damage":29.0,"enemies":"3 Cultists","floor":25.0,"turns":6.0},{"damage":40.0,"enemies":"Slavers","floor":27.0,"turns":7.0},{"damage":6.0,"enemies":"Centurion and Healer","floor":28.0,"turns":7.0},{"damage":11.0,"enemies":"Gremlin Leader","floor":29.0,"turns":9.0},{"damage":7.0,"enemies":"Cultist and Chosen","floor":31.0,"turns":7.0},{"damage":81.0,"enemies":"Collector","floor":33.0,"turns":12.0},{"damage":3.0,"enemies":"3 Shapes","floor":35.0,"turns":3.0},{"damage":0.0,"enemies":"Orb Walker","floor":36.0,"turns":2.0},{"damage":12.0,"enemies":"Spire Growth","floor":37.0,"turns":5.0},{"damage":19.0,"enemies":"3 Darklings","floor":39.0,"turns":5.0},{"damage":6.0,"enemies":"Giant Head","floor":40.0,"turns":6.0},{"damage":1.0,"enemies":"2 Orb Walkers","floor":42.0,"turns":5.0},{"damage":0.0,"enemies":"4 Shapes","floor":47.0,"turns":2.0},{"damage":15.0,"enemies":"Reptomancer","floor":48.0,"turns":5.0},{"damage":32,"enemies":"Time Eater","floor":50,"turns":10}],"seed_played":"4486377755739054227","potions_obtained":[{"floor":1.0,"key":"BloodPotion"},{"floor":2.0,"key":"Dexterity Potion"}],"is_trial":false,"path_per_floor":["M","M","?","$","?","R","E","$","T","R","E","R","M","M","R","B",null,"M","M","?","M","M","R","E","M","T","E","M","E","R","M","R","B",null,"M","M","M","$","M","E","R","?","T","R","T","$","M","E","R","B",null],"character_chosen":"IRONCLAD","items_purchased":["Shrug It Off","Inflame","Meat on the Bone","Secret Technique","Shrug It Off+1","Disarm+1","Flash of Steel","Bag of Preparation"],"campfire_rested":0,"item_purchase_floors":[4,8,38,38,46,46,46,46],"current_hp_per_floor":[78,80,80,80,80,80,62,62,62,62,56,56,65,74,74,78,80,80,80,80,80,80,80,53,61,61,76,80,78,78,80,80,20,65,80,80,77,77,74,77,77,80,80,80,80,80,80,80,80,78],"gold":186,"neow_bonus":"TRANSFORM_TWO_CARDS","is_prod":false,"is_daily":false,"chose_seed":false,"campfire_upgraded":10,"win_rate":0,"timestamp":1549102562,"path_taken":["M","M","?","$","?","R","E","$","T","R","E","R","?","M","R","BOSS","M","M","?","M","M","R","E","M","T","E","M","E","R","M","R","BOSS","M","M","M","$","M","E","R","?","T","R","?","$","M","E","R","BOSS"],"build_version":"2019-01-23","purchased_purges":2,"victory":true,"max_hp_per_floor":[80,80,80,80,80,80,80,80,80,80,80,80,80,80,80,80,80,80,80,80,80,80,80,80,80,80,80,80,80,80,80,80,80,80,80,80,80,80,80,80,80,80,80,80,80,80,80,80,80,80],"card_choices":[{"not_picked":["Pommel Strike","Searing Blow"],"picked":"Power Through","floor":1.0},{"not_picked":["Perfected Strike","Headbutt"],"picked":"Clothesline","floor":2.0},{"not_picked":["Sword Boomerang","Flex"],"picked":"Pommel Strike","floor":7.0},{"not_picked":["Perfected Strike","Havoc","Hemokinesis"],"picked":"SKIP","floor":11.0},{"not_picked":["Iron Wave","Fire Breathing"],"picked":"Shockwave","floor":13.0},{"not_picked":["Sword Boomerang","Flex","Sever Soul"],"picked":"SKIP","floor":14.0},{"not_picked":["Double Tap","Demon Form"],"picked":"Reaper","floor":16.0},{"not_picked":["Shrug It Off","Flex"],"picked":"Inflame","floor":18.0},{"not_picked":["Wild Strike","Clash"],"picked":"Shrug It Off","floor":19.0},{"not_picked":["Heavy Blade","Twin Strike"],"picked":"True Grit","floor":21.0},{"not_picked":["Sever Soul","Impervious"],"picked":"Rampage","floor":22.0},{"not_picked":["Armaments","True Grit"],"picked":"Spot Weakness","floor":24.0},{"not_picked":["Thunderclap","Flex","Perfected Strike+1"],"picked":"SKIP","floor":25.0},{"not_picked":["Flame Barrier","Clash"],"picked":"Dark Embrace","floor":27.0},{"not_picked":["Clash","Perfected Strike"],"picked":"True Grit","floor":28.0},{"not_picked":["Fire Breathing+1","Heavy Blade"],"picked":"Pummel","floor":29.0},{"not_picked":["Bloodletting","Perfected Strike"],"picked":"Evolve","floor":31.0},{"not_picked":["Juggernaut","Double Tap"],"picked":"Impervious","floor":33.0},{"not_picked":["Thunderclap","Sword Boomerang+1"],"picked":"Sentinel","floor":35.0},{"not_picked":["Clothesline","Rupture","Burning Pact"],"picked":"SKIP","floor":36.0},{"not_picked":["Flex","Twin Strike"],"picked":"Headbutt","floor":37.0},{"not_picked":["Cleave","Havoc","Thunderclap"],"picked":"SKIP","floor":39.0},{"not_picked":["Rupture","Intimidate+1"],"picked":"Power Through+1","floor":40.0},{"not_picked":["True Grit+1","Twin Strike"],"picked":"Disarm+1","floor":47.0},{"not_picked":["Body Slam","Searing Blow","Fire Breathing"],"picked":"SKIP","floor":48.0}],"player_experience":256932,"relics_obtained":[{"floor":5.0,"key":"Dream Catcher"},{"floor":7.0,"key":"Magic Flower"},{"floor":9.0,"key":"Anchor"},{"floor":11.0,"key":"Thread and Needle"},{"floor":24.0,"key":"Turnip"},{"floor":26.0,"key":"Omamori"},{"floor":27.0,"key":"Tiny Chest"},{"floor":29.0,"key":"Dead Branch"},{"floor":40.0,"key":"Whetstone"},{"floor":42.0,"key":"Old Coin"},{"floor":43.0,"key":"Charon\u0027s Ashes"},{"floor":45.0,"key":"Toxic Egg 2"},{"floor":48.0,"key":"Lantern"}],"event_choices":[{"damage_healed":0.0,"max_hp_gain":0.0,"max_hp_loss":0.0,"gold_gain":0.0,"event_name":"Liars Game","player_choice":"Ignored","floor":3.0,"gold_loss":0.0,"damage_taken":0.0},{"damage_healed":0.0,"max_hp_gain":0.0,"max_hp_loss":0.0,"gold_gain":0.0,"event_name":"Wheel of Change","player_choice":"Relic","floor":5.0,"gold_loss":0.0,"damage_taken":0.0},{"damage_healed":0.0,"max_hp_gain":0.0,"max_hp_loss":0.0,"gold_gain":0.0,"event_name":"Beggar","player_choice":"Ignored","floor":20.0,"gold_loss":0.0,"damage_taken":0.0},{"damage_healed":0.0,"max_hp_gain":0.0,"max_hp_loss":0.0,"gold_gain":0.0,"event_name":"Mysterious Sphere","player_choice":"Fight","floor":42.0,"gold_loss":0.0,"damage_taken":0.0}],"is_beta":false,"boss_relics":[{"not_picked":["Runic Cube","Fusion Hammer"],"picked":"Sozu"},{"not_picked":["Orrery","Astrolabe"],"picked":"Mark of Pain"}],"items_purged_floors":[4,46],"is_endless":false,"potions_floor_spawned":[1,2,13,16,25,28,29,33,35,36,39,42],"ascension_level":12}