{"path_per_floor":["M","?","M","?","T","R","E","M","T","?","M","R","?","E","R","B",null,"M","?","M","M","$","E","R","E","T","?","M","R","E","?","R","B",null,"M","$","?","$","?","R","E","?","T","E","M","?","$","E","R","B"],"character_chosen":"IRONCLAD","items_purchased":["Ornamental Fan","Iron Wave","Inflame","Bottled Tornado","Shrug It Off"],"gold_per_floor":[114,114,130,130,179,179,208,218,218,218,236,236,236,266,266,366,366,379,379,396,414,78,111,111,137,162,87,105,105,134,134,134,230,260,271,171,171,70,70,70,97,0,0,327,340,340,60,85,85,85],"floor_reached":51,"campfire_rested":2,"playtime":3118,"current_hp_per_floor":[80,80,80,73,73,73,79,78,78,62,52,52,52,40,40,42,80,80,80,79,67,67,58,58,35,35,35,42,42,29,29,53,48,89,89,89,89,89,89,89,63,63,63,67,76,76,76,67,95,76],"items_purged":["Regret","Defend_R"],"gold":85,"score":936,"play_id":"7c24eb31-de30-4ce5-9cdd-0d877c421172","local_time":"20180331172230","is_prod":false,"is_daily":false,"is_ascension_mode":true,"campfire_upgraded":6,"timestamp":1522542150,"path_taken":["M","?","M","?","?","R","E","M","T","?","M","R","?","E","R","BOSS","M","?","M","?","$","E","R","E","T","?","?","R","E","?","R","BOSS","M","$","?","?","?","R","E","?","T","E","?","?","$","E","R","BOSS"],"build_version":"2018-03-29v2","purchased_purges":5,"victory":true,"master_deck":["Defend_R+1","Defend_R+1","Bash+1","Iron Wave+1","Pommel Strike+1","Fire Breathing+1","Metallicize+1","Clash+1","Spot Weakness+1","Heavy Blade+1","Shrug It Off+1","Uppercut+1","Dropkick+1","Clash","Juggernaut+1","Disarm+1","Iron Wave+1","Iron Wave","Fiend Fire","Shrug It Off","Dropkick+1"],"max_hp_per_floor":[80,80,80,80,80,80,80,80,80,80,80,80,80,80,80,80,80,80,80,80,80,80,80,80,80,80,80,82,82,82,82,82,82,89,89,89,89,89,89,89,91,91,91,91,93,93,93,93,95,95],"relics":["Burning Blood","NeowsBlessing","Bag of Marbles","Orichalcum","Dream Catcher","Bronze Scales","Mummified Hand","Velvet Choker","Ornamental Fan","War Paint","Singing Bowl","Omamori","Whetstone","Tiny House","Meat on the Bone","Red Mask","Magic Flower","Old Coin","Bottled Tornado","Centennial Puzzle"],"card_choices":[{"not_picked":["Twin Strike","Fire Breathing"],"picked":"Iron Wave","floor":1},{"not_picked":["Body Slam","Havoc"],"picked":"Pommel Strike","floor":3},{"not_picked":["Warcry","Spot Weakness"],"picked":"Fire Breathing","floor":7},{"not_picked":["Armaments","Infernal Blade"],"picked":"Metallicize","floor":11},{"not_picked":["Flame Barrier","Pommel Strike"],"picked":"Clash","floor":14},{"not_picked":["Flex","Perfected Strike"],"picked":"Spot Weakness","floor":18},{"not_picked":["Intimidate","Body Slam"],"picked":"Heavy Blade","floor":21},{"not_picked":["Flex","Heavy Blade"],"picked":"Shrug It Off","floor":23},{"not_picked":["Spot Weakness","Warcry"],"picked":"Uppercut","floor":25},{"not_picked":["Corruption","Cleave"],"picked":"Dropkick","floor":30},{"not_picked":["Flex","Perfected Strike"],"picked":"Clash","floor":32},{"not_picked":["Impervious","Exhume"],"picked":"Juggernaut","floor":33},{"not_picked":["Evolve","Whirlwind"],"picked":"Disarm","floor":35},{"not_picked":["Heavy Blade","Shockwave"],"picked":"Iron Wave","floor":44},{"not_picked":["Dark Embrace","Sentinel"],"picked":"Dropkick","floor":48}],"player_experience":204836,"potions_floor_usage":[16,16,30,33,33,41,48,50,50,50],"damage_taken":[{"damage":0,"enemies":"Jaw Worm","floor":1,"turns":1},{"damage":0,"enemies":"Cultist","floor":3,"turns":1},{"damage":0,"enemies":"Gremlin Nob","floor":7,"turns":1},{"damage":7,"enemies":"Small Slimes","floor":8,"turns":3},{"damage":16,"enemies":"3 Louse","floor":11,"turns":3},{"damage":18,"enemies":"3 Sentries","floor":14,"turns":8},{"damage":4,"enemies":"Hexaghost","floor":16,"turns":8},{"damage":2,"enemies":"3 Byrds","floor":18,"turns":4},{"damage":7,"enemies":"Spheric Guardian","floor":20,"turns":5},{"damage":18,"enemies":"Snake Plant","floor":21,"turns":3},{"damage":15,"enemies":"Book of Stabbing","floor":23,"turns":4},{"damage":29,"enemies":"Gremlin Leader","floor":25,"turns":4},{"damage":1,"enemies":"Centurion and Healer","floor":28,"turns":6},{"damage":19,"enemies":"Slavers","floor":30,"turns":4},{"damage":11,"enemies":"Automaton","floor":33,"turns":9},{"damage":2,"enemies":"3 Darklings","floor":35,"turns":3},{"damage":34,"enemies":"Nemesis","floor":41,"turns":5},{"damage":5,"enemies":"Giant Head","floor":44,"turns":7},{"damage":2,"enemies":"3 Shapes","floor":45,"turns":4},{"damage":36,"enemies":"Nemesis","floor":48,"turns":7},{"damage":28,"enemies":"Time Eater","floor":50,"turns":9}],"event_choices":[{"event_name":"Purifier","player_choice":"One Purge","floor":2,"damage_taken":0},{"event_name":"Golden Wing","player_choice":"Card Removal","floor":4,"damage_taken":0},{"event_name":"Shining Light","player_choice":"Entered Light","floor":10,"damage_taken":0},{"event_name":"Big Fish","player_choice":"Box","floor":13,"damage_taken":0},{"event_name":"Upgrade Shrine","player_choice":"Upgraded","floor":19,"damage_taken":0},{"event_name":"Beggar","player_choice":"Gave Gold","floor":27,"damage_taken":0},{"event_name":"Bonfire Elementals","player_choice":"BASIC","floor":31,"damage_taken":0},{"event_name":"Purifier","player_choice":"One Purge","floor":37,"damage_taken":0},{"event_name":"Tomb of Lord Red Mask","player_choice":"Paid","floor":42,"damage_taken":0},{"event_name":"Transmorgrifier","player_choice":"Transform","floor":46,"damage_taken":0}],"boss_relics":[{"not_picked":["Lizard Tail","Orrery"],"picked":"Velvet Choker"},{"not_picked":["Astrolabe","Runic Dome"],"picked":"Tiny House"}],"potions_floor_spawned":[3,8,11,14,16,28,30,33,44,48],"seed_played":"-7674042723983709480","ascension_level":1,"is_trial":false}