{"gold_per_floor":[113,132,132,153,253,253,272,297,297,297,297,142,142,156,156,279,279,302,315,71,89,89],"floor_reached":22,"playtime":1480,"items_purged":["Parasite","Strike_B"],"score":196,"play_id":"6a017595-e82a-42c5-89ef-ec1dda988c3b","local_time":"20190417222919","is_ascension_mode":true,"campfire_choices":[{"floor":6,"key":"RECALL"},{"data":"Loop","floor":13,"key":"SMITH"},{"data":"Zap","floor":15,"key":"SMITH"}],"neow_cost":"PERCENT_DAMAGE","seed_source_timestamp":617654990541219,"circlet_count":0,"master_deck":["Strike_B","Strike_B","Defend_B","Defend_B","Defend_B","Zap+1","Dualcast","Loop+1","Cold Snap","Self Repair+1","Creative AI+1","Self Repair+1","Double Energy"],"relics":["Cracked Core","Golden Idol","Frozen Egg 2","Lizard Tail"],"potions_floor_usage":[19,21,21,22],"damage_taken":[{"damage":5,"enemies":"Small Slimes","floor":1,"turns":3},{"damage":1,"enemies":"Cultist","floor":2,"turns":3},{"damage":0,"enemies":"2 Louse","floor":4,"turns":3},{"damage":4,"enemies":"Exordium Wildlife","floor":7,"turns":3},{"damage":4,"enemies":"Looter","floor":8,"turns":4},{"damage":2,"enemies":"Large Slime","floor":14,"turns":6},{"damage":31,"enemies":"Slime Boss","floor":16,"turns":16},{"damage":26,"enemies":"Shell Parasite","floor":18,"turns":7},{"damage":49,"enemies":"2 Thieves","floor":19,"turns":5},{"damage":58,"enemies":"Centurion and Healer","floor":21,"turns":8},{"damage":29,"enemies":"3 Cultists","floor":22,"turns":4}],"seed_played":"6732307485604871895","potions_obtained":[{"floor":4,"key":"SkillPotion"},{"floor":14,"key":"Block Potion"},{"floor":19,"key":"PowerPotion"},{"floor":21,"key":"Block Potion"}],"is_trial":false,"path_per_floor":["M","M","?","M","?","R","M","M","T","T","?","$","R","M","R","B",null,"M","M","$","M","M"],"character_chosen":"DEFECT","items_purchased":["Self Repair+1","Self Repair+1","Double Energy"],"campfire_rested":0,"item_purchase_floors":[12,20,20],"current_hp_per_floor":[49,48,30,30,30,30,26,22,22,22,40,40,40,48,48,27,72,56,17,17,21,0],"gold":89,"neow_bonus":"REMOVE_TWO","is_prod":false,"is_daily":false,"chose_seed":false,"campfire_upgraded":2,"win_rate":0,"timestamp":1555554559,"path_taken":["M","M","?","M","?","R","M","?","T","?","?","$","R","M","R","BOSS","M","M","$","M","M"],"build_version":"2019-01-23","purchased_purges":2,"victory":false,"max_hp_per_floor":[75,75,75,75,75,75,75,75,75,75,75,72,72,72,72,72,72,72,72,72,72,72],"card_choices":[{"not_picked":["Steam","Hologram"],"picked":"Loop","floor":1},{"not_picked":["Barrage","Amplify"],"picked":"Cold Snap","floor":2},{"not_picked":["Barrage","Sweeping Beam","Beam Cell"],"picked":"SKIP","floor":4},{"not_picked":["Stack","Force Field","Coolheaded"],"picked":"SKIP","floor":7},{"not_picked":["Gash","Leap","Barrage"],"picked":"SKIP","floor":8},{"not_picked":["Amplify","Streamline","Fusion"],"picked":"SKIP","floor":14},{"not_picked":["Core Surge","Hyperbeam"],"picked":"Creative AI+1","floor":16},{"not_picked":["Compile Driver+1","Barrage+1","Aggregate+1"],"picked":"SKIP","floor":18},{"not_picked":["Lockon","Rebound","Darkness"],"picked":"SKIP","floor":19},{"not_picked":["Leap","Doom and Gloom","Thunder Strike"],"picked":"SKIP","floor":21}],"player_experience":51705,"relics_obtained":[{"floor":10,"key":"Frozen Egg 2"}],"event_choices":[{"damage_healed":0,"gold_gain":0,"player_choice":"Take Damage","damage_taken":18,"relics_obtained":["Golden Idol"],"max_hp_gain":0,"max_hp_loss":0,"event_name":"Golden Idol","floor":3,"gold_loss":0},{"damage_healed":0,"gold_gain":100,"player_choice":"Pray","damage_taken":0,"max_hp_gain":0,"max_hp_loss":0,"event_name":"Golden Shrine","floor":5,"gold_loss":0},{"damage_healed":18,"gold_gain":0,"player_choice":"Healed and dodged fight","damage_taken":0,"max_hp_gain":0,"max_hp_loss":0,"event_name":"Mushrooms","floor":11,"gold_loss":0,"cards_obtained":["Parasite"]}],"is_beta":false,"boss_relics":[{"not_picked":["Orrery","White Beast Statue"],"picked":"Lizard Tail"}],"items_purged_floors":[12,20],"is_endless":false,"potions_floor_spawned":[4,14,19,21],"killed_by":"3 Cultists","ascension_level":2}