{"gold_per_floor":[111,126,41,52,27,27,102,119,201,212,212,228,228,228,228,300,300,312,330,344,344,344,344,204,214,214,231,23,0,0],"floor_reached":30,"playtime":1063,"items_purged":["Strike_G","Strike_G"],"score":426,"play_id":"8ef3edbc-6ee5-4aeb-9205-ce63c837c92d","local_time":"20190202190339","is_ascension_mode":true,"campfire_choices":[{"data":"Noxious Fumes","floor":6,"key":"SMITH"},{"data":"Deadly Poison","floor":11,"key":"SMITH"},{"floor":13,"key":"REST"},{"data":"Noxious Fumes","floor":15,"key":"SMITH"},{"floor":23,"key":"REST"}],"neow_cost":"NONE","seed_source_timestamp":10215187319962,"circlet_count":0,"master_deck":["AscendersBane","Defend_G","Defend_G","Defend_G","Defend_G","Strike_G","Strike_G","Strike_G","Survivor","Neutralize","Leg Sweep","Cloak And Dagger","Noxious Fumes+1","Leg Sweep","Deadly Poison+1","Noxious Fumes+1","Corpse Explosion+1","Bouncing Flask+1","Deadly Poison","Backflip","Adrenaline","Bouncing Flask","Footwork","Footwork","Backstab"],"relics":["Ring of the Snake","Smiling Mask","Matryoshka","Sozu","Snake Skull","Letter Opener"],"potions_floor_usage":[16,19,27],"damage_taken":[{"damage":0,"enemies":"Cultist","floor":1,"turns":5},{"damage":1,"enemies":"Small Slimes","floor":2,"turns":5},{"damage":0,"enemies":"2 Louse","floor":4,"turns":3},{"damage":11,"enemies":"Exordium Thugs","floor":5,"turns":5},{"damage":6,"enemies":"Large Slime","floor":8,"turns":9},{"damage":4,"enemies":"2 Fungi Beasts","floor":10,"turns":5},{"damage":8,"enemies":"3 Louse","floor":12,"turns":5},{"damage":1,"enemies":"The Guardian","floor":16,"turns":9},{"damage":5,"enemies":"Chosen","floor":18,"turns":5},{"damage":24,"enemies":"2 Thieves","floor":19,"turns":4},{"damage":22,"enemies":"Snecko","floor":20,"turns":5},{"damage":13,"enemies":"Cultist and Chosen","floor":25,"turns":5},{"damage":1,"enemies":"Centurion and Healer","floor":27,"turns":3},{"damage":19,"enemies":"Shelled Parasite and Fungi","floor":30,"turns":3}],"seed_played":"-4526639559678420888","potions_obtained":[{"floor":5,"key":"Weak Potion"},{"floor":10,"key":"Block Potion"},{"floor":16,"key":"PowerPotion"}],"is_trial":false,"path_per_floor":["M","M","$","M","M","R","?","M","T","M","R","M","R","?","R","B",null,"M","M","M","?","?","R","$","M","T","M","$","?","M"],"character_chosen":"THE_SILENT","items_purchased":["Noxious Fumes","Adrenaline","Footwork","Backstab"],"campfire_rested":2,"item_purchase_floors":[3,24,28,28],"current_hp_per_floor":[59,58,58,58,47,47,36,30,30,26,26,18,37,37,37,36,59,54,30,8,8,8,27,27,14,14,13,13,13,0],"gold":0,"neow_bonus":"RANDOM_COMMON_RELIC","is_prod":false,"is_daily":false,"chose_seed":false,"campfire_upgraded":3,"win_rate":0,"timestamp":1549163019,"path_taken":["M","M","$","M","?","R","?","M","T","M","R","M","R","?","R","BOSS","M","M","M","?","?","R","$","?","T","M","$","?","M"],"build_version":"2019-01-23","purchased_purges":2,"victory":false,"max_hp_per_floor":[66,66,66,66,66,66,66,66,66,66,66,66,66,66,66,66,66,66,66,66,66,66,66,66,66,66,66,66,66,66],"card_choices":[{"not_picked":["Dagger Spray","Masterful Stab"],"picked":"Leg Sweep","floor":1},{"not_picked":["Catalyst","Quick Slash"],"picked":"Cloak And Dagger","floor":2},{"not_picked":["Sucker Punch","Prepared"],"picked":"Leg Sweep","floor":4},{"not_picked":["Flechettes","Flying Knee","All Out Attack"],"picked":"SKIP","floor":5},{"not_picked":["Heel Hook","Infinite Blades"],"picked":"Deadly Poison","floor":8},{"not_picked":["Quick Slash","Dagger Throw","Outmaneuver"],"picked":"SKIP","floor":10},{"not_picked":["Envenom","Outmaneuver"],"picked":"Noxious Fumes","floor":12},{"not_picked":["Die Die Die","Night Terror"],"picked":"Corpse Explosion","floor":16},{"not_picked":["PiercingWail","Flying Knee"],"picked":"Bouncing Flask+1","floor":18},{"not_picked":["Prepared","Finisher"],"picked":"Deadly Poison","floor":19},{"not_picked":["Heel Hook+1","Escape Plan"],"picked":"Backflip","floor":20},{"not_picked":["Bane","Dagger Spray"],"picked":"Bouncing Flask","floor":25},{"not_picked":["Deadly Poison","Glass Knife"],"picked":"Footwork","floor":27}],"player_experience":1202940,"relics_obtained":[{"floor":9,"key":"Matryoshka"},{"floor":26,"key":"Snake Skull"},{"floor":26,"key":"Letter Opener"}],"event_choices":[{"damage_healed":0,"gold_gain":75,"player_choice":"Gather Gold","damage_taken":11,"max_hp_gain":0,"max_hp_loss":0,"event_name":"World of Goop","floor":7,"gold_loss":0},{"cards_removed":["Defend_G"],"damage_healed":0,"gold_gain":0,"player_choice":"Forget","damage_taken":0,"max_hp_gain":0,"max_hp_loss":0,"event_name":"Living Wall","floor":14,"gold_loss":0},{"damage_healed":0,"gold_gain":0,"player_choice":"Ignored","damage_taken":0,"max_hp_gain":0,"max_hp_loss":0,"event_name":"Ghosts","floor":21,"gold_loss":0},{"damage_healed":0,"gold_gain":0,"player_choice":"Upgraded","damage_taken":0,"max_hp_gain":0,"max_hp_loss":0,"event_name":"Upgrade Shrine","floor":22,"gold_loss":0,"cards_upgraded":["Corpse Explosion"]},{"damage_healed":0,"gold_gain":0,"player_choice":"Paid Fearfully","damage_taken":0,"max_hp_gain":0,"max_hp_loss":0,"event_name":"Masked Bandits","floor":29,"gold_loss":23}],"is_beta":false,"boss_relics":[{"not_picked":["Black Star","Coffee Dripper"],"picked":"Sozu"}],"items_purged_floors":[24,28],"is_endless":false,"potions_floor_spawned":[5,10,16,18,19,20],"killed_by":"Shelled Parasite and Fungi","ascension_level":18}