{"gold_per_floor":[112,124,34,109,109,109,139,154,154,154,154,1,18,43,43,117,117,135,18,36,71,71,71,103,113,113,144,144,22,32,43,43,121,121,132,152,152,152,31,31,63,73,73,73,73,295,295,309,309,309],"floor_reached":51,"playtime":3024,"items_purged":["Strike_R"],"score":1403,"play_id":"5120bdfb-ddbc-4382-9582-dee7c81eeeab","local_time":"20190204144637","is_ascension_mode":true,"campfire_choices":[{"data":"Armaments","floor":6.0,"key":"SMITH"},{"data":"Body Slam","floor":15.0,"key":"SMITH"},{"data":"Corruption","floor":23.0,"key":"SMITH"},{"data":"Body Slam","floor":28,"key":"SMITH"},{"data":"Dark Embrace","floor":32,"key":"SMITH"},{"data":"True Grit","floor":40,"key":"SMITH"},{"data":"Feel No Pain","floor":44,"key":"SMITH"},{"data":"True Grit","floor":47,"key":"SMITH"},{"data":"Entrench","floor":49,"key":"SMITH"}],"neow_cost":"NONE","seed_source_timestamp":273114317721340,"circlet_count":0,"master_deck":["AscendersBane","Strike_R+1","Strike_R","Strike_R","Strike_R","Defend_R","Defend_R","Defend_R+1","Bash","Pummel","True Grit+1","Feel No Pain+1","Armaments+1","Dark Embrace+1","Body Slam+1","Shockwave","Infernal Blade","Offering","Impervious","Corruption+1","Shrug It Off","True Grit+1","Body Slam+1","Entrench+1","Headbutt","True Grit","Flame Barrier","True Grit+1","Exhume","True Grit+1","Shrug It Off+1"],"special_seed":0,"relics":["Burning Blood","NeowsBlessing","Gremlin Horn","Orichalcum","The Courier","Ancient Tea Set","Letter Opener","Cursed Key","Oddly Smooth Stone","Red Mask","Nilry\u0027s Codex","Juzu Bracelet","Calipers","Eternal Feather","Omamori"],"potions_floor_usage":[27],"damage_taken":[{"damage":0.0,"enemies":"Jaw Worm","floor":1.0,"turns":1.0},{"damage":0.0,"enemies":"Small Slimes","floor":2.0,"turns":1.0},{"damage":0.0,"enemies":"Lagavulin","floor":7.0,"turns":1.0},{"damage":9.0,"enemies":"2 Louse","floor":8.0,"turns":2.0},{"damage":2.0,"enemies":"Looter","floor":13.0,"turns":4.0},{"damage":19.0,"enemies":"3 Sentries","floor":14.0,"turns":7.0},{"damage":29.0,"enemies":"Slime Boss","floor":16.0,"turns":15.0},{"damage":8.0,"enemies":"Chosen","floor":18.0,"turns":4.0},{"damage":21.0,"enemies":"3 Byrds","floor":20.0,"turns":3.0},{"damage":6.0,"enemies":"Masked Bandits","floor":21.0,"turns":2.0},{"damage":0.0,"enemies":"Book of Stabbing","floor":24.0,"turns":2.0},{"damage":6.0,"enemies":"Centurion and Healer","floor":25.0,"turns":3.0},{"damage":6,"enemies":"Gremlin Leader","floor":27,"turns":2},{"damage":12,"enemies":"3 Cultists","floor":30,"turns":4},{"damage":14,"enemies":"Snake Plant","floor":31,"turns":4},{"damage":21,"enemies":"Collector","floor":33,"turns":4},{"damage":2,"enemies":"Orb Walker","floor":35,"turns":4},{"damage":6,"enemies":"3 Shapes","floor":36,"turns":6},{"damage":6,"enemies":"Reptomancer","floor":41,"turns":4},{"damage":7,"enemies":"Spire Growth","floor":42,"turns":4},{"damage":6,"enemies":"Transient","floor":48,"turns":4},{"damage":28,"enemies":"Awakened One","floor":50,"turns":8}],"seed_played":"-1210791192037865976","potions_obtained":[{"floor":8.0,"key":"EssenceOfSteel"},{"floor":13.0,"key":"AttackPotion"},{"floor":14.0,"key":"LiquidBronze"},{"floor":16.0,"key":"FearPotion"},{"floor":24.0,"key":"Fruit Juice"}],"is_trial":false,"path_per_floor":["M","M","$","?","?","R","E","M","T","?","T","$","M","E","R","B",null,"M","$","M","?","?","R","E","M","T","E","R","$","M","M","R","B",null,"M","M","?","?","$","R","E","M","T","R","?","?","R","M","R","B",null],"character_chosen":"IRONCLAD","items_purchased":["Feel No Pain","Armaments","Body Slam","Shockwave","Infernal Blade","Oddly Smooth Stone","Block Potion","True Grit","Flame Barrier","Ancient Potion"],"campfire_rested":0,"item_purchase_floors":[3,3,12,12,12,19,29,29,29,39],"current_hp_per_floor":[74,75,75,64,61,61,67,64,64,49,49,49,53,40,40,17,61,59,59,44,44,28,28,39,39,39,39,39,39,33,25,25,10,63,67,67,67,60,60,76,76,75,75,76,76,76,76,76,76,54],"gold":309,"neow_bonus":"THREE_ENEMY_KILL","is_prod":false,"is_daily":false,"chose_seed":false,"campfire_upgraded":9,"win_rate":0,"timestamp":1549287997,"path_taken":["M","M","$","?","?","R","E","M","T","?","?","?","M","E","R","BOSS","M","$","M","?","?","R","E","M","T","E","R","$","M","M","R","BOSS","M","M","?","?","$","R","E","M","T","R","?","?","R","M","R","BOSS"],"build_version":"2019-01-23","purchased_purges":1,"victory":true,"max_hp_per_floor":[75,75,75,75,75,75,75,75,75,75,75,75,75,75,75,75,75,75,75,75,75,75,75,80,80,80,80,80,80,80,80,80,80,80,80,80,76,76,76,76,76,76,76,76,76,76,76,76,76,76],"card_choices":[{"not_picked":["Warcry","Carnage"],"picked":"Pummel","floor":1.0},{"not_picked":["Sword Boomerang","Cleave"],"picked":"True Grit","floor":2.0},{"not_picked":["Armaments","Searing Blow"],"picked":"Dark Embrace","floor":7.0},{"not_picked":["Anger","Iron Wave","Perfected Strike"],"picked":"SKIP","floor":8.0},{"not_picked":["Twin Strike","Flex"],"picked":"Offering","floor":13.0},{"not_picked":["Perfected Strike","Pummel","Warcry"],"picked":"SKIP","floor":14.0},{"not_picked":["Brutality","Bludgeon"],"picked":"Impervious","floor":16.0},{"not_picked":["Rampage","Shockwave"],"picked":"Corruption","floor":18.0},{"not_picked":["Iron Wave","Heavy Blade"],"picked":"Shrug It Off","floor":20.0},{"not_picked":["Sword Boomerang","Warcry"],"picked":"True Grit","floor":21.0},{"not_picked":["Heavy Blade","True Grit+1"],"picked":"Body Slam","floor":24.0},{"not_picked":["Feel No Pain","Double Tap"],"picked":"Entrench","floor":25.0},{"not_picked":["Uppercut","Sword Boomerang"],"picked":"Headbutt","floor":27},{"not_picked":["Pommel Strike","Dual Wield"],"picked":"True Grit+1","floor":30},{"not_picked":["Heavy Blade","Iron Wave","Evolve"],"picked":"SKIP","floor":31},{"not_picked":["Limit Break","Dark Embrace"],"picked":"Exhume","floor":33},{"not_picked":["Fire Breathing","Wild Strike"],"picked":"True Grit+1","floor":35},{"not_picked":["Metallicize+1","Clash+1","Perfected Strike"],"picked":"SKIP","floor":36},{"not_picked":["True Grit","Clash","Uppercut"],"picked":"SKIP","floor":41},{"not_picked":["Intimidate","Clothesline+1"],"picked":"Shrug It Off+1","floor":42},{"not_picked":["Thunderclap","Armaments","Berserk"],"picked":"SKIP","floor":48}],"player_experience":288521,"relics_obtained":[{"floor":7.0,"key":"Orichalcum"},{"floor":9.0,"key":"The Courier"},{"floor":11.0,"key":"Ancient Tea Set"},{"floor":14.0,"key":"Letter Opener"},{"floor":21.0,"key":"Red Mask"},{"floor":22.0,"key":"Nilry\u0027s Codex"},{"floor":24.0,"key":"Juzu Bracelet"},{"floor":27,"key":"Calipers"},{"floor":41,"key":"Omamori"}],"event_choices":[{"damage_healed":0.0,"max_hp_gain":0.0,"max_hp_loss":0.0,"gold_gain":75.0,"event_name":"World of Goop","player_choice":"Gather Gold","floor":4.0,"gold_loss":0.0,"damage_taken":11.0},{"damage_healed":0.0,"max_hp_gain":0.0,"max_hp_loss":0.0,"gold_gain":0.0,"event_name":"Scrap Ooze","player_choice":"Success","floor":5.0,"gold_loss":0.0,"damage_taken":3.0,"relics_obtained":["Gremlin Horn"]},{"damage_healed":0.0,"max_hp_gain":0.0,"max_hp_loss":0.0,"gold_gain":0.0,"event_name":"Shining Light","player_choice":"Entered Light","floor":10.0,"gold_loss":0.0,"damage_taken":15.0,"cards_upgraded":["Strike_R","Defend_R"]},{"damage_healed":0.0,"max_hp_gain":0.0,"max_hp_loss":0.0,"gold_gain":0.0,"event_name":"Masked Bandits","player_choice":"Fought Bandits","floor":21.0,"gold_loss":0.0,"damage_taken":0.0},{"damage_healed":0.0,"max_hp_gain":0.0,"max_hp_loss":0.0,"gold_gain":0.0,"event_name":"Cursed Tome","player_choice":"Obtained Book","floor":22.0,"gold_loss":0.0,"damage_taken":16.0},{"damage_healed":0,"gold_gain":0,"player_choice":"Max HP","damage_taken":0,"max_hp_gain":0,"max_hp_loss":4,"event_name":"Winding Halls","floor":37,"gold_loss":0},{"damage_healed":0,"gold_gain":0,"player_choice":"Damaged","damage_taken":7,"max_hp_gain":0,"max_hp_loss":0,"event_name":"Wheel of Change","floor":38,"gold_loss":0},{"cards_removed":["Defend_R"],"damage_healed":0,"gold_gain":0,"player_choice":"Removed Skill","damage_taken":0,"max_hp_gain":0,"max_hp_loss":0,"event_name":"Falling","floor":45,"gold_loss":0},{"damage_healed":0,"gold_gain":222,"player_choice":"Wore Mask","damage_taken":0,"max_hp_gain":0,"max_hp_loss":0,"event_name":"Tomb of Lord Red Mask","floor":46,"gold_loss":0}],"is_beta":false,"boss_relics":[{"not_picked":["Calling Bell","Runic Cube"],"picked":"Cursed Key"},{"not_picked":["Busted Crown","Pandora\u0027s Box"],"picked":"Eternal Feather"}],"items_purged_floors":[39],"is_endless":false,"potions_floor_spawned":[8,13,14,16,18,20,24,41,48],"ascension_level":14}