{"gold_per_floor":[366,366,7,22,22,22,60,60,86,107,121,154,166,178],"floor_reached":14,"playtime":617,"items_purged":["Injury"],"score":118,"play_id":"85cc5a81-f676-4190-9fcf-754b526d5629","local_time":"20190122222302","is_ascension_mode":true,"campfire_choices":[{"data":"Zap","floor":6.0,"key":"SMITH"},{"data":"Creative AI","floor":13,"key":"SMITH"}],"neow_cost":"CURSE","seed_source_timestamp":172610445313165,"circlet_count":0,"master_deck":["Strike_B","Strike_B+1","Strike_B+1","Defend_B","Defend_B","Defend_B","Defend_B","Zap+1","Dualcast","Writhe","Capacitor","Storm","Go for the Eyes","Creative AI+1","Cold Snap","Consume","Double Energy"],"special_seed":0,"relics":["Cracked Core","Golden Idol","Singing Bowl","Whetstone","Boot","MawBank"],"potions_floor_usage":[10,11],"damage_taken":[{"damage":1.0,"enemies":"Cultist","floor":1.0,"turns":3.0},{"damage":1.0,"enemies":"2 Louse","floor":4.0,"turns":2.0},{"damage":50.0,"enemies":"Gremlin Nob","floor":7.0,"turns":5.0},{"damage":0,"enemies":"Small Slimes","floor":10,"turns":3},{"damage":0,"enemies":"Gremlin Gang","floor":11,"turns":6},{"damage":15,"enemies":"Lagavulin","floor":12,"turns":5},{"damage":10,"enemies":"Lots of Slimes","floor":14,"turns":1}],"seed_played":"7315047539430818009","potions_obtained":[{"floor":1.0,"key":"LiquidBronze"},{"floor":4.0,"key":"SkillPotion"},{"floor":7,"key":"SkillPotion"}],"is_trial":false,"path_per_floor":["M","?","$","M","?","R","E","E","?","T","M","M","E","R","M"],"character_chosen":"DEFECT","items_purchased":["Singing Bowl","Storm"],"campfire_rested":0,"item_purchase_floors":[3,3],"current_hp_per_floor":[74,74,74,73,73,73,23,23,23,25,25,10,10,0],"gold":178,"neow_bonus":"TWO_FIFTY_GOLD","is_prod":false,"is_daily":false,"chose_seed":false,"campfire_upgraded":2,"win_rate":0,"timestamp":1548192182,"path_taken":["M","?","$","M","?","R","E","?","T","M","?","E","R","M"],"build_version":"2018-12-20","purchased_purges":1,"victory":false,"max_hp_per_floor":[75,75,75,75,75,75,75,75,75,77,77,77,77,77],"card_choices":[{"not_picked":["Streamline","Static Discharge"],"picked":"Capacitor","floor":1.0},{"not_picked":["Gash","Force Field"],"picked":"Go for the Eyes","floor":4.0},{"not_picked":["Scrape","Barrage"],"picked":"Creative AI","floor":7},{"not_picked":["Doom and Gloom","Turbo","Sweeping Beam"],"picked":"Singing Bowl","floor":10},{"not_picked":["Darkness","Redo"],"picked":"Consume","floor":11},{"not_picked":["Redo","Steam Power"],"picked":"Double Energy","floor":12}],"player_experience":109342,"relics_obtained":[{"floor":7,"key":"Whetstone"},{"floor":9,"key":"Boot"},{"floor":12,"key":"MawBank"}],"event_choices":[{"damage_healed":0.0,"max_hp_gain":0.0,"max_hp_loss":0.0,"gold_gain":0.0,"event_name":"Golden Idol","player_choice":"Take Wound","floor":2.0,"gold_loss":0.0,"damage_taken":0.0,"relics_obtained":["Golden Idol"],"cards_obtained":["Injury"]},{"damage_healed":0.0,"max_hp_gain":0.0,"max_hp_loss":0.0,"gold_gain":0.0,"event_name":"The Cleric","player_choice":"Leave","floor":5.0,"gold_loss":0.0,"damage_taken":0.0},{"damage_healed":0,"gold_gain":0,"cards_transformed":["Strike_B"],"player_choice":"Transformed","damage_taken":0,"max_hp_gain":0,"max_hp_loss":0,"event_name":"Transmorgrifier","floor":8,"gold_loss":0,"cards_obtained":["Cold Snap"]}],"is_beta":false,"boss_relics":[],"items_purged_floors":[3],"is_endless":false,"potions_floor_spawned":[1,4,7],"killed_by":"Lots of Slimes","ascension_level":4}