{"gold_per_floor":[118,49,49,69,80,110,110,136,136,136,151,169,201,201,201,298,298,316,241,254,265,364,364,397,397,397,397,424,443,443,453,453,556,556,566,585,636,736,351,351,365,365,365,379,394,411,411,411,411,411],"floor_reached":51,"playtime":3219,"items_purged":["Pain","Strike_G"],"score":1082,"play_id":"1b6a2113-3791-48ce-b48e-060d4a62f0e6","local_time":"20190428120443","is_ascension_mode":true,"campfire_choices":[{"data":"Predator","floor":7.0,"key":"SMITH"},{"data":"Survivor","floor":10.0,"key":"SMITH"},{"floor":15.0,"key":"REST"},{"data":"Malaise","floor":23.0,"key":"SMITH"},{"data":"Sucker Punch","floor":27.0,"key":"SMITH"},{"data":"Dagger Spray","floor":30.0,"key":"SMITH"},{"floor":32.0,"key":"REST"},{"data":"1","floor":40,"key":"LIFT"},{"data":"2","floor":47,"key":"LIFT"},{"floor":49,"key":"REST"}],"neow_cost":"NONE","seed_source_timestamp":0,"circlet_count":0,"master_deck":["AscendersBane","Defend_G","Defend_G","Defend_G","Defend_G","Defend_G","Strike_G","Strike_G","Strike_G","Strike_G","Survivor+1","Neutralize","Sucker Punch+1","Predator+1","Dagger Throw","Choke","Dagger Spray+1","Terror","Footwork+1","Malaise+1","Underhanded Strike","Noxious Fumes+1","Underhanded Strike","Storm of Steel+1","Envenom+1","Backflip+1","Noxious Fumes+1","Reflex+1","Blur+1","Infinite Blades+1","Writhe","Underhanded Strike+1"],"special_seed":0,"relics":["Snecko Eye","Meat on the Bone","Mercury Hourglass","Frozen Egg 2","Blood Vial","Strawberry","WarpedTongs","HoveringKite","Bottled Flame","Toxic Egg 2","Happy Flower","Orrery","Girya","Bird Faced Urn","Chemical X","Centennial Puzzle"],"potions_floor_usage":[37,44,50,50],"damage_taken":[{"damage":7.0,"enemies":"Cultist","floor":1.0,"turns":7.0},{"damage":0.0,"enemies":"Small Slimes","floor":4.0,"turns":2.0},{"damage":0.0,"enemies":"2 Louse","floor":5.0,"turns":2.0},{"damage":4.0,"enemies":"Lagavulin","floor":6.0,"turns":4.0},{"damage":5.0,"enemies":"3 Sentries","floor":8.0,"turns":4.0},{"damage":1.0,"enemies":"2 Fungi Beasts","floor":11.0,"turns":3.0},{"damage":8.0,"enemies":"Blue Slaver","floor":12.0,"turns":2.0},{"damage":40.0,"enemies":"Lagavulin","floor":13.0,"turns":8.0},{"damage":38.0,"enemies":"Hexaghost","floor":16.0,"turns":10.0},{"damage":8.0,"enemies":"Shell Parasite","floor":18.0,"turns":4.0},{"damage":3.0,"enemies":"3 Byrds","floor":20.0,"turns":4.0},{"damage":9.0,"enemies":"Cultist and Chosen","floor":21.0,"turns":6.0},{"damage":0.0,"enemies":"Book of Stabbing","floor":24.0,"turns":4.0},{"damage":12.0,"enemies":"Gremlin Leader","floor":28.0,"turns":7.0},{"damage":20.0,"enemies":"Snake Plant","floor":29.0,"turns":4.0},{"damage":4.0,"enemies":"Centurion and Healer","floor":31.0,"turns":6.0},{"damage":43.0,"enemies":"Collector","floor":33.0,"turns":7.0},{"damage":7.0,"enemies":"Orb Walker","floor":35.0,"turns":3.0},{"damage":22.0,"enemies":"3 Shapes","floor":36.0,"turns":4.0},{"damage":44,"enemies":"2 Orb Walkers","floor":37,"turns":5},{"damage":0,"enemies":"Mind Bloom Boss Battle","floor":38,"turns":5},{"damage":10,"enemies":"Sphere and 2 Shapes","floor":41,"turns":4},{"damage":31,"enemies":"3 Darklings","floor":44,"turns":4},{"damage":15,"enemies":"Writhing Mass","floor":45,"turns":8},{"damage":13,"enemies":"Spire Growth","floor":46,"turns":5},{"damage":69,"enemies":"Donu and Deca","floor":50,"turns":10}],"seed_played":"-2232735518100865626","potions_obtained":[{"floor":1.0,"key":"PowerPotion"},{"floor":5.0,"key":"SpeedPotion"},{"floor":6.0,"key":"Regen Potion"},{"floor":16.0,"key":"Weak Potion"},{"floor":18.0,"key":"Weak Potion"},{"floor":24.0,"key":"Block Potion"},{"floor":31.0,"key":"FearPotion"},{"floor":36.0,"key":"Dexterity Potion"},{"floor":38,"key":"Poison Potion"},{"floor":45,"key":"Energy Potion"}],"is_trial":false,"path_per_floor":["M","$","T","M","M","E","R","E","T","R","M","M","E","?","R","B",null,"M","$","M","M","?","R","E","?","T","R","E","M","R","M","R","B",null,"M","M","?","?","$","R","M","?","T","M","M","M","R","?","R","B",null],"character_chosen":"THE_SILENT","items_purchased":["Predator","Chemical X","Infinite Blades+1"],"campfire_rested":3,"item_purchase_floors":[2,39,39],"current_hp_per_floor":[56,56,56,56,56,52,52,47,47,47,48,42,23,23,46,37,67,61,61,60,53,53,53,55,55,55,55,45,39,39,49,72,43,69,64,44,14,28,28,28,38,57,57,48,41,46,46,46,69,24],"gold":411,"neow_bonus":"BOSS_RELIC","is_prod":false,"is_daily":false,"chose_seed":false,"campfire_upgraded":5,"win_rate":0,"timestamp":1556424283,"path_taken":["M","$","?","M","M","E","R","E","T","R","M","M","E","?","R","BOSS","M","$","M","M","?","R","E","?","T","R","E","M","R","M","R","BOSS","M","M","?","?","$","R","M","?","T","M","M","M","R","?","R","BOSS"],"build_version":"2019-01-23","purchased_purges":2,"victory":true,"max_hp_per_floor":[70,70,70,70,70,70,70,70,70,70,70,70,77,77,77,77,77,77,77,77,77,77,77,77,77,77,77,77,77,77,77,77,77,77,77,77,77,77,77,77,77,77,77,77,77,77,77,77,77,77],"card_choices":[{"not_picked":["Accuracy","Deflect"],"picked":"Sucker Punch","floor":1.0},{"not_picked":["Reflex","Bane"],"picked":"Dagger Throw","floor":4.0},{"not_picked":["Flechettes","Infinite Blades"],"picked":"Choke","floor":5.0},{"not_picked":["Deadly Poison","Flying Knee"],"picked":"Dagger Spray","floor":6.0},{"not_picked":["Blur","Slice"],"picked":"Terror","floor":8.0},{"not_picked":["Acrobatics","Underhanded Strike"],"picked":"Footwork+1","floor":11.0},{"not_picked":["Outmaneuver","Distraction","Finisher"],"picked":"SKIP","floor":12.0},{"not_picked":["Setup","Venomology","Heel Hook"],"picked":"SKIP","floor":13.0},{"not_picked":["Bullet Time","Venomology"],"picked":"Malaise","floor":16.0},{"not_picked":["Finisher","Quick Slash+1"],"picked":"Underhanded Strike","floor":18.0},{"not_picked":["Accuracy+1","Quick Slash+1","Dagger Spray"],"picked":"SKIP","floor":20.0},{"not_picked":["Prepared","Setup","Escape Plan"],"picked":"SKIP","floor":21.0},{"not_picked":["Quick Slash","Backflip"],"picked":"Noxious Fumes+1","floor":24.0},{"not_picked":["Poisoned Stab+1","Skewer"],"picked":"Underhanded Strike","floor":28.0},{"not_picked":["Heel Hook","Catalyst+1","Flying Knee"],"picked":"SKIP","floor":29.0},{"not_picked":["Quick Slash","Dagger Throw"],"picked":"Storm of Steel+1","floor":31.0},{"not_picked":["Burst+1","Night Terror+1"],"picked":"Envenom+1","floor":33.0},{"not_picked":["Quick Slash","Dodge and Roll+1"],"picked":"Backflip+1","floor":34.0},{"not_picked":["Escape Plan+1","Skewer"],"picked":"Noxious Fumes+1","floor":34.0},{"not_picked":["Infinite Blades+1","Caltrops+1"],"picked":"Reflex+1","floor":34.0},{"not_picked":["Flechettes+1","Finisher","Concentrate+1"],"picked":"SKIP","floor":35.0},{"not_picked":["Die Die Die","Concentrate+1","Bane"],"picked":"SKIP","floor":36.0},{"not_picked":["Poisoned Stab","Backflip+1"],"picked":"Blur+1","floor":38},{"not_picked":["Poisoned Stab+1","Acrobatics+1","Reflex+1"],"picked":"SKIP","floor":41},{"not_picked":["Dagger Spray","Grand Finale"],"picked":"Underhanded Strike+1","floor":44},{"not_picked":["Quick Slash","Blade Dance+1","Sucker Punch+1"],"picked":"SKIP","floor":45},{"not_picked":["Slice+1","Burst+1","Dagger Spray+1"],"picked":"SKIP","floor":46}],"player_experience":725712,"relics_obtained":[{"floor":3.0,"key":"Meat on the Bone"},{"floor":6.0,"key":"Mercury Hourglass"},{"floor":8.0,"key":"Frozen Egg 2"},{"floor":9.0,"key":"Blood Vial"},{"floor":13.0,"key":"Strawberry"},{"floor":24.0,"key":"Bottled Flame"},{"floor":26.0,"key":"Toxic Egg 2"},{"floor":28.0,"key":"Happy Flower"},{"floor":37,"key":"Girya"},{"floor":38,"key":"Bird Faced Urn"},{"floor":43,"key":"Centennial Puzzle"}],"event_choices":[{"damage_healed":0.0,"max_hp_gain":0.0,"max_hp_loss":0.0,"gold_gain":0.0,"event_name":"Accursed Blacksmith","player_choice":"Rummage","floor":14.0,"gold_loss":0.0,"damage_taken":0.0,"relics_obtained":["WarpedTongs"],"cards_obtained":["Pain"]},{"damage_healed":0.0,"max_hp_gain":0.0,"max_hp_loss":0.0,"gold_gain":99.0,"event_name":"Nest","player_choice":"Stole From Cult","floor":22.0,"gold_loss":0.0,"damage_taken":0.0},{"damage_healed":0.0,"max_hp_gain":0.0,"max_hp_loss":0.0,"gold_gain":0.0,"event_name":"Ghosts","player_choice":"Ignored","floor":25.0,"gold_loss":0.0,"damage_taken":0.0},{"damage_healed":0,"gold_gain":0,"player_choice":"Fight","damage_taken":0,"max_hp_gain":0,"max_hp_loss":0,"event_name":"Mysterious Sphere","floor":37,"gold_loss":0},{"damage_healed":0,"gold_gain":0,"player_choice":"Fight","damage_taken":0,"max_hp_gain":0,"max_hp_loss":0,"event_name":"MindBloom","floor":38,"gold_loss":0},{"damage_healed":19,"gold_gain":0,"player_choice":"Writhe","damage_taken":0,"max_hp_gain":0,"max_hp_loss":0,"event_name":"Winding Halls","floor":42,"gold_loss":0,"cards_obtained":["Writhe"]},{"damage_healed":0,"gold_gain":0,"player_choice":"Memory 1","damage_taken":0,"max_hp_gain":0,"max_hp_loss":0,"event_name":"SensoryStone","floor":48,"gold_loss":0}],"is_beta":false,"boss_relics":[{"not_picked":["Lizard Tail","Calling Bell"],"picked":"HoveringKite"},{"not_picked":["Runic Pyramid","Fusion Hammer"],"picked":"Orrery"}],"items_purged_floors":[19,39],"is_endless":false,"potions_floor_spawned":[1,5,6,12,16,18,21,24,31,36,38,45,46],"ascension_level":11}