{"gold_per_floor":[113,130,55,65,80,80,110,110,110,141,159,159,234,34,34,130,130,141,130,230,57,77,77],"floor_reached":23,"playtime":1374,"items_purged":["Strike_R","Strike_R","Defend_R"],"score":211,"play_id":"848c72cb-e4a9-4863-9b6f-53a93538df40","local_time":"20190421175744","is_ascension_mode":true,"campfire_choices":[{"data":"Bash","floor":6.0,"key":"SMITH"},{"data":"Defend_R","floor":8.0,"key":"SMITH"},{"data":"Defend_R","floor":12,"key":"SMITH"},{"floor":15,"key":"REST"}],"neow_cost":"NONE","seed_source_timestamp":25211226587176,"circlet_count":0,"master_deck":["Strike_R","Strike_R","Strike_R","Defend_R+1","Defend_R","Defend_R+1","Bash+1"],"special_seed":0,"relics":["Cursed Key","Happy Flower","Kunai","Runic Dome","Turnip","Bottled Flame"],"potions_floor_usage":[16,18,20,20,22,22,23],"damage_taken":[{"damage":0.0,"enemies":"Cultist","floor":1.0,"turns":3.0},{"damage":0.0,"enemies":"Small Slimes","floor":2.0,"turns":2.0},{"damage":2.0,"enemies":"Jaw Worm","floor":4.0,"turns":4.0},{"damage":3.0,"enemies":"Large Slime","floor":5.0,"turns":7.0},{"damage":7.0,"enemies":"3 Sentries","floor":7.0,"turns":9.0},{"damage":28,"enemies":"Gremlin Nob","floor":10,"turns":5},{"damage":7,"enemies":"Exordium Thugs","floor":11,"turns":4},{"damage":36,"enemies":"The Guardian","floor":16,"turns":12},{"damage":9,"enemies":"Spheric Guardian","floor":18,"turns":4},{"damage":7,"enemies":"2 Thieves","floor":19,"turns":4},{"damage":24,"enemies":"Colosseum Slavers","floor":20,"turns":5},{"damage":11,"enemies":"Colosseum Nobs","floor":20,"turns":8},{"damage":18,"enemies":"Cultist and Chosen","floor":22,"turns":6},{"damage":20,"enemies":"Book of Stabbing","floor":23,"turns":5}],"seed_played":"6373914061191855578","potions_obtained":[{"floor":4.0,"key":"SpeedPotion"},{"floor":5.0,"key":"PowerPotion"},{"floor":16,"key":"AttackPotion"},{"floor":20,"key":"Fruit Juice"},{"floor":22,"key":"GamblersBrew"}],"is_trial":false,"path_per_floor":["M","M","$","M","M","R","E","R","T","E","M","R","?","$","R","B",null,"M","M","?","$","M","E"],"character_chosen":"IRONCLAD","items_purchased":["Poison Potion","FearPotion","PowerPotion"],"campfire_rested":1,"item_purchase_floors":[14,14,21],"current_hp_per_floor":[80,80,80,78,75,75,68,68,68,40,33,33,22,22,46,10,80,71,64,29,29,16,0],"gold":77,"neow_bonus":"BOSS_RELIC","is_prod":false,"is_daily":false,"chose_seed":false,"campfire_upgraded":3,"win_rate":0,"timestamp":1555887464,"path_taken":["M","M","?","?","M","R","E","R","T","E","M","R","?","$","R","BOSS","M","M","?","$","M","E"],"build_version":"2019-01-23","purchased_purges":3,"victory":false,"max_hp_per_floor":[80,80,80,80,80,80,80,80,80,80,80,80,80,80,80,80,80,80,80,80,80,85,85],"card_choices":[{"not_picked":["Body Slam","Wild Strike","Warcry"],"picked":"SKIP","floor":1.0},{"not_picked":["Sword Boomerang","Bludgeon","True Grit"],"picked":"SKIP","floor":2.0},{"not_picked":["Pummel","Perfected Strike","Twin Strike"],"picked":"SKIP","floor":4.0},{"not_picked":["Intimidate","Rage","Cleave"],"picked":"SKIP","floor":5.0},{"not_picked":["Rampage","Clothesline","Armaments"],"picked":"SKIP","floor":7.0},{"not_picked":["Hemokinesis","Carnage","Body Slam"],"picked":"SKIP","floor":10},{"not_picked":["Evolve","Infernal Blade","True Grit"],"picked":"SKIP","floor":11},{"not_picked":["Perfected Strike","Thunderclap","Iron Wave"],"picked":"SKIP","floor":18},{"not_picked":["Flame Barrier","Clothesline+1","Shrug It Off+1"],"picked":"SKIP","floor":19},{"not_picked":["Iron Wave","Anger","Perfected Strike+1"],"picked":"SKIP","floor":22}],"player_experience":800304,"relics_obtained":[{"floor":7.0,"key":"Happy Flower"},{"floor":10,"key":"Kunai"},{"floor":20,"key":"Turnip"},{"floor":20,"key":"Bottled Flame"}],"event_choices":[{"damage_healed":0,"gold_gain":75,"player_choice":"Gather Gold","damage_taken":11,"max_hp_gain":0,"max_hp_loss":0,"event_name":"World of Goop","floor":13,"gold_loss":0},{"damage_healed":0,"gold_gain":0,"player_choice":"Fight","damage_taken":0,"max_hp_gain":0,"max_hp_loss":0,"event_name":"Colosseum","floor":20,"gold_loss":0},{"damage_healed":0,"gold_gain":0,"player_choice":"Fought Nobs","damage_taken":0,"max_hp_gain":0,"max_hp_loss":0,"event_name":"Colosseum","floor":20,"gold_loss":0}],"is_beta":false,"boss_relics":[{"not_picked":["Runic Cube","Orrery"],"picked":"Runic Dome"}],"items_purged_floors":[3,14,21],"is_endless":false,"potions_floor_spawned":[4,5,16,20,22],"killed_by":"Book of Stabbing","ascension_level":1}