{"gold_per_floor":[20,31,47,66,42,77,4,4,30,57,57,57,136,14,14,113,113,130,142,158,177,177,177,177,97,97,107,107,107],"floor_reached":29,"playtime":1816,"items_purged":[],"score":373,"play_id":"f5c37839-ae08-4942-8d34-96bf696325f1","local_time":"20180810165017","is_ascension_mode":true,"campfire_choices":[{"data":"Zap","floor":8.0,"key":"SMITH"},{"data":"Loop","floor":11.0,"key":"SMITH"},{"floor":15.0,"key":"REST"},{"data":"Defragment","floor":23,"key":"SMITH"},{"floor":28,"key":"REST"}],"neow_cost":"NO_GOLD","seed_source_timestamp":0,"circlet_count":0,"master_deck":["Zap+1","Dualcast","AscendersBane","Genetic Algorithm","Conserve Battery","Tempest+1","Cold Snap","Hologram","Loop+1","Defragment+1","Auto Shields","Core Surge","Cold Snap","Reboot","Beam Cell","Skim","Force Field","Turbo","Capacitor","Rebound","Conserve Battery","Coolheaded","Blizzard","Go for the Eyes"],"special_seed":0,"relics":["Cracked Core","Gambling Chip","Orichalcum","Happy Flower","War Paint","Regal Pillow","Shuriken","Pandora\u0027s Box","Enchiridion","Frozen Egg 2"],"potions_floor_usage":[29,29],"damage_taken":[{"damage":1.0,"enemies":"Cultist","floor":1.0,"turns":4.0},{"damage":4.0,"enemies":"Small Slimes","floor":2.0,"turns":4.0},{"damage":2.0,"enemies":"Jaw Worm","floor":3.0,"turns":4.0},{"damage":2.0,"enemies":"Blue Slaver","floor":4.0,"turns":5.0},{"damage":7.0,"enemies":"3 Sentries","floor":6.0,"turns":9.0},{"damage":12.0,"enemies":"Lagavulin","floor":10.0,"turns":6.0},{"damage":13.0,"enemies":"Slime Boss","floor":16.0,"turns":11.0},{"damage":4.0,"enemies":"Shell Parasite","floor":18.0,"turns":5.0},{"damage":7.0,"enemies":"Chosen","floor":19.0,"turns":7.0},{"damage":15.0,"enemies":"Snecko","floor":20.0,"turns":5.0},{"damage":0.0,"enemies":"Centurion and Healer","floor":21.0,"turns":7.0},{"damage":10,"enemies":"Snake Plant","floor":27,"turns":5},{"damage":57,"enemies":"Gremlin Leader","floor":29,"turns":6}],"seed_played":"3922474015776242745","potions_obtained":[{"floor":1.0,"key":"SkillPotion"},{"floor":3.0,"key":"AttackPotion"},{"floor":16.0,"key":"GamblersBrew"},{"floor":18.0,"key":"EssenceOfSteel"},{"floor":21.0,"key":"Strength Potion"}],"is_trial":false,"path_per_floor":["M","M","M","M","$","E","$","R","T","E","R","?","T","$","R","B",null,"M","M","M","M","?","R","?","$","T","M","R"],"character_chosen":"DEFECT","items_purchased":["Hologram","Defragment","Core Surge","Cold Snap","Blizzard"],"campfire_rested":2,"item_purchase_floors":[5,7,14,14,25],"current_hp_per_floor":[67,63,61,59,59,52,52,52,52,40,40,15,15,15,52,39,66,62,55,40,40,40,40,24,24,24,14,51,0],"gold":107,"neow_bonus":"ONE_RARE_RELIC","is_prod":false,"is_daily":false,"chose_seed":false,"campfire_upgraded":3,"win_rate":0,"timestamp":1533945017,"path_taken":["M","M","M","M","?","E","$","R","T","E","R","?","?","?","R","BOSS","M","M","M","M","?","R","?","$","T","M","R","E"],"build_version":"2018-08-09","purchased_purges":0,"victory":false,"max_hp_per_floor":[75,75,75,75,75,75,75,75,75,75,75,75,75,75,75,75,75,75,75,75,75,75,75,75,75,75,75,75,75],"card_choices":[{"not_picked":["Rip and Tear","Storm"],"picked":"Genetic Algorithm","floor":1.0},{"not_picked":["Turbo","Rebound"],"picked":"Conserve Battery","floor":2.0},{"not_picked":["Streamline","Compile Driver"],"picked":"Tempest","floor":3.0},{"not_picked":["Storm","Stack"],"picked":"Cold Snap","floor":4.0},{"not_picked":["White Noise","Redo"],"picked":"Loop","floor":6.0},{"not_picked":["Turbo","Rip and Tear"],"picked":"Auto Shields","floor":10.0},{"not_picked":["Biased Cognition","Meteor Strike"],"picked":"Reboot","floor":16.0},{"not_picked":["Beam Cell","Consume+1","Turbo"],"picked":"SKIP","floor":18.0},{"not_picked":["Self Repair","Hologram+1","Storm"],"picked":"SKIP","floor":19.0},{"not_picked":["Chill","Coolheaded","Reinforced Body"],"picked":"SKIP","floor":20.0},{"not_picked":["Leap","Gash","Coolheaded+1"],"picked":"SKIP","floor":21.0},{"not_picked":["Force Field","Conserve Battery"],"picked":"Go for the Eyes","floor":27}],"player_experience":727290,"relics_obtained":[{"floor":6.0,"key":"Orichalcum"},{"floor":9.0,"key":"Happy Flower"},{"floor":10.0,"key":"War Paint"},{"floor":13.0,"key":"Shuriken"},{"floor":24,"key":"Enchiridion"},{"floor":26,"key":"Frozen Egg 2"}],"event_choices":[{"event_name":"Scrap Ooze","player_choice":"success","floor":12.0,"damage_taken":25.0},{"event_name":"Vampires","player_choice":"Ignored","floor":22.0,"damage_taken":0.0},{"event_name":"Cursed Tome","player_choice":"Obtained Book","floor":24,"damage_taken":0}],"is_beta":false,"boss_relics":[{"not_picked":["Black Star","Runic Pyramid"],"picked":"Pandora\u0027s Box"}],"items_purged_floors":[],"is_endless":false,"potions_floor_spawned":[1,3,16,18,21],"killed_by":"Gremlin Leader","ascension_level":12}