{"gold_per_floor":[117,42,53,3,18,18,37,37,37,49,49,224,2,17,17,114,114,128,3,3,19,31,31],"floor_reached":23,"playtime":980,"items_purged":["Strike_B","Doubt","Strike_B"],"score":183,"play_id":"8a830831-b589-4b8b-8fbc-b14531aff5f6","local_time":"20180822123851","is_ascension_mode":false,"campfire_choices":[{"data":"Dualcast","floor":6,"key":"SMITH"},{"data":"Defragment","floor":8,"key":"SMITH"},{"data":"Defragment","floor":11,"key":"SMITH"},{"data":"Storm","floor":15,"key":"SMITH"}],"neow_cost":"NONE","seed_source_timestamp":5338182096510,"circlet_count":0,"master_deck":["Strike_B","Defend_B","Defend_B","Defend_B","Defend_B","Zap+1","Dualcast+1","FTL","Go for the Eyes","Defragment+1","Gash","Defragment+1","Storm+1","Ball Lightning","Echo Form","Cold Snap","Defragment"],"relics":["Cracked Core"],"potions_floor_usage":[14,18,21,22,23],"damage_taken":[{"damage":6,"enemies":"Jaw Worm","floor":1,"turns":3},{"damage":1,"enemies":"2 Louse","floor":3,"turns":2},{"damage":0,"enemies":"Cultist","floor":5,"turns":3},{"damage":0,"enemies":"Exordium Thugs","floor":7,"turns":3},{"damage":5,"enemies":"Looter","floor":10,"turns":2},{"damage":4,"enemies":"3 Louse","floor":14,"turns":3},{"damage":35,"enemies":"The Guardian","floor":16,"turns":6},{"damage":21,"enemies":"2 Thieves","floor":18,"turns":3},{"damage":14,"enemies":"Shell Parasite","floor":21,"turns":3},{"damage":35,"enemies":"3 Cultists","floor":22,"turns":4},{"damage":9,"enemies":"Book of Stabbing","floor":23,"turns":2}],"seed_played":"-2497431226709483229","potions_obtained":[{"floor":1,"key":"Weak Potion"},{"floor":7,"key":"Ancient Potion"},{"floor":14,"key":"GamblersBrew"},{"floor":18,"key":"Energy Potion"},{"floor":22,"key":"EssenceOfSteel"}],"is_trial":false,"path_per_floor":["M","$","M","?","M","R","M","R","T","M","R","?","$","M","R","B",null,"M","$","?","M","M"],"character_chosen":"DEFECT","items_purchased":["Storm","Block Potion"],"campfire_rested":0,"item_purchase_floors":[13,13],"current_hp_per_floor":[69,69,68,68,68,68,68,68,68,63,63,63,63,59,59,24,75,54,54,54,40,5,0],"gold":31,"neow_bonus":"UPGRADE_CARD","is_prod":false,"is_daily":false,"chose_seed":false,"campfire_upgraded":4,"win_rate":0,"timestamp":1534959531,"path_taken":["M","$","M","?","M","R","M","R","T","M","R","?","$","?","R","BOSS","M","$","?","?","M","E"],"build_version":"2018-08-16","purchased_purges":3,"victory":false,"max_hp_per_floor":[75,75,75,75,75,75,75,75,75,75,75,75,75,75,75,75,75,75,75,75,75,75,75],"card_choices":[{"not_picked":["Barrage","Coolheaded"],"picked":"FTL","floor":1},{"not_picked":["Steam","Blizzard"],"picked":"Go for the Eyes","floor":3},{"not_picked":["Reinforced Body","Static Discharge"],"picked":"Defragment","floor":5},{"not_picked":["Coolheaded","Force Field"],"picked":"Gash","floor":7},{"not_picked":["Cold Snap","Compile Driver"],"picked":"Defragment","floor":10},{"not_picked":["Tempest","Lockon"],"picked":"Ball Lightning","floor":14},{"not_picked":["Amplify","Meteor Strike"],"picked":"Echo Form","floor":16},{"not_picked":["Streamline","Blizzard"],"picked":"Cold Snap","floor":18},{"not_picked":["Redo","Self Repair","Sweeping Beam+1"],"picked":"SKIP","floor":21},{"not_picked":["Capacitor","Coolheaded","Hologram"],"picked":"SKIP","floor":22}],"player_experience":367568,"relics_obtained":[],"event_choices":[{"event_name":"The Cleric","player_choice":"Card Removal","floor":4,"damage_taken":0},{"event_name":"Liars Game","player_choice":"agreed","floor":12,"damage_taken":0},{"event_name":"The Library","player_choice":"Read","floor":20,"damage_taken":0}],"is_beta":false,"boss_relics":[{"not_picked":["Busted Crown","Ectoplasm","Cursed Key"]}],"items_purged_floors":[2,13,19],"is_endless":false,"potions_floor_spawned":[1,7,14,18,22],"killed_by":"Book of Stabbing","ascension_level":0}