{"path_per_floor":["M","?","M","$","T","E","?","M","T","E","R","?","M","$","R","B",null,"M","$","M","?","M","R","E","R","T","M","R","T","$","E","R","B",null,"M","?","?","$","?","R","E","M","T","R","M","E","M","?","R"],"character_chosen":"THE_SILENT","items_purchased":["Noxious Fumes","Infinite Blades","Snake Skull","Blade Dance","Finesse","Cauldron"],"gold_per_floor":[115,115,131,19,19,52,74,86,110,143,143,318,338,10,10,113,113,129,49,34,34,46,46,380,380,435,454,454,502,84,114,114,216,216,226,226,226,76,76,76,108,122,202,202,217,251,266,266,266],"floor_reached":50,"campfire_rested":3,"playtime":3905,"current_hp_per_floor":[70,70,67,67,67,49,49,49,49,49,49,49,42,42,42,21,70,67,67,54,54,44,44,26,48,48,40,40,47,47,44,81,67,83,83,83,83,83,83,83,66,66,66,66,51,47,14,14,55],"items_purged":["Regret","Strike_G","Doubt","Strike_G"],"gold":266,"score":621,"play_id":"3489f126-bfec-482b-8406-17495accee61","local_time":"20180306224550","is_prod":false,"is_daily":false,"is_ascension_mode":true,"campfire_upgraded":6,"timestamp":1520397950,"path_taken":["M","?","M","$","?","E","?","?","T","E","R","?","?","$","R","BOSS","M","$","M","?","M","R","E","R","T","M","R","?","$","E","R","BOSS","M","?","?","$","?","R","E","?","T","R","M","E","M","?","R","BOSS"],"build_version":"2018-03-01-PROD1","purchased_purges":4,"victory":false,"master_deck":["Defend_G","Defend_G","Defend_G","Defend_G","Strike_G","Survivor","Neutralize","Slice","Noxious Fumes+1","Dagger Throw+1","Catalyst+1","Sucker Punch+1","Dagger Throw+1","Accuracy+1","Infinite Blades+1","Corpse Explosion+1","Blade Dance+1","Noxious Fumes+1","Catalyst+1","Cloak And Dagger+1","Finesse","Backstab+1","Poisoned Stab+1","Terror+1","Cloak And Dagger"],"max_hp_per_floor":[70,70,70,70,70,70,70,70,70,70,70,70,70,70,70,70,70,72,72,72,72,72,72,74,74,74,74,74,81,81,81,81,83,83,85,85,85,85,85,85,85,85,85,85,87,89,89,89,89],"relics":["Ring of the Snake","Bronze Scales","Thread and Needle","Molten Egg 2","Odd Mushroom","Art of War","Singing Bowl","Snake Skull","Black Star","Calipers","Old Coin","Tiny Chest","Strawberry","Cauldron","Lantern","Regal Pillow","Philosopher\u0027s Stone","Bag of Marbles","Orichalcum","Shuriken","Ice Cream","Frozen Eye"],"card_choices":[{"not_picked":["Expertise","Backflip"],"picked":"Slice"},{"not_picked":["Prepared","Eviscerate"],"picked":"Dagger Throw"},{"not_picked":["Sucker Punch","Calculated Gamble"],"picked":"Catalyst"},{"not_picked":["Deflect","Cloak And Dagger"],"picked":"Sucker Punch"},{"not_picked":["Skewer","Cloak And Dagger"],"picked":"Dagger Throw"},{"not_picked":["Unload","Cloak And Dagger"],"picked":"Accuracy"},{"not_picked":["Tactician","Wraith Form"],"picked":"Corpse Explosion"},{"not_picked":["Eviscerate","Endless Agony"],"picked":"Noxious Fumes"},{"not_picked":["Heel Hook","Underhanded Strike"],"picked":"Catalyst"},{"not_picked":["Deadly Poison","Sucker Punch"],"picked":"Cloak And Dagger"},{"not_picked":["Expertise","Dash"],"picked":"Backstab"},{"not_picked":["Terror","Flying Knee"],"picked":"Poisoned Stab"},{"not_picked":["Endless Agony","Reflex"],"picked":"Terror"},{"not_picked":["Noxious Fumes","Poisoned Stab"],"picked":"Cloak And Dagger"}],"player_experience":120466,"potions_floor_usage":[16,22,24,24,24,31,45,45],"damage_taken":[{"damage":0,"enemies":"Small Slimes","floor":1,"turns":4},{"damage":3,"enemies":"Jaw Worm","floor":3,"turns":4},{"damage":18,"enemies":"Lagavulin","floor":6,"turns":8},{"damage":0,"enemies":"The Mushroom Lair","floor":7,"turns":5},{"damage":0,"enemies":"2 Louse","floor":8,"turns":2},{"damage":0,"enemies":"Gremlin Nob","floor":10,"turns":4},{"damage":7,"enemies":"Exordium Thugs","floor":13,"turns":4},{"damage":21,"enemies":"The Guardian","floor":16,"turns":8},{"damage":5,"enemies":"3 Byrds","floor":18,"turns":3},{"damage":13,"enemies":"2 Thieves","floor":20,"turns":4},{"damage":10,"enemies":"Centurion and Healer","floor":22,"turns":6},{"damage":32,"enemies":"Slavers","floor":24,"turns":4},{"damage":8,"enemies":"Chosen and Byrds","floor":27,"turns":4},{"damage":3,"enemies":"Book of Stabbing","floor":31,"turns":5},{"damage":16,"enemies":"Champ","floor":33,"turns":9},{"damage":2,"enemies":"Orb Walker","floor":35,"turns":3},{"damage":17,"enemies":"Giant Head","floor":41,"turns":7},{"damage":0,"enemies":"3 Darklings","floor":42,"turns":4},{"damage":17,"enemies":"Sphere and 2 Shapes","floor":45,"turns":4},{"damage":6,"enemies":"Nemesis","floor":46,"turns":5},{"damage":33,"enemies":"Maw","floor":47,"turns":5},{"damage":59,"enemies":"Awakened One","floor":50,"turns":3}],"event_choices":[{"event_name":"Big Fish","player_choice":"Box","floor":2,"damage_taken":0},{"event_name":"Mushrooms","player_choice":"Fought Mushrooms","floor":7,"damage_taken":0},{"event_name":"Liars Game","player_choice":"agreed","floor":12,"damage_taken":0},{"event_name":"Addict","player_choice":"Ignored","floor":21,"damage_taken":0},{"event_name":"Purifier","player_choice":"One Purge","floor":37,"damage_taken":0},{"event_name":"Wheel of Change","player_choice":"Card Removal","floor":39,"damage_taken":0},{"event_name":"Mysterious Sphere","player_choice":"Ignore","floor":48,"damage_taken":0}],"boss_relics":[{"not_picked":["Question Card","Tiny House"],"picked":"Black Star"},{"not_picked":["Velvet Choker","Eternal Feather"],"picked":"Philosopher\u0027s Stone"}],"potions_floor_spawned":[6,7,8,13,18,22,27,35,42,47],"seed_played":"8954057905213555265","killed_by":"Awakened One","ascension_level":1,"is_trial":false}