{"gold_per_floor":[114,114,132,143,48,48,82,82,82,99,116,116,1,28,28,132,132,151,166,166,366,378,378,26,26,26,26,57,77,96,111,111,212,212,225,240,240,64,0,53,2,15,15,15,15,33,33,45,45,45],"floor_reached":51,"playtime":3923,"items_purged":["Regret","Strike_R"],"score":802,"play_id":"1e692630-a1cd-48bf-9a4f-02efd1a0a1f1","local_time":"20190117130143","is_ascension_mode":true,"campfire_choices":[{"data":"Shrug It Off","floor":6.0,"key":"SMITH"},{"data":"Double Tap","floor":8.0,"key":"SMITH"},{"data":"Shrug It Off","floor":15.0,"key":"SMITH"},{"data":"Shrug It Off","floor":23.0,"key":"SMITH"},{"data":"Ghostly Armor","floor":25.0,"key":"SMITH"},{"data":"Headbutt","floor":27.0,"key":"SMITH"},{"floor":32.0,"key":"REST"},{"data":"Madness","floor":45.0,"key":"SMITH"},{"data":"Blind","floor":47.0,"key":"SMITH"},{"data":"Double Tap","floor":49.0,"key":"SMITH"}],"neow_cost":"NONE","seed_source_timestamp":1014902709141792,"circlet_count":0,"master_deck":["Strike_R","Strike_R","Strike_R","Strike_R","Defend_R","Defend_R","Defend_R","Defend_R","Bash+1","Shrug It Off+1","Cleave","Shrug It Off+1","Headbutt+1","Thunderclap","Twin Strike","Double Tap+1","Twin Strike+1","Shrug It Off+1","Combust","Rampage+1","Impervious","Pommel Strike+1","Ghostly Armor+1","Flex+1","Finesse","Clothesline+1","Rage+1","Power Through+1","Armaments+1","Double Tap+1","Metallicize+1","Shrug It Off","Mind Blast+1","Madness+1","Inflame","Blind+1","Pummel+1","Metallicize+1","Writhe","Intimidate+1"],"special_seed":0,"relics":["Burning Blood","Pear","Molten Egg 2","Sundial","Vajra","Runic Cube","Boot","Shuriken","Regal Pillow","Philosopher\u0027s Stone","Red Mask","Thread and Needle","Ornamental Fan"],"potions_floor_usage":[50,50],"damage_taken":[{"damage":3.0,"enemies":"2 Louse","floor":1.0,"turns":3.0},{"damage":6.0,"enemies":"Cultist","floor":3.0,"turns":3.0},{"damage":0.0,"enemies":"Small Slimes","floor":4.0,"turns":2.0},{"damage":24.0,"enemies":"3 Sentries","floor":7.0,"turns":8.0},{"damage":6.0,"enemies":"Red Slaver","floor":10.0,"turns":4.0},{"damage":7.0,"enemies":"2 Fungi Beasts","floor":11.0,"turns":3.0},{"damage":16.0,"enemies":"Gremlin Nob","floor":14.0,"turns":3.0},{"damage":46.0,"enemies":"Hexaghost","floor":16.0,"turns":6.0},{"damage":1.0,"enemies":"Chosen","floor":18.0,"turns":3.0},{"damage":7.0,"enemies":"3 Byrds","floor":19.0,"turns":4.0},{"damage":4.0,"enemies":"Centurion and Healer","floor":22.0,"turns":7.0},{"damage":53.0,"enemies":"Book of Stabbing","floor":28.0,"turns":7.0},{"damage":13.0,"enemies":"3 Cultists","floor":29.0,"turns":4.0},{"damage":7.0,"enemies":"Shelled Parasite and Fungi","floor":30.0,"turns":8.0},{"damage":1.0,"enemies":"Chosen and Byrds","floor":31.0,"turns":7.0},{"damage":72.0,"enemies":"Collector","floor":33.0,"turns":11.0},{"damage":2.0,"enemies":"Orb Walker","floor":35.0,"turns":2.0},{"damage":3.0,"enemies":"3 Shapes","floor":36.0,"turns":3.0},{"damage":27.0,"enemies":"2 Orb Walkers","floor":40.0,"turns":6.0},{"damage":21.0,"enemies":"Sphere and 2 Shapes","floor":42.0,"turns":5.0},{"damage":0.0,"enemies":"Transient","floor":46.0,"turns":5.0},{"damage":16.0,"enemies":"4 Shapes","floor":48.0,"turns":5.0},{"damage":56,"enemies":"Awakened One","floor":50,"turns":14}],"seed_played":"-314909905421961821","potions_obtained":[{"floor":1.0,"key":"Poison Potion"},{"floor":3.0,"key":"Swift Potion"},{"floor":10.0,"key":"FearPotion"},{"floor":11.0,"key":"SteroidPotion"},{"floor":16.0,"key":"GamblersBrew"},{"floor":19.0,"key":"Strength Potion"},{"floor":29.0,"key":"Block Potion"},{"floor":31.0,"key":"SkillPotion"},{"floor":33.0,"key":"GamblersBrew"},{"floor":35.0,"key":"Dexterity Potion"},{"floor":36.0,"key":"Block Potion"}],"is_trial":false,"path_per_floor":["M","?","M","M","$","R","E","R","T","M","M","?","$","E","R","B",null,"M","M","?","?","M","R","$","R","T","R","E","M","M","M","R","B",null,"M","M","?","$","?","?","$","M","T","?","R","M","R","M","R","B",null],"character_chosen":"IRONCLAD","items_purchased":["Thunderclap","Twin Strike","Combust","Boot","Finesse","Inflame","Blind","PowerPotion"],"campfire_rested":1,"item_purchase_floors":[5,5,13,24,24,38,38,41],"current_hp_per_floor":[80,80,80,80,80,80,72,72,72,72,71,71,71,61,61,21,90,90,89,89,89,90,90,90,90,90,90,43,36,35,40,82,16,90,90,90,85,85,85,64,64,49,49,72,72,78,78,68,68,18],"gold":45,"neow_bonus":"THREE_CARDS","is_prod":false,"is_daily":false,"chose_seed":false,"campfire_upgraded":9,"win_rate":0,"timestamp":1547726503,"path_taken":["M","?","M","M","$","R","E","R","T","M","?","?","$","E","R","BOSS","M","M","?","?","M","R","$","R","T","R","E","?","M","M","R","BOSS","M","M","?","$","?","?","$","M","T","?","R","M","R","M","R","BOSS"],"build_version":"2018-12-20","purchased_purges":2,"victory":true,"max_hp_per_floor":[80,80,80,80,80,80,90,90,90,90,90,90,90,90,90,90,90,90,90,90,90,90,90,90,90,90,90,90,90,90,90,90,90,90,90,90,90,90,90,90,90,90,90,90,90,90,90,90,90,90],"card_choices":[{"not_picked":["Inflame","Havoc"],"picked":"Shrug It Off","floor":0.0},{"not_picked":["Infernal Blade","Perfected Strike"],"picked":"Cleave","floor":1.0},{"not_picked":["Havoc","Sword Boomerang"],"picked":"Shrug It Off","floor":3.0},{"not_picked":["Cleave","Clothesline"],"picked":"Headbutt","floor":4.0},{"not_picked":["Body Slam","Hemokinesis"],"picked":"Double Tap","floor":7.0},{"not_picked":["Shockwave","Perfected Strike+1"],"picked":"Twin Strike+1","floor":10.0},{"not_picked":["True Grit","Wild Strike+1"],"picked":"Shrug It Off","floor":11.0},{"not_picked":["True Grit","Second Wind"],"picked":"Rampage+1","floor":14.0},{"not_picked":["Reaper+1","Juggernaut"],"picked":"Impervious","floor":16.0},{"not_picked":["Sword Boomerang+1","Twin Strike+1"],"picked":"Pommel Strike+1","floor":18.0},{"not_picked":["Rampage+1","Hemokinesis+1"],"picked":"Ghostly Armor","floor":19.0},{"not_picked":["Headbutt+1","Intimidate"],"picked":"Flex+1","floor":22.0},{"not_picked":["Blood for Blood+1","Fiend Fire+1"],"picked":"Clothesline+1","floor":28.0},{"not_picked":["Twin Strike+1","Battle Trance"],"picked":"Rage+1","floor":29.0},{"not_picked":["Clash+1","Twin Strike+1"],"picked":"Power Through+1","floor":30.0},{"not_picked":["Iron Wave+1","Entrench+1"],"picked":"Armaments+1","floor":31.0},{"not_picked":["Bludgeon+1","Impervious"],"picked":"Double Tap","floor":33.0},{"not_picked":["Thunderclap+1","Rupture"],"picked":"Metallicize+1","floor":35.0},{"not_picked":["True Grit","Twin Strike+1"],"picked":"Shrug It Off","floor":36.0},{"not_picked":["Chrysalis","Apotheosis"],"picked":"Mind Blast+1","floor":37.0},{"not_picked":["Panacea","Impatience"],"picked":"Madness","floor":37.0},{"not_picked":["Twin Strike+1","Perfected Strike+1"],"picked":"Pummel+1","floor":40.0},{"not_picked":["Searing Blow+1","Twin Strike+1"],"picked":"Metallicize+1","floor":42.0},{"not_picked":["Pommel Strike+1","Dual Wield+1"],"picked":"Intimidate+1","floor":46.0},{"not_picked":["Twin Strike+1","Sentinel","Thunderclap+1"],"picked":"SKIP","floor":48.0}],"player_experience":43068,"relics_obtained":[{"floor":7.0,"key":"Pear"},{"floor":9.0,"key":"Molten Egg 2"},{"floor":14.0,"key":"Vajra"},{"floor":26.0,"key":"Shuriken"},{"floor":28.0,"key":"Regal Pillow"},{"floor":40.0,"key":"Thread and Needle"},{"floor":43.0,"key":"Ornamental Fan"}],"event_choices":[{"damage_healed":0.0,"max_hp_gain":0.0,"max_hp_loss":0.0,"gold_gain":0.0,"event_name":"Accursed Blacksmith","player_choice":"Forge","floor":2.0,"gold_loss":0.0,"damage_taken":0.0,"cards_upgraded":["Bash"]},{"damage_healed":0.0,"max_hp_gain":0.0,"max_hp_loss":0.0,"gold_gain":0.0,"event_name":"Big Fish","player_choice":"Box","floor":12.0,"gold_loss":0.0,"damage_taken":0.0,"relics_obtained":["Sundial"],"cards_obtained":["Regret"]},{"damage_healed":0.0,"max_hp_gain":0.0,"max_hp_loss":0.0,"gold_gain":0.0,"event_name":"Ghosts","player_choice":"Ignored","floor":20.0,"gold_loss":0.0,"damage_taken":0.0},{"damage_healed":0.0,"max_hp_gain":0.0,"max_hp_loss":0.0,"gold_gain":200.0,"event_name":"Wheel of Change","player_choice":"Gold","floor":21.0,"gold_loss":0.0,"damage_taken":0.0},{"damage_healed":0.0,"max_hp_gain":0.0,"max_hp_loss":0.0,"gold_gain":0.0,"event_name":"SensoryStone","player_choice":"Memory 2","floor":37.0,"gold_loss":0.0,"damage_taken":5.0},{"damage_healed":0.0,"max_hp_gain":0.0,"max_hp_loss":0.0,"gold_gain":0.0,"event_name":"Tomb of Lord Red Mask","player_choice":"Paid","floor":39.0,"gold_loss":64.0,"damage_taken":0.0,"relics_obtained":["Red Mask"]},{"damage_healed":0.0,"max_hp_gain":0.0,"max_hp_loss":0.0,"gold_gain":0.0,"event_name":"Mysterious Sphere","player_choice":"Fight","floor":40.0,"gold_loss":0.0,"damage_taken":0.0},{"damage_healed":23.0,"max_hp_gain":0.0,"max_hp_loss":0.0,"gold_gain":0.0,"event_name":"Winding Halls","player_choice":"Writhe","floor":44.0,"gold_loss":0.0,"damage_taken":0.0,"cards_obtained":["Writhe"]}],"is_beta":false,"boss_relics":[{"not_picked":["Snecko Eye","Busted Crown"],"picked":"Runic Cube"},{"not_picked":["Runic Pyramid","Astrolabe"],"picked":"Philosopher\u0027s Stone"}],"items_purged_floors":[13,24],"is_endless":false,"potions_floor_spawned":[1,3,10,11,16,19,29,31,33,35,36,42],"ascension_level":4}