{"path_per_floor":["M","?","$","M","?","R","E","R","T","M","E","R","M","M","R","B",null,"M","$","M","M","M","E","T","E","T","?","M","R","$","M","R"],"character_chosen":"DEFECT","items_purchased":["Leap","Calipers","Capacitor","Chill"],"gold_per_floor":[113,113,38,50,50,50,78,78,155,173,503,503,516,529,529,628,628,642,181,193,206,217,250,276,308,334,361,380,380,132,144,144,144],"floor_reached":33,"campfire_rested":2,"playtime":2725,"current_hp_per_floor":[68,68,68,68,68,68,68,68,68,67,56,56,49,49,49,33,75,75,75,73,72,72,30,30,12,12,9,11,33,33,35,57,0],"items_purged":["Dualcast","Strike_B","Strike_B"],"gold":144,"score":297,"play_id":"1091153c-3c4f-4125-883b-62739e570ed4","local_time":"20180510163229","is_prod":false,"is_daily":false,"chose_seed":false,"is_ascension_mode":false,"campfire_upgraded":4,"timestamp":1525987949,"path_taken":["M","?","$","M","?","R","E","R","T","?","E","R","M","M","R","BOSS","M","$","M","M","M","E","?","E","T","?","?","R","$","M","R","BOSS"],"build_version":"2018-05-09","seed_source_timestamp":9409704814738,"purchased_purges":3,"victory":false,"master_deck":["Strike_B","Strike_B","Defend_B","Defend_B","Defend_B","Zap+1","Hologram+1","White Noise","Seek","Loop+1","Ball Lightning","Streamline+1","Leap","Barrage","Biased Cognition","Steam+1","Leap","Loop","FTL","Hello World","Static Discharge","Ball Lightning+1","Capacitor","Chill","Self Repair"],"max_hp_per_floor":[68,68,68,68,68,68,75,75,75,75,75,75,75,75,75,75,75,75,75,75,75,75,75,75,75,75,75,75,75,75,75,75,75],"relics":["Cracked Core","Thread and Needle","Strawberry","Bottled Tornado","Old Coin","Nuclear Battery","Calipers","Mummified Hand","Bag of Preparation","Pantograph","Blood Vial","Red Mask"],"card_choices":[{"not_picked":["Rebound","Gash"],"picked":"Hologram","floor":1},{"not_picked":["Doom and Gloom","Stack"],"picked":"White Noise","floor":4},{"not_picked":["Coolheaded","Axe Kick"],"picked":"Loop","floor":7},{"not_picked":["Recycle","Loop"],"picked":"Ball Lightning","floor":10},{"not_picked":["Impulse","Machine Learning"],"picked":"Streamline","floor":11},{"not_picked":["Scrape","Go for the Eyes"],"picked":"Leap","floor":13},{"not_picked":["Doom and Gloom","Capacitor"],"picked":"Barrage","floor":14},{"not_picked":["Fusion","Nova"],"picked":"Biased Cognition","floor":16},{"not_picked":["Go for the Eyes","Barrage"],"picked":"Steam","floor":18},{"not_picked":["Steam","Go for the Eyes"],"picked":"Loop","floor":21},{"not_picked":["Barrage","Rebound"],"picked":"FTL","floor":23},{"not_picked":["Doom and Gloom","Coolheaded"],"picked":"Hello World","floor":25},{"not_picked":["Hologram","Chill"],"picked":"Static Discharge","floor":27},{"not_picked":["Axe Kick","Sunder"],"picked":"Ball Lightning","floor":28},{"not_picked":["Recycle","Rip and Tear"],"picked":"Self Repair","floor":31}],"player_experience":29359,"potions_floor_usage":[7,11,16,21,27,27,27],"damage_taken":[{"damage":0,"enemies":"Cultist","floor":1,"turns":3},{"damage":0,"enemies":"Small Slimes","floor":4,"turns":3},{"damage":7,"enemies":"3 Sentries","floor":7,"turns":8},{"damage":1,"enemies":"2 Louse","floor":10,"turns":3},{"damage":11,"enemies":"Gremlin Nob","floor":11,"turns":3},{"damage":7,"enemies":"Lots of Slimes","floor":13,"turns":4},{"damage":0,"enemies":"Red Slaver","floor":14,"turns":3},{"damage":16,"enemies":"Hexaghost","floor":16,"turns":8},{"damage":0,"enemies":"Spheric Guardian","floor":18,"turns":3},{"damage":2,"enemies":"3 Byrds","floor":20,"turns":4},{"damage":1,"enemies":"Centurion and Healer","floor":21,"turns":5},{"damage":0,"enemies":"Chosen and Byrds","floor":22,"turns":5},{"damage":42,"enemies":"Slavers","floor":23,"turns":6},{"damage":18,"enemies":"Book of Stabbing","floor":25,"turns":4},{"damage":5,"enemies":"Masked Bandits","floor":27,"turns":3},{"damage":0,"enemies":"Snecko","floor":28,"turns":4},{"damage":0,"enemies":"Snake Plant","floor":31,"turns":4},{"damage":76,"enemies":"Collector","floor":33,"turns":10}],"event_choices":[{"event_name":"The Lab","player_choice":"Got Potions","floor":2,"damage_taken":0},{"event_name":"Transmorgrifier","player_choice":"Transform","floor":5,"damage_taken":0},{"event_name":"Masked Bandits","player_choice":"Fought over 334 gold","floor":27,"damage_taken":0}],"boss_relics":[{"not_picked":["Calling Bell","Black Star"],"picked":"Nuclear Battery"}],"potions_floor_spawned":[4,10,11,14,16,18,20,22,25,28],"seed_played":"-2643321871726132518","killed_by":"Collector","ascension_level":0,"is_trial":false}