{"path_per_floor":["M","?","M","M","$","E","?","?","T","$","M","R","E","M","R","B",null,"M","$","M","M","?","R","?","R","T","E","?","?","E","M","R","B",null,"M","?","?","$","M","R","M","E","T","M","R","$","M","M","R"],"character_chosen":"IRONCLAD","items_purchased":["Infernal Blade","Anger","Metallicize","Strawberry","Flash of Steel","Meat on the Bone"],"gold_per_floor":[118,118,138,163,77,117,95,95,95,26,41,41,74,97,97,222,222,245,100,113,131,131,131,131,131,202,236,236,151,179,192,192,297,297,308,308,308,206,225,225,242,269,324,335,335,76,89,103,103],"floor_reached":50,"campfire_rested":6,"playtime":6564,"current_hp_per_floor":[78,58,63,69,69,41,41,41,55,55,58,86,60,66,94,67,94,81,88,83,80,80,80,80,80,80,69,69,69,26,26,56,42,101,73,60,60,60,70,100,101,55,60,56,86,86,72,58,88],"items_purged":[],"gold":103,"score":520,"play_id":"35f349ba-b282-43f7-b827-071b3b7c061a","is_prod":false,"is_daily":false,"is_ascension_mode":false,"campfire_upgraded":2,"path_taken":["M","?","M","M","$","E","?","?","T","?","M","R","E","M","R","BOSS","M","$","M","M","?","R","?","R","T","E","?","?","E","M","R","BOSS","M","?","?","?","M","R","M","E","T","M","R","$","M","M","R","BOSS"],"build_version":"2018-02-15-PROD1","purchased_purges":2,"victory":false,"master_deck":["Strike_R+1","Strike_R+1","Strike_R+1","Strike_R+1","Strike_R+1","Defend_R+1","Defend_R+1","Defend_R+1","Defend_R+1","Bash","Shrug It Off","Headbutt","Clothesline","Infernal Blade","Anger","Intimidate+1","Metallicize+1","Flex","Shrug It Off","Anger","Juggernaut+1","Twin Strike","Blood for Blood+1","Twin Strike","Iron Wave","Iron Wave+1","Metallicize+1","Reaper","Inflame","Madness+1","Madness+1","Flash of Steel","Shrug It Off+1","Fire Breathing+1","Heavy Blade","Berserk","Armaments+1"],"max_hp_per_floor":[80,80,80,80,80,80,80,80,94,94,94,94,94,94,94,94,94,94,101,101,101,101,101,101,101,101,101,101,101,101,101,101,101,101,101,101,101,101,101,101,101,101,101,101,101,101,101,101,101],"relics":["Burning Blood","Vajra","Bloody Idol","Juzu Bracelet","Mango","Ancient Tea Set","Mark of Pain","Strawberry","Toxic Egg 2","Dream Catcher","Lantern","Bottled Flame","Runic Cube","Happy Flower","Bag of Marbles","Meat on the Bone"],"card_choices":[{"not_picked":["Fiend Fire","Warcry"],"picked":"Shrug It Off"},{"not_picked":["Twin Strike","Dropkick"],"picked":"Headbutt"},{"not_picked":["Battle Trance","Cleave"],"picked":"Clothesline"},{"not_picked":["Searing Blow","Spot Weakness"],"picked":"Intimidate"},{"not_picked":["Uppercut","Sword Boomerang"],"picked":"Flex"},{"not_picked":["Burning Pact","Headbutt"],"picked":"Shrug It Off"},{"not_picked":["Sever Soul","Sword Boomerang"],"picked":"Anger"},{"not_picked":["Limit Break","Bludgeon"],"picked":"Juggernaut"},{"not_picked":["Searing Blow","Pummel"],"picked":"Twin Strike"},{"not_picked":["Clothesline","Battle Trance"],"picked":"Blood for Blood"},{"not_picked":["Clash","Thunderclap"],"picked":"Twin Strike"},{"not_picked":["Battle Trance","Body Slam"],"picked":"Iron Wave"},{"not_picked":["Dual Wield","Shrug It Off"],"picked":"Iron Wave"},{"not_picked":["Pommel Strike","Clothesline"],"picked":"Metallicize"},{"not_picked":["Bludgeon","Impervious"],"picked":"Reaper"},{"not_picked":["True Grit","Second Wind"],"picked":"Inflame"},{"not_picked":["Iron Wave","Headbutt"],"picked":"Shrug It Off"},{"not_picked":["Second Wind","Spot Weakness"],"picked":"Fire Breathing"},{"not_picked":["Thunderclap","True Grit"],"picked":"Heavy Blade"},{"not_picked":["Clothesline","Flex"],"picked":"Berserk"},{"not_picked":["Iron Wave","Clothesline"],"picked":"Armaments"}],"player_experience":6099,"potions_floor_usage":[16,27,30,33,33,33,50,50,50],"damage_taken":[{"damage":8,"enemies":"2 Louse","floor":1,"turns":4},{"damage":1,"enemies":"Jaw Worm","floor":3,"turns":4},{"damage":0,"enemies":"Small Slimes","floor":4,"turns":3},{"damage":34,"enemies":"Lagavulin","floor":6,"turns":7},{"damage":3,"enemies":"Blue Slaver","floor":11,"turns":4},{"damage":32,"enemies":"Gremlin Nob","floor":13,"turns":5},{"damage":0,"enemies":"Large Slime","floor":14,"turns":5},{"damage":33,"enemies":"Slime Boss","floor":16,"turns":14},{"damage":19,"enemies":"Spheric Guardian","floor":18,"turns":5},{"damage":16,"enemies":"Chosen","floor":20,"turns":6},{"damage":24,"enemies":"3 Cultists","floor":21,"turns":7},{"damage":17,"enemies":"Book of Stabbing","floor":27,"turns":4},{"damage":54,"enemies":"Gremlin Leader","floor":30,"turns":7},{"damage":11,"enemies":"Chosen and Byrds","floor":31,"turns":6},{"damage":35,"enemies":"Champ","floor":33,"turns":11},{"damage":39,"enemies":"3 Darklings","floor":35,"turns":6},{"damage":15,"enemies":"3 Shapes","floor":39,"turns":4},{"damage":20,"enemies":"Maw","floor":41,"turns":8},{"damage":57,"enemies":"Giant Head","floor":42,"turns":10},{"damage":30,"enemies":"3 Darklings","floor":44,"turns":6},{"damage":43,"enemies":"4 Shapes","floor":47,"turns":5},{"damage":44,"enemies":"Sphere and 2 Shapes","floor":48,"turns":6},{"damage":148,"enemies":"Awakened One","floor":50,"turns":8}],"event_choices":[{"event_name":"Golden Idol","player_choice":"Take Damage","floor":2,"damage_taken":0},{"event_name":"World of Goop","player_choice":"Left","floor":7,"damage_taken":0},{"event_name":"Living Wall","player_choice":"Grow","floor":8,"damage_taken":0},{"event_name":"Back to Basics","player_choice":"Simplicity","floor":22,"damage_taken":0},{"event_name":"Vampires","player_choice":"Ignored","floor":24,"damage_taken":0},{"event_name":"Forgotten Altar","player_choice":"Gave Idol","floor":28,"damage_taken":0},{"event_name":"Addict","player_choice":"Obtained Relic","floor":29,"damage_taken":0},{"event_name":"Winding Halls","player_choice":"Embrace Madness","floor":36,"damage_taken":0},{"event_name":"Upgrade Shrine","player_choice":"Upgraded","floor":37,"damage_taken":0}],"boss_relics":[{"not_picked":["Astrolabe","Cursed Key"],"picked":"Mark of Pain"},{"not_picked":["Runic Dome","Philosopher\u0027s Stone"],"picked":"Runic Cube"}],"potions_floor_spawned":[1,6,14,18,27,31,35,42,44,47],"seed_played":"7869715958839387856","killed_by":"Awakened One","ascension_level":0,"is_trial":false}