{"gold_per_floor":[119,131,306,256,256,283,24,51,51,69,69,69,89,164,164,265,265,281,300,300,319,333,333,365,365,365,72,72],"floor_reached":28,"playtime":1770,"items_purged":[],"score":271,"play_id":"e2ddc6e6-2e48-46eb-b36d-9524e10d138a","local_time":"20180711232013","is_ascension_mode":false,"campfire_choices":[{"floor":11,"key":"REST"},{"data":"Cleave","floor":15,"key":"SMITH"},{"floor":23,"key":"REST"},{"floor":25,"key":"REST"}],"neow_cost":"NONE","seed_source_timestamp":14138189843012,"circlet_count":0,"master_deck":["Strike_R","Strike_R","Strike_R","Defend_R","Defend_R","Defend_R","Defend_R","Bash","Twin Strike","Flame Barrier","Doubt","Offering","Iron Wave","Cleave+1","Shrug It Off","Perfected Strike","Uppercut","Demon Form","Anger+1","Clothesline","Rupture","Iron Wave","Spot Weakness","Shrug It Off+1","Anger","Heavy Blade","Shrug It Off","Armaments"],"relics":["Burning Blood","NeowsBlessing","Mercury Hourglass","Matryoshka","Bottled Flame","Potion Belt","Self Forming Clay","Prayer Wheel","Lizard Tail","Regal Pillow","Centennial Puzzle","Ornamental Fan","Molten Egg 2"],"potions_floor_usage":[16,16,16,24,24],"damage_taken":[{"damage":0,"enemies":"Small Slimes","floor":1,"turns":1},{"damage":0,"enemies":"Cultist","floor":2,"turns":1},{"damage":0,"enemies":"Lagavulin","floor":6,"turns":1},{"damage":49,"enemies":"Gremlin Nob","floor":8,"turns":6},{"damage":0,"enemies":"Jaw Worm","floor":10,"turns":4},{"damage":0,"enemies":"2 Fungi Beasts","floor":13,"turns":3},{"damage":35,"enemies":"Hexaghost","floor":16,"turns":11},{"damage":23,"enemies":"3 Byrds","floor":18,"turns":5},{"damage":10,"enemies":"Chosen","floor":19,"turns":4},{"damage":33,"enemies":"3 Cultists","floor":21,"turns":6},{"damage":5,"enemies":"Centurion and Healer","floor":22,"turns":7},{"damage":46,"enemies":"Book of Stabbing","floor":24,"turns":7},{"damage":113,"enemies":"Gremlin Leader","floor":28,"turns":7}],"seed_played":"3507983086960468586","potions_obtained":[{"floor":8,"key":"SteroidPotion"},{"floor":10,"key":"BloodPotion"},{"floor":13,"key":"Fire Potion"},{"floor":16,"key":"SpeedPotion"},{"floor":19,"key":"AttackPotion"}],"is_trial":false,"path_per_floor":["M","M","?","?","?","E","$","E","T","M","R","?","M","?","R","B",null,"M","M","?","M","M","R","E","R","T","$"],"character_chosen":"IRONCLAD","items_purchased":["Matryoshka","Molten Egg 2","Armaments"],"campfire_rested":3,"item_purchase_floors":[7,27,27],"current_hp_per_floor":[80,80,80,80,80,80,80,37,37,43,67,67,73,62,62,41,80,63,59,59,32,33,57,17,56,56,56,0],"gold":72,"neow_bonus":"THREE_ENEMY_KILL","is_prod":false,"is_daily":false,"chose_seed":false,"campfire_upgraded":1,"win_rate":0.0,"timestamp":1531344013,"path_taken":["M","M","?","?","?","E","?","E","T","?","R","?","M","?","R","BOSS","M","M","?","M","?","R","E","R","T","$","E"],"build_version":"2018-07-05","purchased_purges":0,"victory":false,"max_hp_per_floor":[80,80,80,80,80,80,80,80,80,80,80,80,80,80,80,80,80,80,80,80,80,80,80,80,80,80,80,80],"card_choices":[{"not_picked":["Perfected Strike","Carnage"],"picked":"Twin Strike","floor":1},{"not_picked":["Second Wind","Warcry"],"picked":"Flame Barrier","floor":2},{"not_picked":["Clothesline","Rupture"],"picked":"Iron Wave","floor":6},{"not_picked":["Headbutt","Shrug It Off"],"picked":"Cleave","floor":8},{"not_picked":["Bloodletting","Feed"],"picked":"Shrug It Off","floor":10},{"not_picked":["Power Through","Whirlwind"],"picked":"Perfected Strike","floor":13},{"not_picked":["Headbutt","Iron Wave"],"picked":"Uppercut","floor":13},{"not_picked":["Limit Break","Brutality"],"picked":"Demon Form","floor":16},{"not_picked":["Searing Blow+1","Perfected Strike"],"picked":"Anger+1","floor":18},{"not_picked":["Flex","Carnage"],"picked":"Clothesline","floor":18},{"not_picked":["Twin Strike","Pummel"],"picked":"Rupture","floor":19},{"not_picked":["True Grit","Hemokinesis"],"picked":"Iron Wave","floor":19},{"not_picked":["Flex+1","Clothesline+1"],"picked":"Spot Weakness","floor":21},{"not_picked":["Warcry","Pommel Strike"],"picked":"Shrug It Off+1","floor":21},{"not_picked":["Flex","Reckless Charge+1"],"picked":"Anger","floor":22},{"not_picked":["Power Through","Flex"],"picked":"Heavy Blade","floor":22},{"not_picked":["Searing Blow","Burning Pact"],"picked":"Shrug It Off","floor":24}],"player_experience":32348,"relics_obtained":[{"floor":6,"key":"Mercury Hourglass"},{"floor":8,"key":"Bottled Flame"},{"floor":9,"key":"Potion Belt"},{"floor":9,"key":"Self Forming Clay"},{"floor":24,"key":"Regal Pillow"},{"floor":26,"key":"Centennial Puzzle"},{"floor":26,"key":"Ornamental Fan"}],"event_choices":[{"event_name":"Liars Game","player_choice":"agreed","floor":3,"damage_taken":0},{"event_name":"The Cleric","player_choice":"Card Removal","floor":4,"damage_taken":0},{"event_name":"Living Wall","player_choice":"Change","floor":5,"damage_taken":0},{"event_name":"Dead Adventurer","player_choice":"Searched \u00272\u0027 times","floor":12,"damage_taken":0},{"event_name":"World of Goop","player_choice":"Gather Gold","floor":14,"damage_taken":0},{"event_name":"Ghosts","player_choice":"Ignored","floor":20,"damage_taken":0}],"boss_relics":[{"not_picked":["Eternal Feather","Mark of Pain"],"picked":"Lizard Tail"}],"items_purged_floors":[],"is_endless":false,"potions_floor_spawned":[8,10,13,16,19],"killed_by":"Gremlin Leader","ascension_level":0}