{"gold_per_floor":[109,123,135,145,36,36,47,62,87,87,98,98,118,153,153,231,231,243,94,63,63],"floor_reached":21,"playtime":1137,"items_purged":["Regret"],"score":324,"play_id":"32cd0712-3212-4e2e-a0b0-ecea021cc38d","local_time":"20181023083122","is_ascension_mode":true,"campfire_choices":[{"data":"Neutralize","floor":6.0,"key":"SMITH"},{"data":"Caltrops","floor":10.0,"key":"SMITH"},{"floor":12.0,"key":"REST"},{"floor":15.0,"key":"REST"}],"neow_cost":"CURSE","seed_source_timestamp":0,"circlet_count":0,"master_deck":["Defend_G","Defend_G","Defend_G","Defend_G","Defend_G","Strike_G","Strike_G","Strike_G","Strike_G","Strike_G","Survivor","Neutralize+1","AscendersBane","Dagger Throw","Dagger Spray","Dagger Spray","Caltrops+1","Footwork","Escape Plan","Prepared","Cloak And Dagger","Dodge and Roll","Dash","After Image","Distraction","Dash"],"special_seed":0,"relics":["Ring of the Snake","Nunchaku","PreservedInsect","Gambling Chip","Eternal Feather"],"potions_floor_usage":[16],"damage_taken":[{"damage":2.0,"enemies":"2 Louse","floor":1.0,"turns":6.0},{"damage":4.0,"enemies":"Cultist","floor":2.0,"turns":5.0},{"damage":3.0,"enemies":"Small Slimes","floor":3.0,"turns":2.0},{"damage":1.0,"enemies":"Looter","floor":4.0,"turns":4.0},{"damage":13.0,"enemies":"Large Slime","floor":7.0,"turns":7.0},{"damage":9.0,"enemies":"Blue Slaver","floor":8.0,"turns":4.0},{"damage":19.0,"enemies":"Exordium Thugs","floor":11.0,"turns":5.0},{"damage":17.0,"enemies":"Lots of Slimes","floor":13.0,"turns":3.0},{"damage":7.0,"enemies":"Lagavulin","floor":14.0,"turns":8.0},{"damage":14,"enemies":"Hexaghost","floor":16,"turns":14},{"damage":23,"enemies":"Chosen","floor":18,"turns":6},{"damage":26,"enemies":"2 Thieves","floor":20,"turns":5},{"damage":7,"enemies":"Cultist and Chosen","floor":21,"turns":4}],"seed_played":"-3270279835408865088","potions_obtained":[{"floor":2.0,"key":"Strength Potion"},{"floor":3.0,"key":"GhostInAJar"},{"floor":16,"key":"GhostInAJar"}],"is_trial":false,"path_per_floor":["M","M","M","M","$","R","M","M","T","R","M","R","M","E","R","B",null,"M","$","M"],"character_chosen":"THE_SILENT","items_purchased":["Footwork","Escape Plan","Distraction"],"campfire_rested":2,"item_purchase_floors":[5,5,19],"current_hp_per_floor":[57,53,50,49,49,49,36,27,27,27,8,27,10,3,22,8,52,29,29,3,0],"gold":63,"neow_bonus":"ONE_RARE_RELIC","is_prod":false,"is_daily":false,"chose_seed":false,"campfire_upgraded":2,"win_rate":0,"timestamp":1540308682,"path_taken":["M","M","M","M","$","R","M","M","T","R","M","R","M","E","R","BOSS","M","$","M","M"],"build_version":"2018-10-18","purchased_purges":1,"victory":false,"max_hp_per_floor":[66,66,66,66,66,66,66,66,66,66,66,66,66,66,66,66,66,66,66,66,66],"card_choices":[{"not_picked":["Terror","Endless Agony"],"picked":"Dagger Throw","floor":1.0},{"not_picked":["Catalyst","Quick Slash"],"picked":"Dagger Spray","floor":2.0},{"not_picked":["Prepared","Accuracy"],"picked":"Dagger Spray","floor":3.0},{"not_picked":["Finisher","Catalyst"],"picked":"Caltrops","floor":4.0},{"not_picked":["Flechettes","Dagger Spray","Eviscerate"],"picked":"SKIP","floor":7.0},{"not_picked":["Bullet Time","Endless Agony"],"picked":"Prepared","floor":8.0},{"not_picked":["Flying Knee","Dodge and Roll"],"picked":"Cloak And Dagger","floor":11.0},{"not_picked":["Concentrate","Quick Slash"],"picked":"Dodge and Roll","floor":13.0},{"not_picked":["Night Terror","Quick Slash"],"picked":"Dash","floor":14.0},{"not_picked":["Grand Finale","Unload"],"picked":"After Image","floor":16},{"not_picked":["Tactician","Sucker Punch","Terror+1"],"picked":"SKIP","floor":18},{"not_picked":["Expertise","Bouncing Flask+1"],"picked":"Dash","floor":20}],"player_experience":970942,"relics_obtained":[{"floor":9.0,"key":"PreservedInsect"},{"floor":14.0,"key":"Gambling Chip"}],"event_choices":[],"is_beta":false,"boss_relics":[{"not_picked":["Lizard Tail","HoveringKite"],"picked":"Eternal Feather"}],"items_purged_floors":[19],"is_endless":false,"potions_floor_spawned":[2,3,8,11,16,20],"killed_by":"Cultist and Chosen","ascension_level":15}