{"gold_per_floor":[109,127,140,95,115,115,132,162,188,205,221,24,24,34,34,138,138,148,148,98,112,129,163,163,163,188,214,230,80,100,0,0,95,95,107,107,107,117,137,137,137,192,265,282,282],"floor_reached":45,"playtime":8317,"items_purged":["Normality","Strike_R+1"],"score":484,"play_id":"b25be1e2-9084-45f7-9b51-9a7ef3196a67","local_time":"20181006023243","is_ascension_mode":false,"campfire_choices":[{"data":"Armaments","floor":6,"key":"SMITH"},{"data":"Disarm","floor":13,"key":"SMITH"},{"data":"Shockwave","floor":15,"key":"SMITH"},{"floor":24,"key":"REST"},{"data":"Havoc","floor":32,"key":"SMITH"},{"data":"Madness","floor":41,"key":"SMITH"}],"neow_cost":"NONE","seed_source_timestamp":47176220810700,"circlet_count":0,"master_deck":["Strike_R+1","Strike_R+1","Strike_R+1","Defend_R+1","Defend_R+1","Defend_R+1","Defend_R+1","Bash","Disarm+1","Shockwave+1","Armaments+1","Whirlwind","Reaper","Headbutt","Shrug It Off","Feed","Blood for Blood+1","Havoc+1","Clothesline","Iron Wave","Iron Wave+1","Ghostly Armor","Decay","Intimidate+1","Madness","Madness+1","Doubt","Writhe"],"relics":["Burning Blood","Whetstone","Bag of Preparation","MealTicket","Cursed Key","Bag of Marbles","Bronze Scales","Lantern","Mark of Pain","Happy Flower","Meat on the Bone"],"potions_floor_usage":[23,23,28,33,33,33,45,45],"damage_taken":[{"damage":0,"enemies":"2 Louse","floor":1,"turns":3},{"damage":3,"enemies":"Jaw Worm","floor":2,"turns":8},{"damage":3,"enemies":"Small Slimes","floor":3,"turns":4},{"damage":8,"enemies":"Looter","floor":4,"turns":5},{"damage":27,"enemies":"Lots of Slimes","floor":5,"turns":9},{"damage":3,"enemies":"3 Louse","floor":7,"turns":6},{"damage":37,"enemies":"3 Sentries","floor":8,"turns":10},{"damage":14,"enemies":"Large Slime","floor":10,"turns":9},{"damage":16,"enemies":"Looter","floor":11,"turns":4},{"damage":20,"enemies":"Gremlin Gang","floor":14,"turns":3},{"damage":19,"enemies":"The Guardian","floor":16,"turns":15},{"damage":4,"enemies":"3 Byrds","floor":18,"turns":4},{"damage":5,"enemies":"Shell Parasite","floor":21,"turns":6},{"damage":12,"enemies":"Snecko","floor":22,"turns":5},{"damage":57,"enemies":"Gremlin Leader","floor":23,"turns":6},{"damage":52,"enemies":"Slavers","floor":27,"turns":5},{"damage":13,"enemies":"Centurion and Healer","floor":28,"turns":8},{"damage":1,"enemies":"Snake Plant","floor":30,"turns":3},{"damage":26,"enemies":"Automaton","floor":33,"turns":12},{"damage":0,"enemies":"Orb Walker","floor":35,"turns":3},{"damage":15,"enemies":"3 Shapes","floor":38,"turns":5},{"damage":24,"enemies":"Transient","floor":39,"turns":5},{"damage":34,"enemies":"Sphere and 2 Shapes","floor":44,"turns":7},{"damage":74,"enemies":"Giant Head","floor":45,"turns":10}],"seed_played":"7888787363393153287","potions_obtained":[{"floor":2,"key":"Dexterity Potion"},{"floor":3,"key":"Swift Potion"},{"floor":7,"key":"GamblersBrew"},{"floor":10,"key":"BloodPotion"},{"floor":11,"key":"AttackPotion"},{"floor":23,"key":"PowerPotion"},{"floor":27,"key":"Fruit Juice"},{"floor":28,"key":"Swift Potion"},{"floor":30,"key":"Strength Potion"},{"floor":39,"key":"EssenceOfSteel"},{"floor":44,"key":"SkillPotion"}],"is_trial":false,"path_per_floor":["M","M","M","M","M","R","M","E","T","M","M","$","R","M","R","B",null,"M","?","?","M","M","E","R","?","T","E","M","$","M","$","R","B",null,"M","?","?","M","M","?","R","T","T","M"],"character_chosen":"IRONCLAD","items_purchased":["MealTicket","Ghostly Armor"],"campfire_rested":1,"item_purchase_floors":[12,29],"current_hp_per_floor":[80,80,80,78,57,57,60,29,29,28,22,22,22,26,26,18,80,83,67,67,68,71,34,61,61,61,33,40,50,55,65,65,52,99,99,99,99,90,78,66,66,66,66,53,0],"gold":282,"neow_bonus":"REMOVE_CARD","is_prod":false,"is_daily":false,"chose_seed":false,"campfire_upgraded":5,"win_rate":0,"timestamp":1538818363,"path_taken":["M","M","M","M","M","R","M","E","T","M","M","$","R","M","R","BOSS","M","?","?","M","M","E","R","?","T","E","M","$","M","$","R","BOSS","M","?","?","M","M","?","R","?","T","M","E"],"build_version":"2018-10-04v2","purchased_purges":2,"victory":false,"max_hp_per_floor":[80,80,80,80,80,80,80,80,80,80,80,80,80,80,80,80,80,83,88,88,88,91,91,91,91,91,91,99,99,99,99,99,99,99,99,99,99,99,99,99,99,99,99,99,99],"card_choices":[{"not_picked":["Thunderclap","Infernal Blade"],"picked":"Disarm","floor":1},{"not_picked":["Rupture","Twin Strike","Corruption"],"picked":"SKIP","floor":2},{"not_picked":["Rage","Body Slam","Sword Boomerang"],"picked":"SKIP","floor":3},{"not_picked":["Corruption","Body Slam"],"picked":"Shockwave","floor":4},{"not_picked":["Fire Breathing","Havoc"],"picked":"Armaments","floor":5},{"not_picked":["Hemokinesis","Wild Strike"],"picked":"Whirlwind","floor":7},{"not_picked":["Impervious","Carnage"],"picked":"Reaper","floor":8},{"not_picked":["Heavy Blade","Pummel","Hemokinesis"],"picked":"SKIP","floor":10},{"not_picked":["Flex","Body Slam"],"picked":"Headbutt","floor":11},{"not_picked":["Spot Weakness","Dropkick"],"picked":"Shrug It Off","floor":14},{"not_picked":["Berserk","Dark Embrace"],"picked":"Feed","floor":16},{"not_picked":["Warcry","Twin Strike"],"picked":"Blood for Blood+1","floor":18},{"not_picked":["Flex","Headbutt"],"picked":"Havoc","floor":21},{"not_picked":["Sword Boomerang","Heavy Blade"],"picked":"Clothesline","floor":22},{"not_picked":["Entrench","Searing Blow"],"picked":"Iron Wave","floor":23},{"not_picked":["Juggernaut","Clothesline","Sword Boomerang+1"],"picked":"SKIP","floor":27},{"not_picked":["Pummel","Pommel Strike+1"],"picked":"Iron Wave+1","floor":28},{"not_picked":["Entrench","Anger","Sword Boomerang+1"],"picked":"SKIP","floor":30},{"not_picked":["Anger+1","Second Wind+1","Rage+1"],"picked":"SKIP","floor":35},{"not_picked":["Bloodletting","Sever Soul+1","Corruption+1"],"picked":"SKIP","floor":38},{"not_picked":["Anger","Infernal Blade+1"],"picked":"Intimidate+1","floor":39},{"not_picked":["Sword Boomerang+1","Perfected Strike","Body Slam+1"],"picked":"SKIP","floor":44}],"player_experience":883468,"relics_obtained":[{"floor":8,"key":"Whetstone"},{"floor":9,"key":"Bag of Preparation"},{"floor":23,"key":"Bag of Marbles"},{"floor":26,"key":"Bronze Scales"},{"floor":27,"key":"Lantern"},{"floor":42,"key":"Happy Flower"},{"floor":43,"key":"Meat on the Bone"}],"event_choices":[{"event_name":"Forgotten Altar","player_choice":"Shed Blood","floor":19,"damage_taken":0},{"event_name":"The Joust","player_choice":"Bet on Murderer","floor":20,"damage_taken":0},{"event_name":"Back to Basics","player_choice":"Simplicity","floor":25,"damage_taken":0},{"event_name":"Wheel of Change","player_choice":"Curse","floor":36,"damage_taken":0},{"event_name":"SensoryStone","player_choice":"Memory 1","floor":37,"damage_taken":0},{"event_name":"Winding Halls","player_choice":"Embrace Madness","floor":40,"damage_taken":0}],"is_beta":false,"boss_relics":[{"not_picked":["Ectoplasm","Philosopher\u0027s Stone"],"picked":"Cursed Key"},{"not_picked":["Runic Dome","Sozu"],"picked":"Mark of Pain"}],"items_purged_floors":[29,31],"is_endless":false,"potions_floor_spawned":[2,3,7,10,11,23,27,28,30,39,44],"killed_by":"Giant Head","ascension_level":0}