{"gold_per_floor":[117,127,144,104,123,123,123,48,48,65,85,85,111,111,111,111],"floor_reached":16,"playtime":3522,"items_purged":["Strike_G"],"score":175,"play_id":"db122fea-4632-4ee6-b9f7-0b13daa77377","local_time":"20190129230922","is_ascension_mode":true,"campfire_choices":[{"data":"Venomology","floor":6.0,"key":"SMITH"},{"data":"Dagger Spray","floor":12.0,"key":"SMITH"},{"data":"Well Laid Plans","floor":15,"key":"SMITH"}],"neow_cost":"NONE","seed_source_timestamp":7090245667570,"circlet_count":0,"master_deck":["AscendersBane","Defend_G","Defend_G","Defend_G","Defend_G","Defend_G","Strike_G","Strike_G","Strike_G","Survivor","Neutralize+1","Venomology+1","Dagger Spray+1","Well Laid Plans+1","Deflect","Escape Plan"],"special_seed":0,"relics":["Ring of the Snake","Singing Bowl","Juzu Bracelet"],"potions_floor_usage":[16,16,16],"damage_taken":[{"damage":2.0,"enemies":"Jaw Worm","floor":1.0,"turns":7.0},{"damage":16.0,"enemies":"Cultist","floor":2.0,"turns":7.0},{"damage":0.0,"enemies":"2 Louse","floor":3.0,"turns":2.0},{"damage":9.0,"enemies":"Looter","floor":4.0,"turns":4.0},{"damage":2.0,"enemies":"Lots of Slimes","floor":5.0,"turns":4.0},{"damage":6.0,"enemies":"3 Louse","floor":10.0,"turns":5.0},{"damage":0.0,"enemies":"Blue Slaver","floor":11.0,"turns":6.0},{"damage":33,"enemies":"Slime Boss","floor":16,"turns":13}],"seed_played":"8423080533642454329","potions_obtained":[{"floor":1.0,"key":"PowerPotion"},{"floor":5.0,"key":"GhostInAJar"}],"is_trial":false,"path_per_floor":["M","M","M","M","M","R","?","$","T","M","M","R","T","?","R","B"],"character_chosen":"THE_SILENT","items_purchased":[],"campfire_rested":0,"item_purchase_floors":[],"current_hp_per_floor":[57,41,41,32,30,30,30,30,30,26,28,28,28,28,28,0],"gold":111,"neow_bonus":"TRANSFORM_CARD","is_prod":false,"is_daily":false,"chose_seed":false,"campfire_upgraded":3,"win_rate":0,"timestamp":1548832162,"path_taken":["M","M","M","M","M","R","?","$","T","?","M","R","?","?","R","BOSS"],"build_version":"2019-01-23","purchased_purges":1,"victory":false,"max_hp_per_floor":[66,66,66,66,66,66,66,66,66,68,70,70,70,70,70,70],"card_choices":[{"not_picked":["Prepared","Endless Agony","Outmaneuver"],"picked":"SKIP","floor":1.0},{"not_picked":["Heel Hook","Acrobatics"],"picked":"Dagger Spray","floor":2.0},{"not_picked":["Dagger Spray","Sucker Punch"],"picked":"Well Laid Plans","floor":3.0},{"not_picked":["Slice","PiercingWail"],"picked":"Deflect","floor":4.0},{"not_picked":["Deadly Poison","Bouncing Flask"],"picked":"Escape Plan","floor":5.0},{"not_picked":["Heel Hook","Eviscerate","Underhanded Strike"],"picked":"Singing Bowl","floor":10.0},{"not_picked":["Masterful Stab","Dagger Throw","Poisoned Stab"],"picked":"Singing Bowl","floor":11.0}],"player_experience":1173940,"relics_obtained":[{"floor":9.0,"key":"Singing Bowl"},{"floor":13.0,"key":"Juzu Bracelet"}],"event_choices":[{"damage_healed":0.0,"max_hp_gain":0.0,"max_hp_loss":0.0,"gold_gain":0.0,"event_name":"Upgrade Shrine","player_choice":"Upgraded","floor":7.0,"gold_loss":0.0,"damage_taken":0.0,"cards_upgraded":["Neutralize"]},{"damage_healed":0,"gold_gain":0,"player_choice":"Searched \u00270\u0027 times","damage_taken":0,"max_hp_gain":0,"max_hp_loss":0,"event_name":"Dead Adventurer","floor":14,"gold_loss":0}],"is_beta":false,"boss_relics":[],"items_purged_floors":[8],"is_endless":false,"potions_floor_spawned":[1,5,10],"killed_by":"Slime Boss","ascension_level":18}