{"gold_per_floor":[113,113,63,74,92,92,126,156,156,156,156,175,175,188,188,188],"floor_reached":16,"playtime":648,"items_purged":[],"score":176,"play_id":"e1507ea7-17e6-492f-9add-04f9f45c3732","local_time":"20190201200647","is_ascension_mode":true,"campfire_choices":[{"data":"Seeing Red","floor":6.0,"key":"SMITH"},{"data":"Fire Breathing","floor":10.0,"key":"SMITH"},{"data":"Bash","floor":11.0,"key":"SMITH"},{"floor":15.0,"key":"REST"}],"neow_cost":"TEN_PERCENT_HP_LOSS","seed_source_timestamp":35074063744501,"circlet_count":0,"master_deck":["AscendersBane","Strike_R","Strike_R","Strike_R","Defend_R","Defend_R","Defend_R+1","Bash+1","Fire Breathing+1","Burning Pact","Body Slam+1","Clash","Seeing Red+1","Cleave","Iron Wave+1"],"special_seed":0,"relics":["Burning Blood","WingedGreaves","Pocketwatch","Ice Cream"],"potions_floor_usage":[],"damage_taken":[{"damage":19.0,"enemies":"Jaw Worm","floor":1.0,"turns":5.0},{"damage":12.0,"enemies":"2 Louse","floor":4.0,"turns":3.0},{"damage":1.0,"enemies":"Cultist","floor":5.0,"turns":3.0},{"damage":27.0,"enemies":"Gremlin Nob","floor":7.0,"turns":4.0},{"damage":20.0,"enemies":"3 Sentries","floor":8.0,"turns":7.0},{"damage":12.0,"enemies":"Looter","floor":12.0,"turns":3.0},{"damage":0.0,"enemies":"Lots of Slimes","floor":14.0,"turns":3.0},{"damage":35,"enemies":"Slime Boss","floor":16,"turns":5}],"seed_played":"-4466557302175606168","potions_obtained":[{"floor":1.0,"key":"Swift Potion"},{"floor":12.0,"key":"SkillPotion"}],"is_trial":false,"path_per_floor":["M","?","?","M","M","R","E","E","T","R","R","M","?","M","R","B"],"character_chosen":"IRONCLAD","items_purchased":[],"campfire_rested":1,"item_purchase_floors":[],"current_hp_per_floor":[59,59,59,53,58,58,37,23,23,23,23,17,3,9,30,0],"gold":188,"neow_bonus":"TRANSFORM_TWO_CARDS","is_prod":false,"is_daily":false,"chose_seed":false,"campfire_upgraded":3,"win_rate":0,"timestamp":1549048007,"path_taken":["M","?","?","?","?","R","E","E","T","R","R","M","?","M","R","BOSS"],"build_version":"2019-01-23","purchased_purges":0,"victory":false,"max_hp_per_floor":[72,72,72,72,72,72,72,72,72,72,72,72,72,72,72,72],"card_choices":[{"not_picked":["Power Through","Headbutt"],"picked":"Body Slam","floor":1.0},{"not_picked":["Combust","Armaments"],"picked":"Clash","floor":4.0},{"not_picked":["Flex","True Grit"],"picked":"Seeing Red","floor":5.0},{"not_picked":["Clothesline","Blood for Blood"],"picked":"Cleave","floor":7.0},{"not_picked":["Infernal Blade","Entrench","Whirlwind"],"picked":"SKIP","floor":8.0},{"not_picked":["Feel No Pain","Seeing Red"],"picked":"Iron Wave","floor":12.0},{"not_picked":["Cleave","Searing Blow","Intimidate"],"picked":"SKIP","floor":14.0}],"player_experience":246564,"relics_obtained":[{"floor":7.0,"key":"WingedGreaves"},{"floor":8.0,"key":"Pocketwatch"},{"floor":9.0,"key":"Ice Cream"}],"event_choices":[{"damage_healed":0.0,"max_hp_gain":0.0,"max_hp_loss":0.0,"gold_gain":0.0,"event_name":"Living Wall","player_choice":"Grow","floor":2.0,"gold_loss":0.0,"damage_taken":0.0,"cards_upgraded":["Body Slam"]},{"cards_removed":["Defend_R"],"damage_healed":0.0,"max_hp_gain":0.0,"max_hp_loss":0.0,"gold_gain":0.0,"event_name":"The Cleric","player_choice":"Card Removal","floor":3.0,"gold_loss":50.0,"damage_taken":0.0},{"damage_healed":0.0,"max_hp_gain":0.0,"max_hp_loss":0.0,"gold_gain":0.0,"event_name":"Shining Light","player_choice":"Entered Light","floor":13.0,"gold_loss":0.0,"damage_taken":14.0,"cards_upgraded":["Iron Wave","Defend_R"]}],"is_beta":false,"boss_relics":[],"items_purged_floors":[],"is_endless":false,"potions_floor_spawned":[1,12],"killed_by":"Slime Boss","ascension_level":12}