{"gold_per_floor":[117,132,150,37,37,37,64,64,64,64,82,110,123,137,137,232,232,249,174,187,197,213,213,228,228,252,278,278,278,278,5,5,101,101,115,95,115,115,115,115,115,115,115,127,77,96,96,142,142,142],"floor_reached":50,"playtime":3737,"items_purged":["Writhe"],"score":792,"play_id":"8245b37d-27fb-4d2e-a8c4-1040dd594f8b","local_time":"20190418133320","is_ascension_mode":true,"campfire_choices":[{"data":"Glass Knife","floor":6.0,"key":"SMITH"},{"data":"All Out Attack","floor":8.0,"key":"SMITH"},{"data":"Cloak And Dagger","floor":10.0,"key":"SMITH"},{"data":"Cloak And Dagger","floor":15.0,"key":"SMITH"},{"data":"Terror","floor":23.0,"key":"SMITH"},{"data":"Cloak And Dagger","floor":25.0,"key":"SMITH"},{"data":"Envenom","floor":29,"key":"SMITH"},{"data":"Neutralize","floor":32,"key":"SMITH"},{"data":"Burst","floor":40,"key":"SMITH"},{"data":"Noxious Fumes","floor":49,"key":"SMITH"}],"neow_cost":"CURSE","seed_source_timestamp":3743550475498,"circlet_count":0,"master_deck":["AscendersBane","Defend_G+1","Defend_G","Defend_G","Defend_G+1","Survivor","Neutralize+1","Glass Knife+1","Cloak And Dagger+1","Cloak And Dagger+1","All Out Attack+1","Noxious Fumes+1","Terror+1","Poisoned Stab","Cloak And Dagger+1","Calculated Gamble","Envenom+1","Die Die Die+1","Dodge and Roll+1","Corpse Explosion+1","PiercingWail","Flash of Steel","Secret Technique","Burst+1","Blur"],"special_seed":0,"relics":["Ring of the Snake","Blue Candle","Ornamental Fan","Mango","Astrolabe","Omamori","War Paint","Centennial Puzzle","Coffee Dripper","Kunai","Prayer Wheel"],"potions_floor_usage":[27,33,44,44,48,50],"damage_taken":[{"damage":0.0,"enemies":"Cultist","floor":1.0,"turns":4.0},{"damage":0.0,"enemies":"Small Slimes","floor":2.0,"turns":3.0},{"damage":0.0,"enemies":"2 Louse","floor":3.0,"turns":4.0},{"damage":12.0,"enemies":"Gremlin Nob","floor":7.0,"turns":3.0},{"damage":0.0,"enemies":"2 Fungi Beasts","floor":11.0,"turns":2.0},{"damage":14.0,"enemies":"Lagavulin","floor":12.0,"turns":6.0},{"damage":0.0,"enemies":"Exordium Thugs","floor":13.0,"turns":3.0},{"damage":0.0,"enemies":"Looter","floor":14.0,"turns":1.0},{"damage":4.0,"enemies":"The Guardian","floor":16.0,"turns":11.0},{"damage":20.0,"enemies":"2 Thieves","floor":18.0,"turns":2.0},{"damage":30.0,"enemies":"Spheric Guardian","floor":20.0,"turns":6.0},{"damage":9.0,"enemies":"Centurion and Healer","floor":21.0,"turns":7.0},{"damage":0.0,"enemies":"Cultist and Chosen","floor":22.0,"turns":3.0},{"damage":5.0,"enemies":"3 Cultists","floor":24.0,"turns":3.0},{"damage":2,"enemies":"Gremlin Leader","floor":27,"turns":5},{"damage":43,"enemies":"Collector","floor":33,"turns":12},{"damage":0,"enemies":"3 Shapes","floor":35,"turns":4},{"damage":10,"enemies":"3 Darklings","floor":37,"turns":3},{"damage":9,"enemies":"Sphere and 2 Shapes","floor":44,"turns":9},{"damage":0,"enemies":"Spire Growth","floor":46,"turns":6},{"damage":2,"enemies":"2 Orb Walkers","floor":48,"turns":2},{"damage":66,"enemies":"Time Eater","floor":50,"turns":15}],"seed_played":"-8770733845859905930","potions_obtained":[{"floor":1.0,"key":"Dexterity Potion"},{"floor":11.0,"key":"Block Potion"},{"floor":12.0,"key":"Energy Potion"},{"floor":13.0,"key":"LiquidBronze"},{"floor":18.0,"key":"Regen Potion"},{"floor":22.0,"key":"Strength Potion"},{"floor":33,"key":"Swift Potion"},{"floor":36,"key":"Swift Potion"},{"floor":46,"key":"Block Potion"}],"is_trial":false,"path_per_floor":["M","M","M","$","?","R","E","R","T","R","M","E","M","M","R","B",null,"M","?","M","M","M","R","M","R","T","E","?","R","?","$","R","B",null,"M","?","M","?","$","R","?","?","T","M","$","M","$","?","R","B"],"character_chosen":"THE_SILENT","items_purchased":["Noxious Fumes","Flash of Steel","Secret Technique","Dexterity Potion"],"campfire_rested":0,"item_purchase_floors":[4,31,31,45],"current_hp_per_floor":[63,63,63,63,63,63,51,51,51,51,51,51,51,51,51,47,75,55,55,39,30,30,30,25,25,25,23,23,23,51,51,51,8,65,65,65,55,76,76,76,76,76,76,67,67,67,67,65,65,0],"gold":142,"neow_bonus":"THREE_RARE_CARDS","is_prod":false,"is_daily":false,"chose_seed":false,"campfire_upgraded":10,"win_rate":0,"timestamp":1555612400,"path_taken":["M","M","?","$","?","R","E","R","T","R","M","E","M","M","R","BOSS","M","?","M","M","M","R","M","R","T","E","?","R","?","$","R","BOSS","M","?","?","?","$","R","?","?","T","M","?","?","$","?","R","BOSS"],"build_version":"2019-01-23","purchased_purges":1,"victory":false,"max_hp_per_floor":[70,70,70,70,70,70,70,70,70,70,70,84,84,84,84,84,84,84,84,84,84,84,84,84,84,84,84,84,84,84,84,84,84,84,84,84,84,84,84,84,84,84,84,84,84,84,84,84,84,84],"card_choices":[{"not_picked":["Adrenaline","Doppelganger"],"picked":"Glass Knife","floor":0.0},{"not_picked":["Bane","Deadly Poison"],"picked":"Cloak And Dagger","floor":1.0},{"not_picked":["Tactician","Dagger Spray"],"picked":"Cloak And Dagger","floor":2.0},{"not_picked":["Eviscerate","Prepared"],"picked":"All Out Attack","floor":3.0},{"not_picked":["Blade Dance","Riddle With Holes"],"picked":"Poisoned Stab","floor":7.0},{"not_picked":["Underhanded Strike","Acrobatics"],"picked":"Cloak And Dagger","floor":11.0},{"not_picked":["Poisoned Stab","Distraction"],"picked":"Calculated Gamble","floor":12.0},{"not_picked":["Underhanded Strike","Dagger Spray","Expertise"],"picked":"SKIP","floor":13.0},{"not_picked":["Tools of the Trade","Bouncing Flask","Outmaneuver"],"picked":"SKIP","floor":14.0},{"not_picked":["Tools of the Trade","Wraith Form v2"],"picked":"Envenom","floor":16.0},{"not_picked":["Cloak And Dagger","Outmaneuver","Terror"],"picked":"SKIP","floor":18.0},{"not_picked":["Choke","Noxious Fumes","Sucker Punch"],"picked":"SKIP","floor":20.0},{"not_picked":["Reflex","Quick Slash"],"picked":"PiercingWail","floor":21.0},{"not_picked":["Prepared+1","Eviscerate+1","Quick Slash+1"],"picked":"SKIP","floor":22.0},{"not_picked":["Flechettes","Outmaneuver","Prepared"],"picked":"SKIP","floor":24.0},{"not_picked":["Deflect","Flying Knee","Flechettes"],"picked":"SKIP","floor":27},{"not_picked":["Wraith Form v2","Unload"],"picked":"Burst","floor":33},{"not_picked":["Tactician","Underhanded Strike+1","Bane"],"picked":"SKIP","floor":35},{"not_picked":["Noxious Fumes","Deadly Poison+1","Escape Plan"],"picked":"SKIP","floor":37},{"not_picked":["Underhanded Strike+1","Cloak And Dagger","Poisoned Stab"],"picked":"SKIP","floor":44},{"not_picked":["Dash","Slice"],"picked":"Blur","floor":46}],"player_experience":762178,"relics_obtained":[{"floor":7.0,"key":"Blue Candle"},{"floor":9.0,"key":"Ornamental Fan"},{"floor":12.0,"key":"Mango"},{"floor":26.0,"key":"Omamori"},{"floor":27,"key":"War Paint"},{"floor":43,"key":"Kunai"},{"floor":48,"key":"Prayer Wheel"}],"event_choices":[{"damage_healed":0.0,"max_hp_gain":0.0,"max_hp_loss":0.0,"gold_gain":0.0,"cards_transformed":["Strike_G"],"event_name":"Transmorgrifier","player_choice":"Transformed","floor":5.0,"gold_loss":0.0,"damage_taken":0.0,"cards_obtained":["Terror"]},{"cards_removed":["Strike_G"],"damage_healed":0.0,"max_hp_gain":0.0,"max_hp_loss":0.0,"gold_gain":0.0,"event_name":"Beggar","player_choice":"Gave Gold","floor":19.0,"gold_loss":75.0,"damage_taken":0.0},{"damage_healed":0,"gold_gain":0,"player_choice":"Stole Relic","damage_taken":0,"relics_obtained":["Centennial Puzzle"],"max_hp_gain":0,"max_hp_loss":0,"event_name":"Addict","floor":28,"gold_loss":0,"cards_obtained":["Shame"]},{"damage_healed":28,"gold_gain":0,"player_choice":"Heal","damage_taken":0,"max_hp_gain":0,"max_hp_loss":0,"event_name":"The Library","floor":30,"gold_loss":0},{"damage_healed":0,"gold_gain":0,"player_choice":"Bought 1 Potion","damage_taken":0,"max_hp_gain":0,"max_hp_loss":0,"event_name":"The Woman in Blue","floor":36,"gold_loss":0},{"damage_healed":21,"gold_gain":0,"player_choice":"Writhe","damage_taken":0,"max_hp_gain":0,"max_hp_loss":0,"event_name":"Winding Halls","floor":38,"gold_loss":0,"cards_obtained":["Writhe"]},{"damage_healed":0,"gold_gain":0,"player_choice":"Ignored","damage_taken":0,"max_hp_gain":0,"max_hp_loss":0,"event_name":"Tomb of Lord Red Mask","floor":41,"gold_loss":0},{"cards_removed":["Defend_G"],"damage_healed":0,"gold_gain":0,"player_choice":"Removed Skill","damage_taken":0,"max_hp_gain":0,"max_hp_loss":0,"event_name":"Falling","floor":42,"gold_loss":0},{"damage_healed":0,"gold_gain":0,"player_choice":"Fight","damage_taken":0,"max_hp_gain":0,"max_hp_loss":0,"event_name":"Mysterious Sphere","floor":48,"gold_loss":0}],"is_beta":false,"boss_relics":[{"not_picked":["Fusion Hammer","Empty Cage"],"picked":"Astrolabe"},{"not_picked":["Eternal Feather","Calling Bell"],"picked":"Coffee Dripper"}],"items_purged_floors":[4],"is_endless":false,"potions_floor_spawned":[1,11,12,13,18,22,33,37,46],"killed_by":"Time Eater","ascension_level":12}