{"gold_per_floor":[219,231,306,321,38,38,38,38,38,57,68,84,96,114,114,114],"floor_reached":16,"playtime":940,"items_purged":["Strike_R"],"score":96,"play_id":"889b92c9-25f8-4987-bb70-8c4baf6ae59c","local_time":"20180822120924","is_ascension_mode":false,"campfire_choices":[{"data":"Secret Weapon","floor":6,"key":"SMITH"},{"data":"Iron Wave","floor":8,"key":"SMITH"},{"data":"Flame Barrier","floor":15,"key":"SMITH"}],"neow_cost":"NONE","seed_source_timestamp":3610747992195,"circlet_count":0,"master_deck":["Strike_R","Strike_R","Strike_R","Defend_R","Defend_R","Defend_R","Defend_R","Bash","Iron Wave+1","Thunderclap","Secret Weapon+1","Flame Barrier+1","Shrug It Off","Immolate"],"relics":["Burning Blood"],"potions_floor_usage":[12,13,16],"damage_taken":[{"damage":11,"enemies":"Jaw Worm","floor":1,"turns":2},{"damage":5,"enemies":"2 Louse","floor":2,"turns":3},{"damage":6,"enemies":"Cultist","floor":4,"turns":3},{"damage":7,"enemies":"Blue Slaver","floor":10,"turns":3},{"damage":1,"enemies":"3 Louse","floor":11,"turns":3},{"damage":0,"enemies":"2 Fungi Beasts","floor":12,"turns":3},{"damage":0,"enemies":"Lots of Slimes","floor":13,"turns":3},{"damage":10,"enemies":"Exordium Thugs","floor":14,"turns":2},{"damage":73,"enemies":"Hexaghost","floor":16,"turns":12}],"seed_played":"-6121796128921814454","potions_obtained":[{"floor":10,"key":"AttackPotion"},{"floor":12,"key":"SkillPotion"},{"floor":13,"key":"SteroidPotion"}],"is_trial":false,"path_per_floor":["M","M","?","M","$","R","?","R","T","M","M","M","M","M","R"],"character_chosen":"IRONCLAD","items_purchased":["Secret Weapon"],"campfire_rested":0,"item_purchase_floors":[5],"current_hp_per_floor":[75,76,65,65,65,65,58,58,58,57,62,68,74,70,70,0],"gold":114,"neow_bonus":"HUNDRED_GOLD","is_prod":false,"is_daily":false,"chose_seed":false,"campfire_upgraded":3,"win_rate":0,"timestamp":1534957764,"path_taken":["M","M","?","?","$","R","?","R","T","M","M","M","M","?","R","BOSS"],"build_version":"2018-08-16","purchased_purges":1,"victory":false,"max_hp_per_floor":[80,80,80,80,80,80,80,80,80,80,80,80,80,80,80,80],"card_choices":[{"not_picked":["Havoc","Pummel"],"picked":"Iron Wave","floor":1},{"not_picked":["True Grit","Heavy Blade","Iron Wave"],"picked":"SKIP","floor":2},{"not_picked":["Cleave","Clash"],"picked":"Thunderclap","floor":4},{"not_picked":["Anger","Wild Strike"],"picked":"Flame Barrier","floor":10},{"not_picked":["Perfected Strike","Searing Blow","Power Through"],"picked":"SKIP","floor":11},{"not_picked":["True Grit","Feel No Pain"],"picked":"Shrug It Off","floor":12},{"not_picked":["Armaments","True Grit"],"picked":"Immolate","floor":13},{"not_picked":["Wild Strike","Body Slam","Thunderclap"],"picked":"SKIP","floor":14}],"player_experience":365871,"relics_obtained":[],"event_choices":[{"event_name":"World of Goop","player_choice":"Gather Gold","floor":3,"damage_taken":0},{"event_name":"Golden Wing","player_choice":"Card Removal","floor":7,"damage_taken":0}],"is_beta":false,"boss_relics":[],"items_purged_floors":[5],"is_endless":false,"potions_floor_spawned":[10,12,13],"killed_by":"Hexaghost","ascension_level":0}