{"gold_per_floor":[117,129,140,151,165,165,191,205,205,205,223,223,251,265,265,342,342,357,357,357],"floor_reached":20,"playtime":760,"items_purged":[],"score":376,"play_id":"09c5746e-2d94-4d9c-b76d-4b95d0035a34","local_time":"20190308164907","is_ascension_mode":true,"campfire_choices":[{"data":"Uppercut","floor":6.0,"key":"SMITH"},{"data":"Metallicize","floor":10.0,"key":"SMITH"},{"data":"Whirlwind","floor":12.0,"key":"SMITH"},{"data":"Demon Form","floor":15.0,"key":"SMITH"}],"neow_cost":"NONE","seed_source_timestamp":27184674279451,"circlet_count":0,"master_deck":["AscendersBane","Strike_R","Strike_R","Strike_R","Strike_R","Defend_R","Defend_R","Defend_R","Defend_R","Bash","Pommel Strike","Carnage","Uppercut+1","Metallicize+1","Spot Weakness","Ghostly Armor","Whirlwind+1","Demon Form+1","Anger"],"special_seed":0,"relics":["Burning Blood","Gremlin Horn","Pantograph","FossilizedHelix","Runic Pyramid","Enchiridion"],"potions_floor_usage":[20],"damage_taken":[{"damage":8.0,"enemies":"Jaw Worm","floor":1.0,"turns":8.0},{"damage":10.0,"enemies":"Small Slimes","floor":2.0,"turns":4.0},{"damage":1.0,"enemies":"Cultist","floor":3.0,"turns":3.0},{"damage":17.0,"enemies":"Looter","floor":4.0,"turns":3.0},{"damage":10.0,"enemies":"Blue Slaver","floor":5.0,"turns":5.0},{"damage":24.0,"enemies":"3 Sentries","floor":7.0,"turns":11.0},{"damage":1.0,"enemies":"3 Louse","floor":8.0,"turns":3.0},{"damage":5.0,"enemies":"2 Fungi Beasts","floor":11.0,"turns":4.0},{"damage":2.0,"enemies":"Gremlin Nob","floor":13.0,"turns":3.0},{"damage":9.0,"enemies":"Looter","floor":14.0,"turns":4.0},{"damage":22.0,"enemies":"Hexaghost","floor":16.0,"turns":8.0},{"damage":46.0,"enemies":"Spheric Guardian","floor":18.0,"turns":8.0},{"damage":14,"enemies":"3 Byrds","floor":20,"turns":2}],"seed_played":"-3461588102959346466","potions_obtained":[{"floor":3.0,"key":"GamblersBrew"},{"floor":7.0,"key":"Swift Potion"},{"floor":8.0,"key":"Explosive Potion"},{"floor":13.0,"key":"FearPotion"},{"floor":14.0,"key":"SpeedPotion"}],"is_trial":false,"path_per_floor":["M","M","M","M","M","R","E","M","T","R","M","R","E","M","R","B",null,"M","?","M"],"character_chosen":"IRONCLAD","items_purchased":[],"campfire_rested":0,"item_purchase_floors":[],"current_hp_per_floor":[66,62,67,56,52,52,34,39,39,39,40,40,44,41,41,50,69,29,8,0],"gold":357,"neow_bonus":"REMOVE_CARD","is_prod":false,"is_daily":false,"chose_seed":false,"campfire_upgraded":4,"win_rate":0,"timestamp":1552092547,"path_taken":["M","M","M","M","M","R","E","M","T","R","M","R","E","M","R","BOSS","M","?","M"],"build_version":"2019-01-23","purchased_purges":0,"victory":false,"max_hp_per_floor":[75,75,75,75,75,75,75,75,75,75,75,75,75,75,75,75,75,75,75,75],"card_choices":[{"not_picked":["Heavy Blade","Sword Boomerang"],"picked":"Pommel Strike","floor":1.0},{"not_picked":["Sword Boomerang","Second Wind"],"picked":"Carnage","floor":2.0},{"not_picked":["Intimidate","Searing Blow","Bloodletting"],"picked":"SKIP","floor":3.0},{"not_picked":["Anger","Havoc"],"picked":"Uppercut","floor":4.0},{"not_picked":["Spot Weakness","Power Through"],"picked":"Metallicize","floor":5.0},{"not_picked":["Flex","Infernal Blade"],"picked":"Spot Weakness","floor":7.0},{"not_picked":["Heavy Blade","Second Wind"],"picked":"Ghostly Armor","floor":8.0},{"not_picked":["Pommel Strike","Clothesline"],"picked":"Whirlwind","floor":11.0},{"not_picked":["Twin Strike","Headbutt"],"picked":"Demon Form","floor":13.0},{"not_picked":["Body Slam","Warcry","Rampage"],"picked":"SKIP","floor":14.0},{"not_picked":["Sentinel","Pommel Strike"],"picked":"Anger","floor":18.0}],"player_experience":1250610,"relics_obtained":[{"floor":7.0,"key":"Gremlin Horn"},{"floor":9.0,"key":"Pantograph"},{"floor":13.0,"key":"FossilizedHelix"},{"floor":19.0,"key":"Enchiridion"}],"event_choices":[{"damage_healed":0.0,"max_hp_gain":0.0,"max_hp_loss":0.0,"gold_gain":0.0,"event_name":"Cursed Tome","player_choice":"Obtained Book","floor":19.0,"gold_loss":0.0,"damage_taken":21.0}],"is_beta":false,"boss_relics":[{"not_picked":["Black Blood","Tiny House"],"picked":"Runic Pyramid"}],"items_purged_floors":[],"is_endless":false,"potions_floor_spawned":[3,7,8,11,13,14,16],"killed_by":"3 Byrds","ascension_level":20}