{"gold_per_floor":[359,376,8,8,22,47,47,59,59,69,87,116,171,27,27,132,132,132,132,132,47,47,47,47,47,47,47,47,47,47,47],"floor_reached":31,"playtime":2092,"items_purged":["Normality"],"score":421,"play_id":"483a6d01-3ebe-44a5-bf89-0e323f91d1a5","local_time":"20190416172924","is_ascension_mode":true,"campfire_choices":[{"data":"Neutralize","floor":7.0,"key":"SMITH"},{"floor":15.0,"key":"REST"},{"data":"After Image","floor":23.0,"key":"SMITH"},{"floor":27,"key":"REST"}],"neow_cost":"CURSE","seed_source_timestamp":1219955743241,"circlet_count":0,"master_deck":["AscendersBane","Defend_G","Defend_G","Defend_G","Defend_G+1","Defend_G","Strike_G+1","Strike_G","Strike_G","Survivor","Neutralize+1","Poisoned Stab+1","Cloak And Dagger+1","Terror+1","Backflip","Deflect","Noxious Fumes","Bane","Envenom","After Image","After Image+1","Catalyst","Grand Finale","Calculated Gamble","Well Laid Plans","PiercingWail"],"special_seed":0,"relics":["Ring of the Snake","Mercury Hourglass","War Paint","Question Card","Unceasing Top","Mummified Hand","Ectoplasm","Art of War","Dodecahedron","Whetstone","GremlinMask"],"potions_floor_usage":[31,31],"damage_taken":[{"damage":1.0,"enemies":"Small Slimes","floor":1.0,"turns":5.0},{"damage":6.0,"enemies":"Cultist","floor":2.0,"turns":4.0},{"damage":7.0,"enemies":"Jaw Worm","floor":5.0,"turns":3.0},{"damage":22.0,"enemies":"3 Sentries","floor":6.0,"turns":6.0},{"damage":1.0,"enemies":"Exordium Wildlife","floor":8.0,"turns":3.0},{"damage":0.0,"enemies":"Looter","floor":10.0,"turns":3.0},{"damage":0.0,"enemies":"3 Louse","floor":11.0,"turns":3.0},{"damage":17.0,"enemies":"Gremlin Nob","floor":12.0,"turns":4.0},{"damage":12.0,"enemies":"Lagavulin Event","floor":13.0,"turns":6.0},{"damage":3.0,"enemies":"Slime Boss","floor":16.0,"turns":8.0},{"damage":0.0,"enemies":"Chosen","floor":18.0,"turns":4.0},{"damage":0.0,"enemies":"Spheric Guardian","floor":20.0,"turns":5.0},{"damage":40.0,"enemies":"Gremlin Leader","floor":24.0,"turns":8.0},{"damage":0,"enemies":"Snake Plant","floor":25,"turns":4},{"damage":17,"enemies":"Slavers","floor":31,"turns":3}],"seed_played":"-6179945977896476502","potions_obtained":[{"floor":6.0,"key":"Fruit Juice"},{"floor":8.0,"key":"Swift Potion"},{"floor":11.0,"key":"Weak Potion"},{"floor":16.0,"key":"Ancient Potion"},{"floor":24.0,"key":"Energy Potion"}],"is_trial":false,"path_per_floor":["M","M","$","?","M","E","R","M","T","M","M","E","?","$","R","B",null,"M","?","M","?","?","R","E","M","T","R","?","?","?","E"],"character_chosen":"THE_SILENT","items_purchased":["Mercury Hourglass","Cloak And Dagger","After Image"],"campfire_rested":2,"item_purchase_floors":[3,3,14],"current_hp_per_floor":[62,56,56,56,49,27,27,31,31,31,31,14,2,2,24,21,62,62,62,62,62,48,48,8,8,8,30,16,16,16,0],"gold":47,"neow_bonus":"TWO_FIFTY_GOLD","is_prod":false,"is_daily":false,"chose_seed":false,"campfire_upgraded":2,"win_rate":0,"timestamp":1555453764,"path_taken":["M","M","$","?","M","E","R","M","T","M","?","E","?","$","R","BOSS","M","?","M","?","?","R","E","?","T","R","?","?","?","E"],"build_version":"2019-01-23","purchased_purges":1,"victory":false,"max_hp_per_floor":[70,70,70,70,70,70,70,75,75,75,75,75,75,75,75,75,75,75,75,75,75,75,75,75,75,75,75,80,80,80,80],"card_choices":[{"not_picked":["Blade Dance","Catalyst"],"picked":"Poisoned Stab","floor":1.0},{"not_picked":["Sucker Punch","Underhanded Strike","Concentrate"],"picked":"SKIP","floor":2.0},{"not_picked":["Calculated Gamble","Bane"],"picked":"Terror","floor":5.0},{"not_picked":["Flying Knee","Poisoned Stab"],"picked":"Backflip","floor":6.0},{"not_picked":["Blade Dance","Prepared"],"picked":"Deflect","floor":8.0},{"not_picked":["Finisher","Deadly Poison","Poisoned Stab"],"picked":"Noxious Fumes","floor":10.0},{"not_picked":["Dagger Throw","Outmaneuver","Eviscerate"],"picked":"Bane","floor":11.0},{"not_picked":["Dash","Storm of Steel","Calculated Gamble"],"picked":"Envenom","floor":12.0},{"not_picked":["Grand Finale","Envenom","Unload"],"picked":"After Image","floor":16.0},{"not_picked":["Sucker Punch","Prepared","Dash"],"picked":"Catalyst","floor":18.0},{"not_picked":["Acrobatics","Dagger Spray","Poisoned Stab+1"],"picked":"Well Laid Plans","floor":20.0},{"not_picked":["Dagger Spray","Sucker Punch","Dodge and Roll"],"picked":"PiercingWail","floor":24.0},{"not_picked":["Poisoned Stab+1","Dagger Throw","All Out Attack","Backflip"],"picked":"SKIP","floor":25}],"player_experience":758684,"relics_obtained":[{"floor":6.0,"key":"War Paint"},{"floor":9.0,"key":"Question Card"},{"floor":12.0,"key":"Unceasing Top"},{"floor":13.0,"key":"Mummified Hand"},{"floor":24.0,"key":"Dodecahedron"},{"floor":26,"key":"Whetstone"}],"event_choices":[{"damage_healed":0.0,"max_hp_gain":0.0,"max_hp_loss":0.0,"gold_gain":0.0,"event_name":"Upgrade Shrine","player_choice":"Upgraded","floor":4.0,"gold_loss":0.0,"damage_taken":0.0,"cards_upgraded":["Cloak And Dagger"]},{"damage_healed":0.0,"max_hp_gain":0.0,"max_hp_loss":0.0,"gold_gain":0.0,"event_name":"Dead Adventurer","player_choice":"Searched \u00271\u0027 times","floor":13.0,"gold_loss":0.0,"damage_taken":0.0},{"damage_healed":0.0,"max_hp_gain":0.0,"max_hp_loss":0.0,"gold_gain":0.0,"cards_transformed":["Strike_G","Strike_G"],"event_name":"Drug Dealer","player_choice":"Became Test Subject","floor":19.0,"gold_loss":0.0,"damage_taken":0.0,"cards_obtained":["Grand Finale","Calculated Gamble"]},{"damage_healed":0.0,"max_hp_gain":0.0,"max_hp_loss":0.0,"gold_gain":0.0,"event_name":"Addict","player_choice":"Obtained Relic","floor":21.0,"gold_loss":85.0,"damage_taken":0.0,"relics_obtained":["Art of War"]},{"damage_healed":0.0,"max_hp_gain":0.0,"max_hp_loss":0.0,"gold_gain":0.0,"event_name":"Knowing Skull","player_choice":"POTION ","floor":22.0,"potions_obtained":["SkillPotion"],"gold_loss":0.0,"damage_taken":14.0,"cards_obtained":[]},{"damage_healed":0,"gold_gain":0,"player_choice":"Shed Blood","damage_taken":19,"max_hp_gain":5,"max_hp_loss":0,"event_name":"Forgotten Altar","floor":28,"gold_loss":0},{"damage_healed":0,"gold_gain":0,"player_choice":"Ignored","damage_taken":0,"max_hp_gain":0,"max_hp_loss":0,"event_name":"Beggar","floor":29,"gold_loss":0},{"damage_healed":0,"gold_gain":0,"player_choice":"Trade","damage_taken":0,"relics_obtained":["GremlinMask"],"max_hp_gain":0,"max_hp_loss":0,"event_name":"FaceTrader","floor":30,"gold_loss":0}],"is_beta":false,"boss_relics":[{"not_picked":["Empty Cage","HoveringKite"],"picked":"Ectoplasm"}],"items_purged_floors":[3],"is_endless":false,"potions_floor_spawned":[6,8,11,16,24],"killed_by":"Slavers","ascension_level":12}