{"gold_per_floor":[110,129,129,149,168,168,243,273,300,335,114,114,126,126,126,223,223,237,68,85,85,85],"floor_reached":22,"playtime":1446,"items_purged":["Defend_R"],"score":243,"play_id":"1a3a1c04-6d56-4706-a49c-a189a0c70105","local_time":"20191010115326","is_ascension_mode":true,"campfire_choices":[{"data":"Bash","floor":6,"key":"SMITH"},{"floor":15,"key":"REST"}],"neow_cost":"TEN_PERCENT_HP_LOSS","seed_source_timestamp":2365621690566900,"circlet_count":0,"master_deck":["Strike_R","Strike_R","Strike_R","Strike_R","Strike_R","Defend_R","Bash+1","Pommel Strike+1","Rampage","Ghostly Armor","Rampage","Headbutt","Demon Form","Mayhem"],"relics":["Burning Blood","NlothsMask","Juzu Bracelet","Art of War","Regal Pillow","Sozu","Enchiridion"],"potions_floor_usage":[8,10,13,16,16,22],"damage_taken":[{"damage":12,"enemies":"Jaw Worm","floor":1,"turns":3},{"damage":6,"enemies":"Cultist","floor":2,"turns":3},{"damage":8,"enemies":"Small Slimes","floor":4,"turns":3},{"damage":12,"enemies":"Looter","floor":5,"turns":3},{"damage":30,"enemies":"3 Sentries","floor":8,"turns":8},{"damage":21,"enemies":"Gremlin Nob","floor":10,"turns":4},{"damage":0,"enemies":"Gremlin Gang","floor":13,"turns":2},{"damage":48,"enemies":"Hexaghost","floor":16,"turns":7},{"damage":24,"enemies":"3 Byrds","floor":18,"turns":5},{"damage":12,"enemies":"Chosen","floor":20,"turns":4},{"damage":17,"enemies":"Centurion and Healer","floor":22,"turns":2}],"seed_played":"7527356527653705078","potions_obtained":[{"floor":4,"key":"EssenceOfSteel"},{"floor":5,"key":"SteroidPotion"},{"floor":8,"key":"AttackPotion"},{"floor":12,"key":"GamblersBrew"},{"floor":12,"key":"Explosive Potion"},{"floor":13,"key":"SteroidPotion"}],"is_trial":false,"path_per_floor":["M","M","?","M","M","R","?","E","T","E","$","?","M","?","R","B",null,"M","$","M","?","M"],"character_chosen":"IRONCLAD","items_purchased":["Regal Pillow","Mayhem"],"campfire_rested":1,"item_purchase_floors":[11,19],"current_hp_per_floor":[66,66,66,64,58,58,47,23,23,8,8,8,14,14,50,8,56,38,38,32,16,0],"gold":85,"neow_bonus":"REMOVE_TWO","is_prod":false,"is_daily":false,"chose_seed":false,"campfire_upgraded":1,"win_rate":0,"timestamp":1570679606,"path_taken":["M","M","?","?","M","R","?","E","T","E","$","?","M","?","R","BOSS","M","$","M","?","M"],"build_version":"2019-07-17","purchased_purges":1,"victory":false,"max_hp_per_floor":[72,72,72,72,72,72,72,72,72,72,72,72,72,72,72,72,72,72,72,72,72,72],"card_choices":[{"not_picked":["Clothesline","Uppercut"],"picked":"Pommel Strike","floor":1},{"not_picked":["Wild Strike","Headbutt"],"picked":"Rampage","floor":2},{"not_picked":["Intimidate","Dual Wield"],"picked":"Ghostly Armor","floor":4},{"not_picked":["Anger","Iron Wave","Hemokinesis"],"picked":"SKIP","floor":5},{"not_picked":["Havoc","Hemokinesis","Immolate"],"picked":"SKIP","floor":8},{"not_picked":["Searing Blow","Combust"],"picked":"Rampage","floor":10},{"not_picked":["Blood for Blood","Infernal Blade"],"picked":"Headbutt","floor":13},{"not_picked":["Dark Embrace","Limit Break"],"picked":"Demon Form","floor":16},{"not_picked":["Body Slam+1","Searing Blow","Dual Wield"],"picked":"SKIP","floor":18},{"not_picked":["Dual Wield","Wild Strike+1","Pummel"],"picked":"SKIP","floor":20}],"player_experience":156475,"relics_obtained":[{"floor":8,"key":"Juzu Bracelet"},{"floor":10,"key":"Art of War"},{"floor":21,"key":"Enchiridion"}],"event_choices":[{"damage_healed":0,"gold_gain":0,"player_choice":"Trade","damage_taken":0,"relics_obtained":["NlothsMask"],"max_hp_gain":0,"max_hp_loss":0,"event_name":"FaceTrader","floor":3,"gold_loss":0},{"damage_healed":0,"gold_gain":75,"player_choice":"Gather Gold","damage_taken":11,"max_hp_gain":0,"max_hp_loss":0,"event_name":"World of Goop","floor":7,"gold_loss":0},{"damage_healed":0,"gold_gain":0,"player_choice":"Got Potions","damage_taken":0,"max_hp_gain":0,"max_hp_loss":0,"event_name":"Lab","floor":12,"gold_loss":0},{"damage_healed":0,"gold_gain":0,"player_choice":"Upgraded","damage_taken":0,"max_hp_gain":0,"max_hp_loss":0,"event_name":"Upgrade Shrine","floor":14,"gold_loss":0,"cards_upgraded":["Pommel Strike"]},{"damage_healed":0,"gold_gain":0,"player_choice":"Obtained Book","damage_taken":16,"max_hp_gain":0,"max_hp_loss":0,"event_name":"Cursed Tome","floor":21,"gold_loss":0}],"is_beta":false,"boss_relics":[{"not_picked":["Coffee Dripper","Ectoplasm"],"picked":"Sozu"}],"items_purged_floors":[11],"is_endless":false,"potions_floor_spawned":[4,5,8,13,20],"killed_by":"Centurion and Healer","ascension_level":5}