{"gold_per_floor":[129,129,186,186,225,312,312,387,439,532,610,610,640,73,73,376,376,418,475,475],"floor_reached":20,"playtime":322,"items_purged":["Writhe"],"score":302,"play_id":"6ce7c360-3db7-47f4-a736-5567db96a731","local_time":"20190919035354","daily_mods":["DeadlyEvents","Binary","Cursed Run","Elite Swarm","Lethality","Midas","Night Terrors","Terminal","Uncertain Future","Binary"],"is_ascension_mode":false,"campfire_choices":[{"floor":7.0,"key":"REST"},{"floor":12.0,"key":"REST"},{"floor":15.0,"key":"REST"}],"neow_cost":"","seed_source_timestamp":0,"circlet_count":0,"master_deck":["Strike_R+1","Strike_R","Strike_R","Strike_R+1","Defend_R+1","Defend_R","Defend_R","Defend_R+1","Bash","Injury","Pummel","Secret Technique+1","Inflame","Bloodletting+1","Injury","Fiend Fire+1"],"special_seed":0,"relics":["Cursed Key","Darkstone Periapt","Du-Vu Doll","Busted Crown","Whetstone","Eternal Feather","Thread and Needle","Pen Nib","Toxic Egg 2","Strawberry","Potion Belt","Astrolabe"],"potions_floor_usage":[],"damage_taken":[{"damage":0.0,"enemies":"Small Slimes","floor":1.0,"turns":2.0},{"damage":0.0,"enemies":"Jaw Worm","floor":3.0,"turns":2.0},{"damage":0.0,"enemies":"Cultist","floor":5.0,"turns":2.0},{"damage":3.0,"enemies":"Gremlin Nob","floor":6.0,"turns":3.0},{"damage":0.0,"enemies":"3 Sentries","floor":8.0,"turns":4.0},{"damage":2.0,"enemies":"Gremlin Nob","floor":10.0,"turns":3.0},{"damage":0.0,"enemies":"Lagavulin","floor":11.0,"turns":2.0},{"damage":0.0,"enemies":"Lots of Slimes","floor":13.0,"turns":4.0},{"damage":0.0,"enemies":"Slime Boss","floor":16.0,"turns":3.0},{"damage":0.0,"enemies":"Shell Parasite","floor":18.0,"turns":1.0},{"damage":0.0,"enemies":"Chosen","floor":19.0,"turns":2.0},{"damage":9,"enemies":"3 Cultists","floor":20,"turns":2}],"seed_played":"5769459738035518839","potions_obtained":[{"floor":1.0,"key":"SteroidPotion"},{"floor":3.0,"key":"FearPotion"},{"floor":6.0,"key":"PowerPotion"},{"floor":8.0,"key":"FearPotion"},{"floor":18.0,"key":"LiquidBronze"}],"is_trial":true,"path_per_floor":["M","?","M","T","M","E","R","E","T","E","E","R","M","$","R","B",null,"M","M","M"],"character_chosen":"IRONCLAD","items_purchased":["Pummel","Potion Belt","Havoc+1","Secret Technique+1","Inflame"],"campfire_rested":3,"item_purchase_floors":[14,14,14,14,14],"current_hp_per_floor":[1,1,1,6,5,2,1,1,6,4,11,5,4,3,1,6,11,10,9,0],"gold":475,"neow_bonus":"","is_prod":false,"is_daily":false,"chose_seed":false,"campfire_upgraded":0,"win_rate":0,"timestamp":1568883234,"path_taken":["M","?","M","?","M","E","R","E","T","E","?","R","M","$","R","BOSS","M","M","M"],"build_version":"2019-09-18","purchased_purges":1,"victory":false,"max_hp_per_floor":[1,1,1,6,5,4,1,1,6,5,11,5,4,3,1,6,11,10,9,9],"card_choices":[],"player_experience":1405048,"relics_obtained":[{"floor":4.0,"key":"Whetstone"},{"floor":6.0,"key":"Eternal Feather"},{"floor":8.0,"key":"Thread and Needle"},{"floor":9.0,"key":"Pen Nib"},{"floor":10.0,"key":"Toxic Egg 2"},{"floor":11.0,"key":"Strawberry"}],"event_choices":[{"damage_healed":0.0,"max_hp_gain":0.0,"max_hp_loss":0.0,"gold_gain":0.0,"event_name":"Shining Light","player_choice":"Entered Light","floor":2.0,"gold_loss":0.0,"damage_taken":0.0,"cards_upgraded":["Defend_R","Defend_R"]}],"is_beta":true,"boss_relics":[{"not_picked":["Velvet Choker","SlaversCollar"],"picked":"Astrolabe"}],"items_purged_floors":[14],"is_endless":false,"potions_floor_spawned":[1,3,6,8,18],"killed_by":"3 Cultists","ascension_level":0}