{"gold_per_floor":[147,322,355,412,412,412,514,297,346,397,397,481,34,34],"floor_reached":14,"playtime":226,"items_purged":["Writhe"],"score":148,"play_id":"51ce10c5-0580-4364-b976-b107e441b41f","local_time":"20190918174104","daily_mods":["DeadlyEvents","Binary","Cursed Run","Elite Swarm","Lethality","Midas","Night Terrors","Terminal","Uncertain Future","Binary"],"is_ascension_mode":false,"campfire_choices":[{"floor":6.0,"key":"REST"},{"floor":11.0,"key":"REST"}],"neow_cost":"","seed_source_timestamp":262164177300,"circlet_count":0,"master_deck":["Strike_R","Strike_R","Strike_R+1","Strike_R","Strike_R","Defend_R","Defend_R+1","Defend_R","Defend_R","Bash","Doubt","Shrug It Off","Inflame","Carnage","Pommel Strike"],"special_seed":0,"relics":["Cursed Key","Darkstone Periapt","Du-Vu Doll","Busted Crown","Toy Ornithopter","Bronze Scales","Matryoshka","Blood Vial","Membership Card","Potion Belt"],"potions_floor_usage":[14],"damage_taken":[{"damage":0.0,"enemies":"Jaw Worm","floor":1.0,"turns":2.0},{"damage":0.0,"enemies":"2 Louse","floor":3.0,"turns":2.0},{"damage":0.0,"enemies":"Small Slimes","floor":4.0,"turns":2.0},{"damage":0.0,"enemies":"3 Sentries","floor":7.0,"turns":5.0},{"damage":0.0,"enemies":"3 Louse","floor":10.0,"turns":2.0},{"damage":0.0,"enemies":"Lagavulin","floor":12.0,"turns":3.0},{"damage":6,"enemies":"3 Sentries","floor":14,"turns":2}],"seed_played":"-6285895089593912490","potions_obtained":[{"floor":1.0,"key":"Fire Potion"},{"floor":7.0,"key":"SkillPotion"}],"is_trial":true,"path_per_floor":["M","?","M","M","?","R","E","$","T","M","R","E","$","E"],"character_chosen":"IRONCLAD","items_purchased":["Shrug It Off","Inflame","Carnage","Pommel Strike","Blood Vial","Membership Card","Weak Potion","Potion Belt"],"campfire_rested":2,"item_purchase_floors":[8,8,8,8,13,13,13,13],"current_hp_per_floor":[1,6,5,4,3,1,1,1,6,5,1,1,1,0],"gold":34,"neow_bonus":"","is_prod":false,"is_daily":false,"chose_seed":false,"campfire_upgraded":0,"win_rate":0,"timestamp":1568846464,"path_taken":["M","?","M","M","?","R","E","$","T","M","R","E","?","E"],"build_version":"2019-09-18","purchased_purges":1,"victory":false,"max_hp_per_floor":[1,6,5,4,3,1,1,1,6,5,1,1,1,1],"card_choices":[],"player_experience":1393587,"relics_obtained":[{"floor":7.0,"key":"Toy Ornithopter"},{"floor":9.0,"key":"Bronze Scales"},{"floor":12.0,"key":"Matryoshka"}],"event_choices":[{"damage_healed":0.0,"max_hp_gain":0.0,"max_hp_loss":0.0,"gold_gain":175.0,"event_name":"Liars Game","player_choice":"AGREE","floor":2.0,"gold_loss":0.0,"damage_taken":0.0,"cards_obtained":["Doubt"]},{"damage_healed":0.0,"max_hp_gain":0.0,"max_hp_loss":0.0,"gold_gain":0.0,"event_name":"Shining Light","player_choice":"Entered Light","floor":5.0,"gold_loss":0.0,"damage_taken":1.0,"cards_upgraded":["Defend_R","Strike_R"]}],"is_beta":true,"boss_relics":[],"items_purged_floors":[13],"is_endless":false,"potions_floor_spawned":[1,7],"killed_by":"3 Sentries","ascension_level":0}