{"gold_per_floor":[132,43,43,82,186,288,288,387,387,387,471,510,659,692,692,980,980,1031,1076,1401,569,626,701,838,993,993,1038,1131,1143,1155],"floor_reached":30,"playtime":585,"items_purged":["Regret"],"score":588,"play_id":"3bc897d0-c1d9-4b42-a128-594cb33918c1","local_time":"20190919021910","daily_mods":["DeadlyEvents","Binary","Cursed Run","Elite Swarm","Lethality","Midas","Night Terrors","Terminal","Uncertain Future","Binary"],"is_ascension_mode":false,"campfire_choices":[{"floor":7.0,"key":"REST"},{"floor":10.0,"key":"REST"},{"floor":15.0,"key":"REST"},{"floor":29.0,"key":"REST"}],"neow_cost":"","seed_source_timestamp":558404755300,"circlet_count":0,"master_deck":["Strike_R","Strike_R+1","Strike_R","Strike_R","Strike_R","Defend_R","Defend_R","Defend_R","Defend_R","Bash","Uppercut+1","Sword Boomerang","Parasite","Normality","Shrug It Off","Dropkick","Sentinel","Purity","Injury"],"special_seed":0,"relics":["Cursed Key","Darkstone Periapt","Du-Vu Doll","Busted Crown","SsserpentHead","Nunchaku","Paper Frog","Pear","Kunai","Whetstone","Gambling Chip","Akabeko","Mummified Hand","Molten Egg 2","InkBottle","MawBank","Pocketwatch"],"potions_floor_usage":[],"damage_taken":[{"damage":0.0,"enemies":"Small Slimes","floor":1.0,"turns":2.0},{"damage":0.0,"enemies":"Cultist","floor":4.0,"turns":2.0},{"damage":0.0,"enemies":"Jaw Worm","floor":5.0,"turns":2.0},{"damage":0.0,"enemies":"Gremlin Nob","floor":6.0,"turns":2.0},{"damage":0.0,"enemies":"3 Sentries","floor":8.0,"turns":4.0},{"damage":0.0,"enemies":"Gremlin Nob","floor":11.0,"turns":2.0},{"damage":0.0,"enemies":"Red Slaver","floor":12.0,"turns":2.0},{"damage":0.0,"enemies":"Lagavulin","floor":13.0,"turns":3.0},{"damage":4.0,"enemies":"Gremlin Gang","floor":14.0,"turns":3.0},{"damage":0.0,"enemies":"Slime Boss","floor":16.0,"turns":5.0},{"damage":3.0,"enemies":"2 Thieves","floor":18.0,"turns":2.0},{"damage":0.0,"enemies":"Spheric Guardian","floor":19.0,"turns":1.0},{"damage":0.0,"enemies":"3 Cultists","floor":22.0,"turns":3.0},{"damage":0.0,"enemies":"Gremlin Leader","floor":23.0,"turns":4.0},{"damage":0.0,"enemies":"Slavers","floor":24.0,"turns":1.0},{"damage":0.0,"enemies":"Gremlin Leader","floor":25.0,"turns":3.0},{"damage":4.0,"enemies":"Centurion and Healer","floor":27.0,"turns":3.0},{"damage":5.0,"enemies":"Book of Stabbing","floor":28.0,"turns":3.0},{"damage":10,"enemies":"Slavers","floor":30,"turns":1}],"seed_played":"-6850282124377801106","potions_obtained":[{"floor":5.0,"key":"AttackPotion"},{"floor":11.0,"key":"FearPotion"},{"floor":12.0,"key":"Block Potion"},{"floor":16.0,"key":"FearPotion"},{"floor":19.0,"key":"Swift Potion"},{"floor":25.0,"key":"SteroidPotion"},{"floor":27.0,"key":"Regen Potion"}],"is_trial":true,"path_per_floor":["M","$","?","M","M","E","R","E","T","R","E","M","E","M","R","B",null,"M","M","?","$","M","E","E","E","T","M","E","R","E"],"character_chosen":"IRONCLAD","items_purchased":["Uppercut","Sword Boomerang","Shrug It Off","Dropkick","Gambling Chip","Sentinel","Akabeko","AttackPotion","Purity"],"campfire_rested":4,"item_purchase_floors":[2,2,21,21,21,21,21,21,21],"current_hp_per_floor":[1,1,1,1,1,1,1,1,16,10,9,8,7,3,1,6,5,2,2,8,7,6,5,4,3,8,4,2,1,0],"gold":1155,"neow_bonus":"","is_prod":false,"is_daily":false,"chose_seed":false,"campfire_upgraded":0,"win_rate":0,"timestamp":1568877550,"path_taken":["M","$","?","M","?","E","R","E","T","R","E","M","?","M","R","BOSS","M","M","?","$","M","E","?","?","T","M","E","R","E"],"build_version":"2019-09-18","purchased_purges":1,"victory":false,"max_hp_per_floor":[1,1,1,1,1,1,1,1,16,10,9,8,7,6,1,6,5,4,3,8,7,6,5,4,3,8,7,6,1,1],"card_choices":[],"player_experience":1402294,"relics_obtained":[{"floor":6.0,"key":"Nunchaku"},{"floor":8.0,"key":"Paper Frog"},{"floor":9.0,"key":"Pear"},{"floor":11.0,"key":"Kunai"},{"floor":13.0,"key":"Whetstone"},{"floor":23.0,"key":"Mummified Hand"},{"floor":24.0,"key":"Molten Egg 2"},{"floor":25.0,"key":"InkBottle"},{"floor":26.0,"key":"MawBank"},{"floor":28.0,"key":"Pocketwatch"}],"event_choices":[{"damage_healed":0.0,"max_hp_gain":0.0,"max_hp_loss":0.0,"gold_gain":0.0,"event_name":"FaceTrader","player_choice":"Trade","floor":3.0,"gold_loss":0.0,"damage_taken":0.0,"relics_obtained":["SsserpentHead"]},{"damage_healed":0.0,"max_hp_gain":0.0,"max_hp_loss":0.0,"gold_gain":275.0,"event_name":"Golden Shrine","player_choice":"Desecrate","floor":20.0,"gold_loss":0.0,"damage_taken":0.0,"cards_obtained":["Regret"]}],"is_beta":true,"boss_relics":[{"not_picked":["Runic Cube","Mark of Pain","Sozu"]}],"items_purged_floors":[21],"is_endless":false,"potions_floor_spawned":[5,11,12,16,19,25,27],"killed_by":"Slavers","ascension_level":0}