{"gold_per_floor":[109,109,34,34,52,52,86,105,128,158,158,185,31,86,86,86],"floor_reached":16,"playtime":629,"items_purged":["Defend_R"],"score":139,"play_id":"66adca5e-f4cb-4833-b0fc-05c6a33be137","local_time":"20191009234542","is_ascension_mode":true,"campfire_choices":[{"data":"Flex","floor":6,"key":"SMITH"},{"floor":15,"key":"REST"}],"neow_cost":"TEN_PERCENT_HP_LOSS","seed_source_timestamp":2322773049335200,"circlet_count":0,"master_deck":["Strike_R","Strike_R","Strike_R","Strike_R","Strike_R","Bash","Flex+1","Battle Trance","Clash"],"relics":["Burning Blood","Bag of Preparation","Smiling Mask","Bag of Marbles","Mummified Hand","FossilizedHelix","Omamori","Orichalcum"],"potions_floor_usage":[12,14],"damage_taken":[{"damage":7,"enemies":"Jaw Worm","floor":1,"turns":3},{"damage":20,"enemies":"2 Louse","floor":5,"turns":3},{"damage":18,"enemies":"Gremlin Nob","floor":7,"turns":3},{"damage":6,"enemies":"Cultist","floor":8,"turns":3},{"damage":20,"enemies":"Lagavulin","floor":10,"turns":3},{"damage":20,"enemies":"3 Sentries","floor":12,"turns":5},{"damage":0,"enemies":"3 Sentries","floor":14,"turns":4},{"damage":35,"enemies":"The Guardian","floor":16,"turns":5}],"seed_played":"9119078354383306675","potions_obtained":[{"floor":1,"key":"PowerPotion"},{"floor":10,"key":"Strength Potion"}],"is_trial":false,"path_per_floor":["M","?","$","?","M","R","E","M","T","E","?","E","$","?","R","B"],"character_chosen":"IRONCLAD","items_purchased":["Omamori"],"campfire_rested":1,"item_purchase_floors":[13],"current_hp_per_floor":[71,68,68,68,54,54,42,42,42,28,21,7,7,13,34,0],"gold":86,"neow_bonus":"TRANSFORM_TWO_CARDS","is_prod":false,"is_daily":false,"chose_seed":false,"campfire_upgraded":1,"win_rate":0,"timestamp":1570635942,"path_taken":["M","?","$","?","M","R","E","M","T","E","?","E","$","?","R","BOSS"],"build_version":"2019-07-17","purchased_purges":1,"victory":false,"max_hp_per_floor":[72,72,72,72,72,72,72,72,72,72,72,72,72,72,72,72],"card_choices":[{"not_picked":["Fire Breathing","Combust","Clash"],"picked":"SKIP","floor":1},{"not_picked":["Power Through","Clothesline"],"picked":"Battle Trance","floor":5},{"not_picked":["Cleave","Hemokinesis"],"picked":"Clash","floor":7},{"not_picked":["Pummel","Warcry","Armaments"],"picked":"SKIP","floor":8},{"not_picked":["Havoc","Body Slam","Twin Strike"],"picked":"SKIP","floor":10},{"not_picked":["Brutality","Pommel Strike","Iron Wave"],"picked":"SKIP","floor":12}],"player_experience":137509,"relics_obtained":[{"floor":7,"key":"Smiling Mask"},{"floor":9,"key":"Bag of Marbles"},{"floor":10,"key":"Mummified Hand"},{"floor":12,"key":"FossilizedHelix"},{"floor":14,"key":"Orichalcum"}],"event_choices":[{"damage_healed":0,"gold_gain":0,"player_choice":"Success","damage_taken":3,"relics_obtained":["Bag of Preparation"],"max_hp_gain":0,"max_hp_loss":0,"event_name":"Scrap Ooze","floor":2,"gold_loss":0},{"cards_removed":["Defend_R"],"damage_healed":0,"gold_gain":0,"player_choice":"Forget","damage_taken":0,"max_hp_gain":0,"max_hp_loss":0,"event_name":"Living Wall","floor":4,"gold_loss":0},{"cards_removed":["Burning Pact"],"damage_healed":0,"gold_gain":0,"player_choice":"Card Removal","damage_taken":7,"max_hp_gain":0,"max_hp_loss":0,"event_name":"Golden Wing","floor":11,"gold_loss":0},{"damage_healed":0,"gold_gain":0,"player_choice":"Searched \u00272\u0027 times","damage_taken":0,"max_hp_gain":0,"max_hp_loss":0,"event_name":"Dead Adventurer","floor":14,"gold_loss":0}],"is_beta":false,"boss_relics":[],"items_purged_floors":[3],"is_endless":false,"potions_floor_spawned":[1,10],"killed_by":"The Guardian","ascension_level":4}