{"gold_per_floor":[110,126,51,62,137,172,172,172,199,199,210,210,229,129,129,234,234,246,121,141,160,85,85],"floor_reached":23,"playtime":1132,"items_purged":["Defend_B","Defend_B","Strike_B"],"score":265,"play_id":"42588528-c364-413b-885c-5c265976b0a8","local_time":"20191006170956","is_ascension_mode":true,"campfire_choices":[{"data":"Redo","floor":8,"key":"SMITH"},{"data":"Dualcast","floor":10,"key":"SMITH"},{"data":"Zap","floor":12,"key":"SMITH"},{"floor":15,"key":"REST"}],"neow_cost":"NONE","seed_source_timestamp":2039323991103800,"circlet_count":0,"master_deck":["Strike_B","Strike_B","Defend_B","Defend_B","Zap+1","Dualcast+1","Redo+1","Gash","Scrape","Defragment","All For One","Scrape","Streamline"],"relics":["Cracked Core","Oddly Smooth Stone","Vajra","Runic Pyramid"],"potions_floor_usage":[16,18,21,21,23],"damage_taken":[{"damage":0,"enemies":"Small Slimes","floor":1,"turns":2},{"damage":0,"enemies":"Cultist","floor":2,"turns":2},{"damage":7,"enemies":"Jaw Worm","floor":4,"turns":2},{"damage":49,"enemies":"3 Sentries","floor":6,"turns":7},{"damage":0,"enemies":"2 Fungi Beasts","floor":11,"turns":2},{"damage":0,"enemies":"3 Louse","floor":13,"turns":1},{"damage":0,"enemies":"Slime Boss","floor":16,"turns":5},{"damage":46,"enemies":"2 Thieves","floor":18,"turns":4},{"damage":0,"enemies":"3 Byrds","floor":20,"turns":4},{"damage":14,"enemies":"Shelled Parasite and Fungi","floor":21,"turns":2},{"damage":23,"enemies":"Slavers","floor":23,"turns":2}],"seed_played":"-2571396998593768474","potions_obtained":[{"floor":1,"key":"Energy Potion"},{"floor":7,"key":"Fire Potion"},{"floor":7,"key":"EssenceOfSteel"},{"floor":16,"key":"SneckoOil"},{"floor":21,"key":"GamblersBrew"}],"is_trial":false,"path_per_floor":["M","M","$","M","?","E","?","R","T","R","M","R","M","$","R","B",null,"M","$","M","M","?","E"],"character_chosen":"DEFECT","items_purchased":[],"campfire_rested":1,"item_purchase_floors":[],"current_hp_per_floor":[82,82,82,75,64,15,15,15,15,15,15,15,15,15,39,39,82,36,36,36,22,22,0],"gold":85,"neow_bonus":"TEN_PERCENT_HP_BONUS","is_prod":false,"is_daily":false,"chose_seed":false,"campfire_upgraded":3,"win_rate":0,"timestamp":1570352996,"path_taken":["M","M","$","M","?","E","?","R","T","R","M","R","M","$","R","BOSS","M","$","M","?","?","E"],"build_version":"2019-07-17","purchased_purges":3,"victory":false,"max_hp_per_floor":[82,82,82,82,82,82,82,82,82,82,82,82,82,82,82,82,82,82,82,82,82,82,82],"card_choices":[{"not_picked":["Consume","Steam Power"],"picked":"Redo","floor":1},{"not_picked":["Leap","Double Energy"],"picked":"Gash","floor":2},{"not_picked":["Sweeping Beam","Compile Driver","Leap"],"picked":"SKIP","floor":4},{"not_picked":["Beam Cell","Force Field"],"picked":"Scrape","floor":6},{"not_picked":["Auto Shields","Storm"],"picked":"Defragment","floor":11},{"not_picked":["Compile Driver","Beam Cell","Tempest"],"picked":"SKIP","floor":13},{"not_picked":["Reboot","Fission"],"picked":"All For One","floor":16},{"not_picked":["Ball Lightning","Leap"],"picked":"Scrape","floor":18},{"not_picked":["Rebound","Skim"],"picked":"Streamline","floor":20},{"not_picked":["Streamline","FTL","Blizzard"],"picked":"SKIP","floor":21}],"player_experience":126363,"relics_obtained":[{"floor":6,"key":"Oddly Smooth Stone"},{"floor":9,"key":"Vajra"}],"event_choices":[{"damage_healed":0,"gold_gain":75,"player_choice":"Gather Gold","damage_taken":11,"max_hp_gain":0,"max_hp_loss":0,"event_name":"World of Goop","floor":5,"gold_loss":0},{"damage_healed":0,"gold_gain":0,"player_choice":"Got Potions","damage_taken":0,"max_hp_gain":0,"max_hp_loss":0,"event_name":"Lab","floor":7,"gold_loss":0},{"cards_removed":["Strike_B"],"damage_healed":0,"gold_gain":0,"player_choice":"Gave Gold","damage_taken":0,"max_hp_gain":0,"max_hp_loss":0,"event_name":"Beggar","floor":22,"gold_loss":75}],"is_beta":false,"boss_relics":[{"not_picked":["Black Star","Cursed Key"],"picked":"Runic Pyramid"}],"items_purged_floors":[3,14,19],"is_endless":false,"potions_floor_spawned":[1,13,16,21],"killed_by":"Slavers","ascension_level":2}