{"gold_per_floor":[112,124,124,199,211,240,240,267,318,337,84,84,34,54,54,149,149,169,183,133,133,83,83,116,132,132,158,158,158,188,188,188,288,288,304,14,27,27,27,53,53,106,106,106,135,154,254,286,286,286,286,286,45,79,79],"floor_reached":56,"playtime":5289,"items_purged":["Defend_R","Defend_R","Strike_R","Bash","Strike_R","Burning Pact+1"],"score":1609,"play_id":"e05a0ff6-56f8-4235-8268-1677a705f349","local_time":"20191006163305","is_ascension_mode":true,"campfire_choices":[{"data":"Flex","floor":7,"key":"SMITH"},{"data":"Twin Strike","floor":12,"key":"SMITH"},{"floor":15,"key":"REST"},{"data":"Burning Pact","floor":23,"key":"SMITH"},{"floor":28,"key":"REST"},{"data":"Anger","floor":32,"key":"SMITH"},{"floor":49,"key":"RECALL"},{"data":"Flex","floor":52,"key":"SMITH"}],"neow_cost":"TEN_PERCENT_HP_LOSS","seed_source_timestamp":2032934477894300,"circlet_count":0,"master_deck":["Strike_R","Strike_R","Ghostly Armor","Flex+1","Twin Strike+1","Headbutt","Flex+1","Havoc+1","Anger+1","Anger+1","Body Slam+1","Havoc+1","Havoc+1","Havoc+1"],"relics":["Burning Blood","Ice Cream","Letter Opener","Unceasing Top","Turnip","Smiling Mask","TheAbacus","Philosopher\u0027s Stone","Self Forming Clay","Juzu Bracelet","Bag of Marbles","MutagenicStrength","Black Star","Ornamental Fan","Shovel","Ancient Tea Set","Thread and Needle","Mercury Hourglass","Toxic Egg 2","Centennial Puzzle","Pocketwatch","Happy Flower","Bronze Scales","Medical Kit","Gambling Chip","Shuriken"],"potions_floor_usage":[8,24,24,24,30,33,55,55],"damage_taken":[{"damage":0,"enemies":"Small Slimes","floor":1,"turns":3},{"damage":7,"enemies":"Jaw Worm","floor":2,"turns":3},{"damage":0,"enemies":"2 Louse","floor":5,"turns":4},{"damage":17,"enemies":"3 Sentries","floor":6,"turns":8},{"damage":32,"enemies":"Gremlin Nob","floor":8,"turns":5},{"damage":7,"enemies":"Looter","floor":10,"turns":3},{"damage":12,"enemies":"Lots of Slimes","floor":14,"turns":3},{"damage":26,"enemies":"Slime Boss","floor":16,"turns":9},{"damage":0,"enemies":"Spheric Guardian","floor":18,"turns":3},{"damage":4,"enemies":"Chosen","floor":19,"turns":3},{"damage":28,"enemies":"Slavers","floor":24,"turns":4},{"damage":0,"enemies":"Snecko","floor":25,"turns":4},{"damage":24,"enemies":"Gremlin Leader","floor":27,"turns":4},{"damage":6,"enemies":"Book of Stabbing","floor":30,"turns":3},{"damage":3,"enemies":"Collector","floor":33,"turns":3},{"damage":0,"enemies":"Orb Walker","floor":35,"turns":1},{"damage":0,"enemies":"3 Darklings","floor":37,"turns":1},{"damage":0,"enemies":"Giant Head","floor":40,"turns":2},{"damage":13,"enemies":"2 Orb Walkers","floor":42,"turns":2},{"damage":13,"enemies":"Reptomancer","floor":45,"turns":3},{"damage":0,"enemies":"Spire Growth","floor":46,"turns":1},{"damage":0,"enemies":"Mind Bloom Boss Battle","floor":47,"turns":1},{"damage":0,"enemies":"Giant Head","floor":48,"turns":2},{"damage":0,"enemies":"Awakened One","floor":50,"turns":2},{"damage":0,"enemies":"Shield and Spear","floor":54,"turns":1},{"damage":43,"enemies":"The Heart","floor":55,"turns":3}],"seed_played":"-7318845560898427776","potions_obtained":[{"floor":2,"key":"LiquidBronze"},{"floor":6,"key":"Block Potion"},{"floor":14,"key":"LiquidBronze"},{"floor":16,"key":"PowerPotion"},{"floor":19,"key":"Block Potion"},{"floor":24,"key":"Energy Potion"},{"floor":27,"key":"AttackPotion"},{"floor":37,"key":"SneckoOil"},{"floor":40,"key":"Poison Potion"},{"floor":46,"key":"Regen Potion"},{"floor":48,"key":"Strength Potion"}],"is_trial":false,"path_per_floor":["M","M","?","T","M","E","R","E","T","M","$","R","$","M","R","B",null,"M","M","$","?","$","R","E","M","T","E","R","?","E","?","R","B",null,"M","$","M","$","?","E","?","?","T","?","E","M","?","E","R","B",null,"R","$","E","B",null],"character_chosen":"IRONCLAD","items_purchased":["TheAbacus","Ornamental Fan","Medical Kit"],"campfire_rested":2,"item_purchase_floors":[11,36,53],"current_hp_per_floor":[72,71,53,53,59,48,48,22,22,21,21,21,21,15,36,16,72,72,72,72,72,72,72,50,56,56,38,59,59,59,59,59,62,72,72,72,72,72,72,72,72,65,65,65,58,64,68,68,68,68,68,68,68,68,36],"gold":79,"neow_bonus":"TRANSFORM_TWO_CARDS","is_prod":false,"is_daily":false,"chose_seed":false,"campfire_upgraded":5,"win_rate":0,"timestamp":1570350785,"path_taken":["M","M","?","?","M","E","R","E","T","M","$","R","$","M","R","BOSS","M","M","$","?","$","R","E","M","T","E","R","?","E","?","R","BOSS","M","$","M","$","?","E","?","?","T","?","E","M","?","E","R","BOSS","R","$","E","BOSS"],"build_version":"2019-07-17","purchased_purges":6,"victory":true,"max_hp_per_floor":[72,72,72,72,72,72,72,72,72,72,72,72,72,72,72,72,72,72,72,72,72,72,72,72,72,72,72,72,72,72,72,72,72,72,72,72,72,72,72,72,72,72,72,68,68,68,68,68,68,68,68,68,68,68,68],"card_choices":[{"not_picked":["Thunderclap","Perfected Strike"],"picked":"Flex","floor":1},{"not_picked":["Dropkick","True Grit","Pommel Strike"],"picked":"SKIP","floor":2},{"not_picked":["Perfected Strike","Corruption"],"picked":"Twin Strike","floor":5},{"not_picked":["Infernal Blade","Carnage"],"picked":"Headbutt","floor":6},{"not_picked":["Sever Soul","Headbutt","Entrench"],"picked":"SKIP","floor":8},{"not_picked":["Juggernaut","Whirlwind","Pummel"],"picked":"SKIP","floor":10},{"not_picked":["Havoc","Ghostly Armor"],"picked":"Flex","floor":14},{"not_picked":["Shockwave","Iron Wave","Infernal Blade"],"picked":"SKIP","floor":18},{"not_picked":["Perfected Strike","Thunderclap+1"],"picked":"Havoc+1","floor":19},{"not_picked":["Iron Wave+1","Shrug It Off","Metallicize"],"picked":"SKIP","floor":24},{"not_picked":["Havoc","Corruption","Heavy Blade"],"picked":"SKIP","floor":25},{"not_picked":["Power Through","Corruption+1"],"picked":"Anger+1","floor":27},{"not_picked":["Iron Wave","Flex"],"picked":"Anger","floor":30},{"not_picked":["True Grit+1","Shrug It Off","Flame Barrier+1"],"picked":"SKIP","floor":35},{"not_picked":["Havoc","Body Slam","Inflame+1"],"picked":"SKIP","floor":37},{"not_picked":["Havoc","Body Slam","Inflame+1"],"picked":"SKIP","floor":37},{"not_picked":["Reckless Charge","Impervious","Intimidate"],"picked":"SKIP","floor":40},{"not_picked":["Headbutt","Thunderclap"],"picked":"Body Slam+1","floor":42},{"not_picked":["Berserk","Cleave"],"picked":"Havoc+1","floor":45},{"not_picked":["Fire Breathing","Rupture"],"picked":"Havoc+1","floor":46},{"not_picked":["Headbutt","Power Through+1"],"picked":"Havoc+1","floor":47},{"not_picked":["Sentinel+1","Burning Pact+1","Infernal Blade+1"],"picked":"SKIP","floor":48},{"not_picked":["Body Slam","Carnage","Entrench+1"],"picked":"SKIP","floor":54}],"player_experience":120945,"relics_obtained":[{"floor":4,"key":"Letter Opener"},{"floor":6,"key":"Unceasing Top"},{"floor":8,"key":"Turnip"},{"floor":9,"key":"Smiling Mask"},{"floor":24,"key":"Self Forming Clay"},{"floor":27,"key":"Juzu Bracelet"},{"floor":30,"key":"Bag of Marbles"},{"floor":40,"key":"Shovel"},{"floor":40,"key":"Ancient Tea Set"},{"floor":42,"key":"Thread and Needle"},{"floor":43,"key":"Mercury Hourglass"},{"floor":45,"key":"Toxic Egg 2"},{"floor":45,"key":"Centennial Puzzle"},{"floor":47,"key":"Pocketwatch"},{"floor":48,"key":"Happy Flower"},{"floor":48,"key":"Bronze Scales"},{"floor":54,"key":"Gambling Chip"},{"floor":54,"key":"Shuriken"}],"event_choices":[{"damage_healed":0,"gold_gain":0,"player_choice":"Success","damage_taken":18,"relics_obtained":["Ice Cream"],"max_hp_gain":0,"max_hp_loss":0,"event_name":"Scrap Ooze","floor":3,"gold_loss":0},{"cards_removed":["Strike_R"],"damage_healed":0,"gold_gain":0,"player_choice":"Elegance","damage_taken":0,"max_hp_gain":0,"max_hp_loss":0,"event_name":"Back to Basics","floor":21,"gold_loss":0},{"damage_healed":0,"gold_gain":0,"player_choice":"Ignored","damage_taken":0,"max_hp_gain":0,"max_hp_loss":0,"event_name":"The Mausoleum","floor":29,"gold_loss":0},{"damage_healed":0,"gold_gain":0,"player_choice":"Inject Mutagens","damage_taken":0,"relics_obtained":["MutagenicStrength"],"max_hp_gain":0,"max_hp_loss":0,"event_name":"Drug Dealer","floor":31,"gold_loss":0},{"damage_healed":0,"gold_gain":0,"player_choice":"0 cards matched","damage_taken":0,"max_hp_gain":0,"max_hp_loss":0,"event_name":"Match and Keep!","floor":39,"gold_loss":0,"cards_obtained":[]},{"damage_healed":0,"gold_gain":0,"player_choice":"Memory 1","damage_taken":0,"max_hp_gain":0,"max_hp_loss":0,"event_name":"SensoryStone","floor":41,"gold_loss":0},{"damage_healed":0,"gold_gain":0,"player_choice":"Fight","damage_taken":0,"max_hp_gain":0,"max_hp_loss":0,"event_name":"Mysterious Sphere","floor":42,"gold_loss":0},{"damage_healed":0,"gold_gain":0,"player_choice":"Max HP","damage_taken":0,"max_hp_gain":0,"max_hp_loss":4,"event_name":"Winding Halls","floor":44,"gold_loss":0},{"damage_healed":0,"gold_gain":0,"player_choice":"Fight","damage_taken":0,"max_hp_gain":0,"max_hp_loss":0,"event_name":"MindBloom","floor":47,"gold_loss":0}],"is_beta":false,"boss_relics":[{"not_picked":["Eternal Feather","Cursed Key"],"picked":"Philosopher\u0027s Stone"},{"not_picked":["White Beast Statue","Velvet Choker"],"picked":"Black Star"}],"items_purged_floors":[11,13,20,22,36,53],"is_endless":false,"potions_floor_spawned":[2,6,14,16,19,24,27,37,40,46,48],"ascension_level":2}