{"gold_per_floor":[110,129,10,20,35,70,85,160,210,210,210,135,135,151,151,246,246,258,290,305,59,59,91,91,126,126,160,160,170,170,189,189,290,290,305,322,397,272,272,272,297,297,320,23,33,60,106,106,106,106],"floor_reached":50,"playtime":2650,"items_purged":["Defend_R","Defend_R","Strike_R","Defend_R"],"score":661,"play_id":"28d73d9d-3ad1-401a-aee4-7c37dffa5324","local_time":"20190929200230","is_ascension_mode":true,"campfire_choices":[{"data":"Whirlwind","floor":11,"key":"SMITH"},{"data":"Combust","floor":13,"key":"SMITH"},{"floor":15,"key":"REST"},{"data":"Offering","floor":24,"key":"SMITH"},{"data":"Inflame","floor":30,"key":"SMITH"},{"data":"Ghostly","floor":32,"key":"SMITH"},{"data":"Ghostly","floor":40,"key":"SMITH"},{"floor":49,"key":"RECALL"}],"neow_cost":"NONE","seed_source_timestamp":1443356726377900,"circlet_count":0,"master_deck":["Strike_R","Strike_R","Strike_R","Defend_R","Bash","Inflame+1","Combust+1","Whirlwind+1","Seeing Red+1","Offering+1","Thunderclap+1","Ghostly+1","Ghostly+1","Ghostly","Ghostly","Ghostly","Berserk","Warcry+1","Demon Form","Deep Breath"],"relics":["Burning Blood","Omamori","Self Forming Clay","Busted Crown","Red Mask","MutagenicStrength","Boot","Question Card","Mummified Hand","Juzu Bracelet","Sozu","StoneCalendar","Bronze Scales","Orichalcum","Toxic Egg 2","PreservedInsect"],"potions_floor_usage":[2,16,19,23,33,50,50],"damage_taken":[{"damage":10,"enemies":"Jaw Worm","floor":1,"turns":4},{"damage":1,"enemies":"Cultist","floor":2,"turns":3},{"damage":12,"enemies":"Small Slimes","floor":4,"turns":3},{"damage":18,"enemies":"2 Fungi Beasts","floor":5,"turns":3},{"damage":35,"enemies":"3 Sentries","floor":6,"turns":6},{"damage":7,"enemies":"Blue Slaver","floor":7,"turns":4},{"damage":10,"enemies":"Red Slaver","floor":14,"turns":3},{"damage":14,"enemies":"Slime Boss","floor":16,"turns":6},{"damage":21,"enemies":"2 Thieves","floor":18,"turns":3},{"damage":1,"enemies":"Masked Bandits","floor":19,"turns":2},{"damage":10,"enemies":"Spheric Guardian","floor":20,"turns":3},{"damage":27,"enemies":"Gremlin Leader","floor":23,"turns":5},{"damage":37,"enemies":"Book of Stabbing","floor":25,"turns":4},{"damage":8,"enemies":"Gremlin Leader","floor":27,"turns":3},{"damage":0,"enemies":"Snake Plant","floor":29,"turns":1},{"damage":4,"enemies":"Centurion and Healer","floor":31,"turns":4},{"damage":26,"enemies":"Automaton","floor":33,"turns":10},{"damage":2,"enemies":"3 Darklings","floor":35,"turns":2},{"damage":6,"enemies":"Orb Walker","floor":36,"turns":1},{"damage":43,"enemies":"Giant Head","floor":41,"turns":7},{"damage":6,"enemies":"Transient","floor":45,"turns":5},{"damage":4,"enemies":"Reptomancer","floor":46,"turns":4},{"damage":38,"enemies":"Time Eater","floor":50,"turns":6}],"seed_played":"1707893849606422034","potions_obtained":[{"floor":2,"key":"Fruit Juice"},{"floor":4,"key":"Regen Potion"},{"floor":6,"key":"BloodPotion"},{"floor":7,"key":"Explosive Potion"},{"floor":16,"key":"Block Potion"},{"floor":18,"key":"Fruit Juice"},{"floor":19,"key":"FearPotion"},{"floor":25,"key":"FearPotion"},{"floor":31,"key":"Block Potion"}],"is_trial":false,"path_per_floor":["M","M","?","M","M","E","M","?","T","?","R","$","R","M","R","B",null,"M","?","M","$","?","E","R","E","T","E","?","M","R","M","R","B",null,"M","M","?","$","?","R","E","?","T","$","M","E","T","?","R","B"],"character_chosen":"IRONCLAD","items_purchased":["Offering","Orichalcum"],"campfire_rested":1,"item_purchase_floors":[21,44],"current_hp_per_floor":[84,93,93,87,75,46,45,34,34,27,27,27,27,23,50,57,93,78,88,84,84,84,63,63,32,32,30,30,36,36,38,38,18,49,49,49,45,45,49,49,12,12,12,12,12,14,14,14,14,0],"gold":106,"neow_bonus":"TEN_PERCENT_HP_BONUS","is_prod":false,"is_daily":false,"chose_seed":false,"campfire_upgraded":6,"win_rate":0,"timestamp":1569758550,"path_taken":["M","M","?","?","M","E","?","?","T","?","R","$","R","M","R","BOSS","M","?","M","$","?","E","R","E","T","E","?","M","R","M","R","BOSS","M","M","?","$","?","R","E","?","T","?","M","E","?","?","R","BOSS"],"build_version":"2019-07-17","purchased_purges":4,"victory":false,"max_hp_per_floor":[88,93,93,93,93,93,93,93,93,93,93,93,93,93,93,93,93,93,98,98,98,98,98,98,98,98,98,49,49,49,49,49,49,49,49,49,49,49,49,49,49,49,49,49,49,49,49,49,49,49],"card_choices":[{"not_picked":["Shrug It Off","Headbutt"],"picked":"Inflame","floor":1},{"not_picked":["Iron Wave","Anger"],"picked":"Combust","floor":2},{"not_picked":["Dual Wield","Body Slam"],"picked":"Whirlwind","floor":4},{"not_picked":["Sword Boomerang","Anger","Shockwave"],"picked":"SKIP","floor":5},{"not_picked":["Armaments","Clash","Shrug It Off"],"picked":"SKIP","floor":6},{"not_picked":["Body Slam","Pommel Strike","Armaments"],"picked":"SKIP","floor":7},{"not_picked":["Clash","Pommel Strike","Armaments"],"picked":"SKIP","floor":14},{"not_picked":[],"picked":"Seeing Red+1","floor":18},{"not_picked":["Blood for Blood+1"],"picked":"SKIP","floor":20},{"not_picked":["Twin Strike+1"],"picked":"SKIP","floor":23},{"not_picked":[],"picked":"Thunderclap+1","floor":25},{"not_picked":["Searing Blow","Clothesline"],"picked":"SKIP","floor":27},{"not_picked":["True Grit+1","Body Slam"],"picked":"SKIP","floor":29},{"not_picked":["Sever Soul","Heavy Blade"],"picked":"SKIP","floor":31},{"not_picked":["Double Tap"],"picked":"Berserk","floor":33},{"not_picked":["Inflame"],"picked":"Warcry+1","floor":35},{"not_picked":["Disarm+1","Twin Strike+1"],"picked":"SKIP","floor":36},{"not_picked":["Twin Strike+1"],"picked":"Demon Form","floor":41},{"not_picked":["Trip"],"picked":"Deep Breath","floor":42},{"not_picked":["Pommel Strike","Sword Boomerang"],"picked":"SKIP","floor":45},{"not_picked":["Pommel Strike","Anger+1"],"picked":"SKIP","floor":46}],"player_experience":63425,"relics_obtained":[{"floor":6,"key":"Self Forming Clay"},{"floor":19,"key":"Red Mask"},{"floor":23,"key":"Boot"},{"floor":25,"key":"Question Card"},{"floor":26,"key":"Mummified Hand"},{"floor":27,"key":"Juzu Bracelet"},{"floor":41,"key":"StoneCalendar"},{"floor":43,"key":"Bronze Scales"},{"floor":46,"key":"Toxic Egg 2"},{"floor":47,"key":"PreservedInsect"}],"event_choices":[{"damage_healed":0,"gold_gain":0,"player_choice":"Paid Gold","damage_taken":0,"relics_obtained":["Omamori"],"max_hp_gain":0,"max_hp_loss":0,"event_name":"WeMeetAgain","floor":3,"gold_loss":119},{"damage_healed":0,"gold_gain":75,"player_choice":"Gather Gold","damage_taken":11,"max_hp_gain":0,"max_hp_loss":0,"event_name":"World of Goop","floor":8,"gold_loss":0},{"cards_removed":["Strike_R"],"damage_healed":0,"gold_gain":0,"player_choice":"Card Removal","damage_taken":7,"max_hp_gain":0,"max_hp_loss":0,"event_name":"Golden Wing","floor":10,"gold_loss":0},{"damage_healed":0,"gold_gain":0,"player_choice":"Fought Bandits","damage_taken":0,"max_hp_gain":0,"max_hp_loss":0,"event_name":"Masked Bandits","floor":19,"gold_loss":0},{"damage_healed":0,"gold_gain":0,"player_choice":"Inject Mutagens","damage_taken":0,"relics_obtained":["MutagenicStrength"],"max_hp_gain":0,"max_hp_loss":0,"event_name":"Drug Dealer","floor":22,"gold_loss":0},{"damage_healed":0,"gold_gain":0,"player_choice":"Became a Ghost","damage_taken":0,"max_hp_gain":0,"max_hp_loss":49,"event_name":"Ghosts","floor":28,"gold_loss":0,"cards_obtained":["Ghostly","Ghostly","Ghostly","Ghostly","Ghostly"]},{"damage_healed":0,"gold_gain":75,"player_choice":"Touch","damage_taken":4,"max_hp_gain":0,"max_hp_loss":0,"event_name":"FaceTrader","floor":37,"gold_loss":0},{"damage_healed":12,"gold_gain":0,"player_choice":"Writhe","damage_taken":0,"max_hp_gain":0,"max_hp_loss":0,"event_name":"Winding Halls","floor":39,"gold_loss":0,"cards_obtained":["Writhe"]},{"damage_healed":0,"gold_gain":0,"player_choice":"Memory 1","damage_taken":0,"max_hp_gain":0,"max_hp_loss":0,"event_name":"SensoryStone","floor":42,"gold_loss":0},{"damage_healed":0,"gold_gain":0,"player_choice":"Ignored","damage_taken":0,"max_hp_gain":0,"max_hp_loss":0,"event_name":"Mysterious Sphere","floor":48,"gold_loss":0}],"is_beta":false,"boss_relics":[{"not_picked":["Philosopher\u0027s Stone","Astrolabe"],"picked":"Busted Crown"},{"not_picked":["Runic Cube","Black Blood"],"picked":"Sozu"}],"items_purged_floors":[12,21,38,44],"is_endless":false,"potions_floor_spawned":[2,4,6,7,16,18,19,25,31,35,46],"killed_by":"Time Eater","ascension_level":1}