{"gold_per_floor":[118,163,88,88,88,116,116,133,160,188,188,217,229,239,239,340,340,357,373,71,71,88,88],"floor_reached":23,"playtime":1750,"items_purged":["Defend_G","Defend_G"],"score":234,"play_id":"20b8a5be-cce9-4104-b574-e2d032c9a3c1","local_time":"20190925212543","is_ascension_mode":false,"campfire_choices":[{"data":"Endless Agony","floor":7,"key":"SMITH"},{"floor":15,"key":"REST"}],"neow_cost":"NONE","seed_source_timestamp":1103653853643199,"circlet_count":0,"master_deck":["Strike_G","Strike_G","Strike_G","Strike_G","Strike_G","Defend_G","Survivor","Neutralize","Endless Agony+1","Quick Slash","Calculated Gamble","Well Laid Plans","Envenom","Underhanded Strike","Dagger Spray","Writhe","Prepared+1"],"relics":["Ring of the Serpent","NeowsBlessing","Strawberry","Shuriken","Bag of Marbles","Regal Pillow","Happy Flower","Lantern","Omamori"],"potions_floor_usage":[23,23],"damage_taken":[{"damage":0,"enemies":"Cultist","floor":1,"turns":1},{"damage":0,"enemies":"Gremlin Nob","floor":6,"turns":1},{"damage":0,"enemies":"Small Slimes","floor":8,"turns":1},{"damage":21,"enemies":"Lagavulin","floor":10,"turns":4},{"damage":24,"enemies":"3 Sentries","floor":12,"turns":7},{"damage":0,"enemies":"Jaw Worm","floor":13,"turns":1},{"damage":0,"enemies":"2 Fungi Beasts","floor":14,"turns":2},{"damage":43,"enemies":"Hexaghost","floor":16,"turns":7},{"damage":17,"enemies":"Chosen","floor":18,"turns":4},{"damage":14,"enemies":"3 Byrds","floor":19,"turns":5},{"damage":17,"enemies":"Shelled Parasite and Fungi","floor":22,"turns":4},{"damage":41,"enemies":"Book of Stabbing","floor":23,"turns":4}],"seed_played":"-1271174900841524925","potions_obtained":[{"floor":1,"key":"GamblersBrew"},{"floor":12,"key":"Regen Potion"},{"floor":14,"key":"Energy Potion"},{"floor":16,"key":"Explosive Potion"}],"is_trial":false,"path_per_floor":["M","T","$","?","$","E","R","M","T","E","?","E","M","M","R","B",null,"M","M","$","?","M","E"],"character_chosen":"THE_SILENT","items_purchased":["Dagger Spray","Lantern"],"campfire_rested":1,"item_purchase_floors":[20,20],"current_hp_per_floor":[70,77,77,70,70,70,70,70,70,49,49,25,25,25,63,20,77,60,46,46,46,29,0],"gold":88,"neow_bonus":"THREE_ENEMY_KILL","is_prod":false,"is_daily":false,"chose_seed":false,"campfire_upgraded":1,"win_rate":0.0,"timestamp":1569417943,"path_taken":["M","?","$","?","$","E","R","M","T","E","?","E","M","M","R","BOSS","M","?","?","?","M","E"],"build_version":"2019-07-17","purchased_purges":2,"victory":false,"max_hp_per_floor":[70,77,77,77,77,77,77,77,77,77,77,77,77,77,77,77,77,77,77,77,77,77,77],"card_choices":[{"not_picked":["Predator","Quick Slash"],"picked":"Endless Agony","floor":1},{"not_picked":["Backflip","PiercingWail"],"picked":"Quick Slash","floor":6},{"not_picked":["Distraction","Deflect","Sucker Punch"],"picked":"SKIP","floor":8},{"not_picked":["Malaise","Doppelganger"],"picked":"Calculated Gamble","floor":10},{"not_picked":["Prepared","Slice"],"picked":"Well Laid Plans","floor":12},{"not_picked":["Dash","Slice","PiercingWail"],"picked":"SKIP","floor":13},{"not_picked":["Dagger Throw","Noxious Fumes","Footwork"],"picked":"SKIP","floor":14},{"not_picked":["Burst","Doppelganger"],"picked":"Envenom","floor":16},{"not_picked":["Prepared","Crippling Poison"],"picked":"Underhanded Strike","floor":18},{"not_picked":["Acrobatics","Wraith Form v2","Poisoned Stab"],"picked":"SKIP","floor":19},{"not_picked":["Poisoned Stab","Underhanded Strike"],"picked":"Prepared+1","floor":22}],"player_experience":30852,"relics_obtained":[{"floor":2,"key":"Strawberry"},{"floor":6,"key":"Shuriken"},{"floor":9,"key":"Bag of Marbles"},{"floor":10,"key":"Regal Pillow"},{"floor":12,"key":"Happy Flower"}],"event_choices":[{"cards_removed":["Defend_G"],"damage_healed":0,"gold_gain":0,"player_choice":"Card Removal","damage_taken":7,"max_hp_gain":0,"max_hp_loss":0,"event_name":"Golden Wing","floor":4,"gold_loss":0},{"cards_removed":["Defend_G"],"damage_healed":0,"gold_gain":0,"player_choice":"Offered Basic","damage_taken":0,"max_hp_gain":0,"max_hp_loss":0,"event_name":"Bonfire Elementals","floor":11,"gold_loss":0},{"damage_healed":0,"gold_gain":0,"player_choice":"Opened","damage_taken":0,"relics_obtained":["Omamori"],"max_hp_gain":0,"max_hp_loss":0,"event_name":"The Mausoleum","floor":21,"gold_loss":0,"cards_obtained":["Writhe"]}],"is_beta":false,"boss_relics":[{"not_picked":["Ectoplasm","Empty Cage"],"picked":"Ring of the Serpent"}],"items_purged_floors":[3,20],"is_endless":false,"potions_floor_spawned":[1,12,14,16,18],"killed_by":"Book of Stabbing","ascension_level":0}