{"gold_per_floor":[109,42,42,62,162,195,195,223,223,253,266,266,266,297,297,297],"floor_reached":16,"playtime":1201,"items_purged":[],"score":132,"play_id":"7cc6029f-712a-46ad-8074-931ff1ad8b7b","local_time":"20191005151923","is_ascension_mode":true,"campfire_choices":[{"data":"Masterful Stab","floor":7,"key":"SMITH"},{"data":"Venomology","floor":12,"key":"SMITH"},{"floor":15,"key":"REST"}],"neow_cost":"NONE","seed_source_timestamp":1946220565989800,"circlet_count":0,"master_deck":["Strike_G+1","Strike_G","Strike_G","Strike_G","Strike_G","Defend_G","Defend_G","Defend_G","Defend_G","Defend_G","Survivor","Neutralize+1","Dagger Spray+1","After Image","Masterful Stab+1","Venomology+1","Choke","Blade Dance"],"relics":["Ring of the Snake","Oddly Smooth Stone","Bottled Flame","Whetstone","Question Card","Bottled Lightning","Dodecahedron"],"potions_floor_usage":[10,10,14,16,16,16],"damage_taken":[{"damage":5,"enemies":"2 Louse","floor":1,"turns":4},{"damage":0,"enemies":"Small Slimes","floor":4,"turns":3},{"damage":7,"enemies":"3 Sentries","floor":6,"turns":7},{"damage":15,"enemies":"Lagavulin","floor":8,"turns":8},{"damage":1,"enemies":"Gremlin Nob","floor":10,"turns":3},{"damage":0,"enemies":"Cultist","floor":11,"turns":3},{"damage":3,"enemies":"3 Sentries","floor":14,"turns":4},{"damage":53,"enemies":"Hexaghost","floor":16,"turns":16}],"seed_played":"6872373663049053751","potions_obtained":[{"floor":8,"key":"PowerPotion"},{"floor":11,"key":"Dexterity Potion"},{"floor":14,"key":"Ancient Potion"}],"is_trial":false,"path_per_floor":["M","$","?","M","?","E","R","E","T","E","M","R","?","E","R","B"],"character_chosen":"THE_SILENT","items_purchased":["After Image"],"campfire_rested":1,"item_purchase_floors":[2],"current_hp_per_floor":[72,72,54,54,54,47,47,32,32,31,31,31,31,28,51,0],"gold":297,"neow_bonus":"TEN_PERCENT_HP_BONUS","is_prod":false,"is_daily":false,"chose_seed":false,"campfire_upgraded":2,"win_rate":0,"timestamp":1570259963,"path_taken":["M","$","?","M","?","E","R","E","T","E","?","R","?","E","R","BOSS"],"build_version":"2019-07-17","purchased_purges":0,"victory":false,"max_hp_per_floor":[77,77,77,77,77,77,77,77,77,77,77,77,77,77,77,77],"card_choices":[{"not_picked":["Blur","Flying Knee"],"picked":"Dagger Spray","floor":1},{"not_picked":["Dagger Spray","Dagger Throw"],"picked":"Masterful Stab","floor":4},{"not_picked":["Crippling Poison","Escape Plan","Backflip"],"picked":"SKIP","floor":6},{"not_picked":["Dodge and Roll","Distraction"],"picked":"Venomology","floor":8},{"not_picked":["Acrobatics","Quick Slash","Well Laid Plans","Expertise"],"picked":"SKIP","floor":10},{"not_picked":["Well Laid Plans","Dagger Throw","Calculated Gamble"],"picked":"Choke","floor":11},{"not_picked":["Dagger Spray","PiercingWail","Skewer"],"picked":"Blade Dance","floor":14}],"player_experience":85837,"relics_obtained":[{"floor":6,"key":"Bottled Flame"},{"floor":8,"key":"Whetstone"},{"floor":9,"key":"Question Card"},{"floor":10,"key":"Bottled Lightning"},{"floor":14,"key":"Dodecahedron"}],"event_choices":[{"damage_healed":0,"gold_gain":0,"player_choice":"Success","damage_taken":18,"relics_obtained":["Oddly Smooth Stone"],"max_hp_gain":0,"max_hp_loss":0,"event_name":"Scrap Ooze","floor":3,"gold_loss":0},{"damage_healed":0,"gold_gain":100,"player_choice":"Pray","damage_taken":0,"max_hp_gain":0,"max_hp_loss":0,"event_name":"Golden Shrine","floor":5,"gold_loss":0},{"damage_healed":0,"gold_gain":0,"player_choice":"Upgraded","damage_taken":0,"max_hp_gain":0,"max_hp_loss":0,"event_name":"Upgrade Shrine","floor":13,"gold_loss":0,"cards_upgraded":["Dagger Spray"]}],"is_beta":false,"boss_relics":[],"items_purged_floors":[],"is_endless":false,"potions_floor_spawned":[8,11,14],"killed_by":"Hexaghost","ascension_level":1}