{"gold_per_floor":[109,122,122,134,134,134,162,87,87,116,116,146,46,60,60,60],"floor_reached":16,"playtime":610,"items_purged":["Defend_R","Defend_R"],"score":130,"play_id":"4445e609-bb18-4081-a5a6-33d7a5fa111e","local_time":"20191006150137","is_ascension_mode":true,"campfire_choices":[{"data":"Bash","floor":6,"key":"SMITH"},{"data":"Wild Strike","floor":11,"key":"SMITH"},{"data":"Wild Strike","floor":15,"key":"SMITH"}],"neow_cost":"NONE","seed_source_timestamp":2032147879031100,"circlet_count":0,"master_deck":["Strike_R","Strike_R","Strike_R","Strike_R","Strike_R","Defend_R","Bash+1","Wild Strike+1","Wild Strike+1","Demon Form","Sentinel"],"relics":["Burning Blood","NeowsBlessing","Nunchaku","Art of War","Turnip","Sundial","Juzu Bracelet"],"potions_floor_usage":[7,16,16],"damage_taken":[{"damage":0,"enemies":"Cultist","floor":1,"turns":1},{"damage":0,"enemies":"Small Slimes","floor":2,"turns":1},{"damage":0,"enemies":"2 Louse","floor":4,"turns":1},{"damage":13,"enemies":"Lagavulin","floor":7,"turns":4},{"damage":31,"enemies":"3 Sentries","floor":10,"turns":5},{"damage":3,"enemies":"Lagavulin","floor":12,"turns":4},{"damage":22,"enemies":"Exordium Thugs","floor":14,"turns":3},{"damage":38,"enemies":"Slime Boss","floor":16,"turns":5}],"seed_played":"-3912096205822420859","potions_obtained":[{"floor":1,"key":"Energy Potion"},{"floor":4,"key":"AttackPotion"},{"floor":12,"key":"BloodPotion"}],"is_trial":false,"path_per_floor":["M","M","?","M","?","R","E","$","T","E","R","E","$","M","R","B"],"character_chosen":"IRONCLAD","items_purchased":[],"campfire_rested":0,"item_purchase_floors":[],"current_hp_per_floor":[80,80,80,80,68,68,61,61,61,36,36,39,39,23,23,5],"gold":60,"neow_bonus":"THREE_ENEMY_KILL","is_prod":false,"is_daily":false,"chose_seed":false,"campfire_upgraded":3,"win_rate":0,"timestamp":1570345297,"path_taken":["M","?","?","?","?","R","E","?","T","E","R","E","$","M","R","BOSS"],"build_version":"2019-07-17","purchased_purges":2,"victory":false,"max_hp_per_floor":[80,80,80,80,80,80,80,80,80,80,80,80,80,80,80,80],"card_choices":[{"not_picked":["Power Through","Disarm"],"picked":"Wild Strike","floor":1},{"not_picked":["Fire Breathing","Cleave"],"picked":"Wild Strike","floor":2},{"not_picked":["Iron Wave","Body Slam"],"picked":"Demon Form","floor":4},{"not_picked":["Ghostly Armor","Cleave"],"picked":"Sentinel","floor":7},{"not_picked":["Flame Barrier","Pommel Strike","Corruption"],"picked":"SKIP","floor":10},{"not_picked":["Sentinel","Pommel Strike","Dropkick"],"picked":"SKIP","floor":12},{"not_picked":["Iron Wave","Ghostly Armor","Sentinel"],"picked":"SKIP","floor":14}],"player_experience":120335,"relics_obtained":[{"floor":7,"key":"Art of War"},{"floor":9,"key":"Turnip"},{"floor":10,"key":"Sundial"},{"floor":12,"key":"Juzu Bracelet"}],"event_choices":[{"cards_removed":["Defend_R"],"damage_healed":0,"gold_gain":0,"player_choice":"Offered Basic","damage_taken":0,"max_hp_gain":0,"max_hp_loss":0,"event_name":"Bonfire Elementals","floor":3,"gold_loss":0},{"damage_healed":0,"gold_gain":0,"player_choice":"Success","damage_taken":12,"relics_obtained":["Nunchaku"],"max_hp_gain":0,"max_hp_loss":0,"event_name":"Scrap Ooze","floor":5,"gold_loss":0}],"is_beta":false,"boss_relics":[],"items_purged_floors":[8,13],"is_endless":false,"potions_floor_spawned":[1,4,12],"killed_by":"Slime Boss","ascension_level":2}