{"gold_per_floor":[111,111,111,137,160,206,218,230,297,309,321,347,393,419,431,548,560,585,614,642,669,681],"floor_reached":22,"playtime":1474,"items_purged":[],"score":218,"play_id":"a3f1dae1-6a2c-458f-937d-f0a2e0cc63c2","local_time":"20191006104353","is_ascension_mode":true,"campfire_choices":[{"data":"Bash","floor":7,"key":"SMITH"},{"data":"Wild Strike","floor":11,"key":"SMITH"},{"data":"True Grit","floor":15,"key":"SMITH"}],"neow_cost":"NONE","seed_source_timestamp":2015818985042600,"circlet_count":0,"master_deck":["Strike_R","Strike_R","Strike_R","Strike_R","Strike_R","Bash+1","Perfected Strike","Wild Strike+1","Exhume","Mind Blast+1","True Grit+1","Twin Strike+1","Reckless Charge+1","Brutality","Headbutt+1","Berserk+1","Feed+1","Thunderclap+1","Intimidate","Twin Strike+1"],"relics":["Burning Blood","NeowsBlessing","MawBank","Omamori","Molten Egg 2","Red Skull","Potion Belt","Astrolabe"],"potions_floor_usage":[13,18,21,22],"damage_taken":[{"damage":0,"enemies":"Small Slimes","floor":1,"turns":1},{"damage":0,"enemies":"2 Louse","floor":4,"turns":1},{"damage":0,"enemies":"Cultist","floor":5,"turns":1},{"damage":25,"enemies":"Gremlin Nob","floor":6,"turns":4},{"damage":12,"enemies":"3 Louse","floor":12,"turns":3},{"damage":31,"enemies":"Lagavulin","floor":13,"turns":4},{"damage":1,"enemies":"Blue Slaver","floor":14,"turns":2},{"damage":7,"enemies":"Slime Boss","floor":16,"turns":9},{"damage":40,"enemies":"Shell Parasite","floor":18,"turns":5},{"damage":18,"enemies":"Spheric Guardian","floor":19,"turns":3},{"damage":26,"enemies":"Centurion and Healer","floor":20,"turns":3},{"damage":12,"enemies":"Chosen and Byrds","floor":21,"turns":3},{"damage":33,"enemies":"Shelled Parasite and Fungi","floor":22,"turns":2}],"seed_played":"-1123213738643672117","potions_obtained":[{"floor":1,"key":"Block Potion"},{"floor":6,"key":"SteroidPotion"},{"floor":14,"key":"Block Potion"},{"floor":16,"key":"Block Potion"},{"floor":18,"key":"Strength Potion"},{"floor":20,"key":"Regen Potion"}],"is_trial":false,"path_per_floor":["M","?","?","M","M","E","R","?","T","?","R","M","E","M","R","B",null,"M","M","M","M","M"],"character_chosen":"IRONCLAD","items_purchased":[],"campfire_rested":0,"item_purchase_floors":[],"current_hp_per_floor":[80,80,80,80,80,61,61,49,49,49,49,43,18,23,23,22,80,46,34,18,16,0],"gold":681,"neow_bonus":"THREE_ENEMY_KILL","is_prod":false,"is_daily":false,"chose_seed":false,"campfire_upgraded":3,"win_rate":0,"timestamp":1570329833,"path_taken":["M","?","?","M","?","E","R","?","T","?","R","M","E","M","R","BOSS","M","M","?","M","M"],"build_version":"2019-07-17","purchased_purges":0,"victory":false,"max_hp_per_floor":[80,80,80,80,80,80,80,80,80,80,80,80,80,80,80,80,80,80,80,84,88,88],"card_choices":[{"not_picked":["Armaments","Rage"],"picked":"Perfected Strike","floor":1},{"not_picked":["True Grit","Inflame"],"picked":"Wild Strike","floor":4},{"not_picked":["Clash","Blood for Blood","Anger"],"picked":"SKIP","floor":5},{"not_picked":["Headbutt","Power Through"],"picked":"Exhume","floor":6},{"not_picked":["Warcry","Power Through"],"picked":"True Grit","floor":12},{"not_picked":["Inflame","Limit Break"],"picked":"Twin Strike+1","floor":13},{"not_picked":["Pummel+1","Sword Boomerang+1"],"picked":"Reckless Charge+1","floor":14},{"not_picked":["Impervious","Demon Form"],"picked":"Brutality","floor":16},{"not_picked":["Body Slam+1","Sword Boomerang+1"],"picked":"Thunderclap+1","floor":18},{"not_picked":["Flex","Cleave+1","True Grit"],"picked":"SKIP","floor":19},{"not_picked":["Warcry","Corruption"],"picked":"Intimidate","floor":20},{"not_picked":["Thunderclap+1","Shrug It Off"],"picked":"Twin Strike+1","floor":21}],"player_experience":110462,"relics_obtained":[{"floor":6,"key":"Omamori"},{"floor":9,"key":"Red Skull"},{"floor":13,"key":"Potion Belt"}],"event_choices":[{"cards_removed":["Defend_R"],"damage_healed":0,"gold_gain":0,"player_choice":"Forget","damage_taken":0,"max_hp_gain":0,"max_hp_loss":0,"event_name":"Living Wall","floor":2,"gold_loss":0},{"damage_healed":0,"gold_gain":0,"player_choice":"Gave Potion","damage_taken":0,"relics_obtained":["MawBank"],"max_hp_gain":0,"max_hp_loss":0,"event_name":"WeMeetAgain","floor":3,"gold_loss":0},{"damage_healed":0,"gold_gain":0,"player_choice":"Success","damage_taken":12,"relics_obtained":["Molten Egg 2"],"max_hp_gain":0,"max_hp_loss":0,"event_name":"Scrap Ooze","floor":8,"gold_loss":0},{"damage_healed":0,"gold_gain":0,"player_choice":"1 cards matched","damage_taken":0,"max_hp_gain":0,"max_hp_loss":0,"event_name":"Match and Keep!","floor":10,"gold_loss":0,"cards_obtained":["Mind Blast"]}],"is_beta":false,"boss_relics":[{"not_picked":["Eternal Feather","Pandora\u0027s Box"],"picked":"Astrolabe"}],"items_purged_floors":[],"is_endless":false,"potions_floor_spawned":[1,6,14,16,18,20],"killed_by":"Shelled Parasite and Fungi","ascension_level":2}