{"gold_per_floor":[144,192,367,367,142,226,226,307,307,406,451,451,487,574,574,877,877,877],"floor_reached":18,"playtime":319,"items_purged":["Doubt"],"score":313,"play_id":"93fa1aa5-1fb5-41b7-bd7c-209d3d437bb9","local_time":"20190919212843","daily_mods":["DeadlyEvents","Binary","Cursed Run","Elite Swarm","Lethality","Midas","Night Terrors","Terminal","Uncertain Future","Binary"],"is_ascension_mode":false,"campfire_choices":[{"floor":7.0,"key":"REST"},{"floor":12.0,"key":"REST"},{"floor":15.0,"key":"REST"}],"neow_cost":"","seed_source_timestamp":0,"circlet_count":0,"master_deck":["Strike_R","Strike_R","Strike_R","Strike_R","Defend_R","Defend_R","Defend_R","Defend_R","Bash","Infernal Blade","Shrug It Off","Normality","Writhe","Double Tap"],"special_seed":0,"relics":["Cursed Key","Darkstone Periapt","Du-Vu Doll","Busted Crown","Mummified Hand","Mango","Pen Nib","StrikeDummy","Question Card","SacredBark"],"potions_floor_usage":[18],"damage_taken":[{"damage":0.0,"enemies":"Small Slimes","floor":1.0,"turns":2.0},{"damage":0.0,"enemies":"2 Louse","floor":2.0,"turns":2.0},{"damage":3.0,"enemies":"Gremlin Nob","floor":6.0,"turns":3.0},{"damage":0.0,"enemies":"3 Sentries","floor":8.0,"turns":5.0},{"damage":5.0,"enemies":"Lagavulin","floor":10.0,"turns":4.0},{"damage":0.0,"enemies":"Cultist","floor":11.0,"turns":1.0},{"damage":0.0,"enemies":"Blue Slaver","floor":13.0,"turns":3.0},{"damage":0.0,"enemies":"Gremlin Nob","floor":14.0,"turns":2.0},{"damage":0.0,"enemies":"Hexaghost","floor":16.0,"turns":6.0},{"damage":7,"enemies":"3 Byrds","floor":18,"turns":1}],"seed_played":"1794755442889480027","potions_obtained":[{"floor":1.0,"key":"SteroidPotion"},{"floor":8.0,"key":"Swift Potion"},{"floor":11.0,"key":"EssenceOfSteel"}],"is_trial":true,"path_per_floor":["M","M","?","?","$","E","R","E","T","E","M","R","M","E","R","B",null,"M"],"character_chosen":"IRONCLAD","items_purchased":["Shrug It Off","AttackPotion","PowerPotion"],"campfire_rested":3,"item_purchase_floors":[5,5,5],"current_hp_per_floor":[1,1,6,5,4,1,1,14,19,14,14,11,10,9,3,8,7,0],"gold":877,"neow_bonus":"","is_prod":false,"is_daily":false,"chose_seed":false,"campfire_upgraded":0,"win_rate":0,"timestamp":1568946523,"path_taken":["M","M","?","?","$","E","R","E","T","E","M","R","M","?","R","BOSS","M"],"build_version":"2019-09-18","purchased_purges":1,"victory":false,"max_hp_per_floor":[1,1,6,5,4,3,1,14,19,18,17,11,10,9,3,8,7,7],"card_choices":[{"not_picked":[],"picked":"Double Tap","floor":16.0}],"player_experience":1409236,"relics_obtained":[{"floor":6.0,"key":"Mummified Hand"},{"floor":8.0,"key":"Mango"},{"floor":9.0,"key":"Pen Nib"},{"floor":10.0,"key":"StrikeDummy"},{"floor":14.0,"key":"Question Card"}],"event_choices":[{"damage_healed":0.0,"max_hp_gain":0.0,"max_hp_loss":0.0,"gold_gain":175.0,"event_name":"Liars Game","player_choice":"AGREE","floor":3.0,"gold_loss":0.0,"damage_taken":0.0,"cards_obtained":["Doubt"]},{"damage_healed":0.0,"max_hp_gain":0.0,"max_hp_loss":0.0,"gold_gain":0.0,"cards_transformed":["Strike_R"],"event_name":"Transmorgrifier","player_choice":"Transformed","floor":4.0,"gold_loss":0.0,"damage_taken":0.0,"cards_obtained":["Infernal Blade"]}],"is_beta":true,"boss_relics":[{"not_picked":["Tiny House","Runic Cube"],"picked":"SacredBark"}],"items_purged_floors":[5],"is_endless":false,"potions_floor_spawned":[1,6,8,11],"killed_by":"3 Byrds","ascension_level":0}