{"gold_per_floor":[109,126,76,90,90,90,124,124,149,74,106,6,33,43,43,43],"floor_reached":16,"playtime":667,"items_purged":["Strike_R","Strike_R"],"score":130,"play_id":"0e19f66b-d055-474f-814a-67364796736d","local_time":"20191005095201","is_ascension_mode":true,"campfire_choices":[{"data":"Whirlwind","floor":6,"key":"SMITH"},{"data":"Seeing Red","floor":8,"key":"SMITH"},{"floor":15,"key":"REST"}],"neow_cost":"NONE","seed_source_timestamp":1927112877430900,"circlet_count":0,"master_deck":["Strike_R","Strike_R","Strike_R","Defend_R","Defend_R","Defend_R","Bash","Whirlwind+1","Seeing Red+1","Offering"],"relics":["Burning Blood","Juzu Bracelet","Blood Vial","Orichalcum","Red Skull"],"potions_floor_usage":[13,16],"damage_taken":[{"damage":15,"enemies":"Small Slimes","floor":1,"turns":3},{"damage":0,"enemies":"2 Louse","floor":2,"turns":1},{"damage":8,"enemies":"Jaw Worm","floor":4,"turns":4},{"damage":35,"enemies":"3 Sentries","floor":7,"turns":5},{"damage":20,"enemies":"Gremlin Nob","floor":11,"turns":4},{"damage":44,"enemies":"Lagavulin","floor":13,"turns":7},{"damage":6,"enemies":"2 Fungi Beasts","floor":14,"turns":2},{"damage":58,"enemies":"The Guardian","floor":16,"turns":9}],"seed_played":"-3421075861913225913","potions_obtained":[{"floor":4,"key":"Ancient Potion"},{"floor":7,"key":"BloodPotion"},{"floor":14,"key":"EssenceOfSteel"}],"is_trial":false,"path_per_floor":["M","M","?","M","?","R","E","R","T","$","E","$","E","M","R","B"],"character_chosen":"IRONCLAD","items_purchased":[],"campfire_rested":1,"item_purchase_floors":[],"current_hp_per_floor":[79,85,85,83,83,83,54,54,54,54,42,42,28,30,56,0],"gold":43,"neow_bonus":"TEN_PERCENT_HP_BONUS","is_prod":false,"is_daily":false,"chose_seed":false,"campfire_upgraded":2,"win_rate":0,"timestamp":1570240321,"path_taken":["M","M","?","M","?","R","E","R","T","$","E","$","E","M","R","BOSS"],"build_version":"2019-07-17","purchased_purges":2,"victory":false,"max_hp_per_floor":[88,88,88,88,88,88,88,88,88,88,88,88,88,88,88,88],"card_choices":[{"not_picked":["Twin Strike","Burning Pact"],"picked":"Whirlwind","floor":1},{"not_picked":["Shrug It Off","Combust","Pummel"],"picked":"SKIP","floor":2},{"not_picked":["Armaments","Dual Wield","Limit Break"],"picked":"SKIP","floor":4},{"not_picked":["Heavy Blade","Evolve"],"picked":"Seeing Red","floor":7},{"not_picked":["Perfected Strike","Headbutt","True Grit"],"picked":"SKIP","floor":11},{"not_picked":["Pommel Strike","Perfected Strike"],"picked":"Offering","floor":13},{"not_picked":["Clothesline","Feel No Pain","Blood for Blood"],"picked":"SKIP","floor":14}],"player_experience":81527,"relics_obtained":[{"floor":7,"key":"Juzu Bracelet"},{"floor":9,"key":"Blood Vial"},{"floor":11,"key":"Orichalcum"},{"floor":13,"key":"Red Skull"}],"event_choices":[{"cards_removed":["Defend_R"],"damage_healed":0,"gold_gain":0,"player_choice":"Card Removal","damage_taken":0,"max_hp_gain":0,"max_hp_loss":0,"event_name":"The Cleric","floor":3,"gold_loss":50},{"damage_healed":0,"gold_gain":0,"player_choice":"Ignored","damage_taken":0,"max_hp_gain":0,"max_hp_loss":0,"event_name":"Shining Light","floor":5,"gold_loss":0}],"is_beta":false,"boss_relics":[],"items_purged_floors":[10,12],"is_endless":false,"potions_floor_spawned":[4,7,14],"killed_by":"The Guardian","ascension_level":2}