{"gold_per_floor":[129,89,149,185,35,134,134,182,182,224,317,407,506,557,557,557],"floor_reached":16,"playtime":240,"items_purged":[],"score":232,"play_id":"422479b1-8c18-49ad-8909-23e7bfe708e2","local_time":"20190918172537","daily_mods":["DeadlyEvents","Binary","Cursed Run","Elite Swarm","Lethality","Midas","Night Terrors","Terminal","Uncertain Future","Binary"],"is_ascension_mode":false,"campfire_choices":[{"floor":7.0,"key":"REST"},{"floor":15.0,"key":"REST"}],"neow_cost":"","seed_source_timestamp":262164177300,"circlet_count":0,"master_deck":["Strike_R","Strike_R","Strike_R","Strike_R","Strike_R","Defend_R","Defend_R","Defend_R","Defend_R","Bash","Whirlwind","Metallicize","Injury"],"special_seed":0,"relics":["Cursed Key","Darkstone Periapt","Du-Vu Doll","Busted Crown","Vajra","Regal Pillow","Frozen Egg 2","Ornamental Fan","StrikeDummy"],"potions_floor_usage":[],"damage_taken":[{"damage":0.0,"enemies":"2 Louse","floor":1.0,"turns":2.0},{"damage":0.0,"enemies":"Jaw Worm","floor":3.0,"turns":2.0},{"damage":0.0,"enemies":"Cultist","floor":4.0,"turns":2.0},{"damage":0.0,"enemies":"3 Sentries","floor":6.0,"turns":2.0},{"damage":0.0,"enemies":"Blue Slaver","floor":8.0,"turns":2.0},{"damage":3.0,"enemies":"2 Fungi Beasts","floor":10.0,"turns":2.0},{"damage":0.0,"enemies":"Gremlin Nob","floor":11.0,"turns":2.0},{"damage":0.0,"enemies":"3 Sentries","floor":12.0,"turns":1.0},{"damage":0.0,"enemies":"Lagavulin","floor":13.0,"turns":4.0},{"damage":0.0,"enemies":"3 Louse","floor":14.0,"turns":1.0},{"damage":1,"enemies":"The Guardian","floor":16,"turns":3}],"seed_played":"2036025833434673694","potions_obtained":[{"floor":1.0,"key":"PowerPotion"},{"floor":6.0,"key":"BloodPotion"},{"floor":11.0,"key":"SkillPotion"},{"floor":14.0,"key":"Regen Potion"}],"is_trial":true,"path_per_floor":["M","?","M","M","$","E","R","M","T","M","E","E","E","M","R","B"],"character_chosen":"IRONCLAD","items_purchased":["Whirlwind","Metallicize"],"campfire_rested":2,"item_purchase_floors":[5,5],"current_hp_per_floor":[1,1,1,1,1,1,1,1,6,3,3,3,2,1,1,0],"gold":557,"neow_bonus":"","is_prod":false,"is_daily":false,"chose_seed":false,"campfire_upgraded":0,"win_rate":0,"timestamp":1568845537,"path_taken":["M","?","M","M","$","E","R","?","T","M","E","?","E","M","R","BOSS"],"build_version":"2019-09-18","purchased_purges":0,"victory":false,"max_hp_per_floor":[1,1,1,1,1,1,1,1,6,5,4,3,2,1,1,1],"card_choices":[],"player_experience":1393115,"relics_obtained":[{"floor":6.0,"key":"Vajra"},{"floor":9.0,"key":"Regal Pillow"},{"floor":11.0,"key":"Frozen Egg 2"},{"floor":12.0,"key":"Ornamental Fan"},{"floor":13.0,"key":"StrikeDummy"}],"event_choices":[{"damage_healed":0.0,"max_hp_gain":0.0,"max_hp_loss":0.0,"gold_gain":0.0,"event_name":"World of Goop","player_choice":"Left Gold","floor":2.0,"gold_loss":40.0,"damage_taken":0.0}],"is_beta":true,"boss_relics":[],"items_purged_floors":[],"is_endless":false,"potions_floor_spawned":[1,6,11,14],"killed_by":"The Guardian","ascension_level":0}