{"gold_per_floor":[135,38,98,98,137,221,221,305,305,356,356,395,395,500,500,788,788,818,857,902,902,956,1061,173,260,260,344,344,344,380,431,431,740,740,797,830,890,890,926,926,1010,1010,1010,1109,353,440,557,614,626,638],"floor_reached":50,"playtime":1045,"items_purged":["Normality","Shame"],"score":1042,"play_id":"cc66055c-7d25-4324-aa1e-182a34a5e32f","local_time":"20190919131813","daily_mods":["DeadlyEvents","Binary","Cursed Run","Elite Swarm","Lethality","Midas","Night Terrors","Terminal","Uncertain Future","Binary"],"is_ascension_mode":false,"campfire_choices":[{"floor":11.0,"key":"REST"},{"floor":13.0,"key":"REST"},{"floor":15.0,"key":"REST"},{"floor":29.0,"key":"REST"},{"floor":32.0,"key":"REST"},{"floor":40.0,"key":"REST"},{"floor":42.0,"key":"REST"},{"floor":49.0,"key":"REST"}],"neow_cost":"","seed_source_timestamp":0,"circlet_count":0,"master_deck":["Strike_R","Strike_R","Strike_R","Strike_R","Strike_R","Defend_R+1","Defend_R","Defend_R+1","Defend_R+1","Bash","Heavy Blade","Shrug It Off+1","Parasite","Shrug It Off+1","Apotheosis","Flame Barrier","Pommel Strike","Clumsy","Decay","CurseOfTheBell","Pummel","Master of Strategy"],"special_seed":0,"relics":["Cursed Key","Darkstone Periapt","Du-Vu Doll","Busted Crown","Orichalcum","Meat on the Bone","PreservedInsect","Bag of Preparation","Fusion Hammer","Bottled Lightning","War Paint","CloakClasp","Dream Catcher","Boot","Ancient Tea Set","Calling Bell","Akabeko","HornCleat","Torii","Mummified Hand","Singing Bowl","Ginger","MawBank","Strawberry"],"potions_floor_usage":[50,50],"damage_taken":[{"damage":0.0,"enemies":"2 Louse","floor":1.0,"turns":2.0},{"damage":0.0,"enemies":"Small Slimes","floor":3.0,"turns":2.0},{"damage":0.0,"enemies":"Jaw Worm","floor":5.0,"turns":1.0},{"damage":0.0,"enemies":"Lagavulin","floor":6.0,"turns":3.0},{"damage":0.0,"enemies":"Gremlin Nob","floor":8.0,"turns":2.0},{"damage":0.0,"enemies":"Red Slaver","floor":10.0,"turns":2.0},{"damage":0.0,"enemies":"Exordium Thugs","floor":12.0,"turns":2.0},{"damage":0.0,"enemies":"3 Sentries","floor":14.0,"turns":3.0},{"damage":0.0,"enemies":"Slime Boss","floor":16.0,"turns":4.0},{"damage":0.0,"enemies":"Chosen","floor":18.0,"turns":2.0},{"damage":0.0,"enemies":"Shell Parasite","floor":19.0,"turns":2.0},{"damage":0.0,"enemies":"Snake Plant","floor":20.0,"turns":2.0},{"damage":0.0,"enemies":"Cultist and Chosen","floor":22.0,"turns":3.0},{"damage":0.0,"enemies":"Slavers","floor":23.0,"turns":4.0},{"damage":0.0,"enemies":"Gremlin Leader","floor":25.0,"turns":3.0},{"damage":0.0,"enemies":"Book of Stabbing","floor":27.0,"turns":2.0},{"damage":0.0,"enemies":"3 Cultists","floor":30.0,"turns":4.0},{"damage":0.0,"enemies":"Shelled Parasite and Fungi","floor":31.0,"turns":3.0},{"damage":0.0,"enemies":"Automaton","floor":33.0,"turns":6.0},{"damage":0.0,"enemies":"3 Shapes","floor":35.0,"turns":2.0},{"damage":0.0,"enemies":"Orb Walker","floor":36.0,"turns":2.0},{"damage":0.0,"enemies":"Sphere and 2 Shapes","floor":37.0,"turns":3.0},{"damage":0.0,"enemies":"Spire Growth","floor":39.0,"turns":2.0},{"damage":0.0,"enemies":"Reptomancer","floor":41.0,"turns":2.0},{"damage":0.0,"enemies":"Giant Head","floor":44.0,"turns":5.0},{"damage":0.0,"enemies":"Nemesis","floor":46.0,"turns":3.0},{"damage":0.0,"enemies":"Reptomancer","floor":47.0,"turns":2.0},{"damage":0.0,"enemies":"4 Shapes","floor":48.0,"turns":6.0},{"damage":13,"enemies":"Time Eater","floor":50,"turns":3}],"seed_played":"-4391727442861268408","potions_obtained":[{"floor":5.0,"key":"PowerPotion"},{"floor":6.0,"key":"PowerPotion"},{"floor":8.0,"key":"AttackPotion"},{"floor":14.0,"key":"GamblersBrew"},{"floor":20.0,"key":"Block Potion"},{"floor":23.0,"key":"DuplicationPotion"},{"floor":25.0,"key":"SteroidPotion"},{"floor":27.0,"key":"SkillPotion"},{"floor":37.0,"key":"Regen Potion"},{"floor":41.0,"key":"Block Potion"},{"floor":46.0,"key":"FearPotion"},{"floor":48.0,"key":"Strength Potion"}],"is_trial":true,"path_per_floor":["M","$","M","?","M","E","?","E","T","M","R","M","R","E","R","B",null,"M","M","M","?","M","E","$","E","T","E","?","R","M","M","R","B",null,"M","M","M","?","M","R","E","R","T","E","$","E","E","M","R","B"],"character_chosen":"IRONCLAD","items_purchased":["Heavy Blade","Shrug It Off","Apotheosis","Dexterity Potion","War Paint","CloakClasp","Flame Barrier","Pommel Strike","Ginger","Master of Strategy","Fire Potion","FairyPotion"],"campfire_rested":8,"item_purchase_floors":[2,2,24,24,24,24,24,24,45,45,45,45],"current_hp_per_floor":[1,1,1,1,1,1,6,5,10,9,3,2,1,1,1,6,5,4,3,2,1,1,1,1,1,6,5,9,3,2,1,1,6,11,10,9,8,7,6,1,1,1,1,1,1,1,7,6,1,0],"gold":638,"neow_bonus":"","is_prod":false,"is_daily":false,"chose_seed":false,"campfire_upgraded":0,"win_rate":0,"timestamp":1568917093,"path_taken":["M","$","M","?","M","E","?","E","T","?","R","M","R","E","R","BOSS","M","M","M","?","?","E","$","E","T","E","?","R","M","M","R","BOSS","M","M","M","?","M","R","E","R","T","E","$","E","?","?","R","BOSS"],"build_version":"2019-09-18","purchased_purges":2,"victory":false,"max_hp_per_floor":[1,1,1,1,1,1,6,5,10,9,3,2,1,1,1,6,5,4,3,2,1,1,1,1,1,6,5,9,3,2,1,1,6,11,10,9,8,7,6,1,1,1,1,1,1,1,7,6,1,1],"card_choices":[],"player_experience":1406560,"relics_obtained":[{"floor":6.0,"key":"Orichalcum"},{"floor":8.0,"key":"Meat on the Bone"},{"floor":9.0,"key":"PreservedInsect"},{"floor":14.0,"key":"Bag of Preparation"},{"floor":23.0,"key":"Bottled Lightning"},{"floor":25.0,"key":"Dream Catcher"},{"floor":26.0,"key":"Boot"},{"floor":27.0,"key":"Ancient Tea Set"},{"floor":34.0,"key":"Akabeko"},{"floor":34.0,"key":"HornCleat"},{"floor":34.0,"key":"Torii"},{"floor":41.0,"key":"Mummified Hand"},{"floor":44.0,"key":"Singing Bowl"},{"floor":46.0,"key":"MawBank"},{"floor":47.0,"key":"Strawberry"}],"event_choices":[{"damage_healed":0.0,"max_hp_gain":0.0,"max_hp_loss":0.0,"gold_gain":0.0,"event_name":"Shining Light","player_choice":"Entered Light","floor":4.0,"gold_loss":0.0,"damage_taken":0.0,"cards_upgraded":["Shrug It Off","Defend_R"]},{"damage_healed":0.0,"max_hp_gain":0.0,"max_hp_loss":0.0,"gold_gain":0.0,"event_name":"Mushrooms","player_choice":"Healed and dodged fight","floor":7.0,"gold_loss":0.0,"damage_taken":0.0,"cards_obtained":["Parasite"]},{"damage_healed":0.0,"max_hp_gain":0.0,"max_hp_loss":0.0,"gold_gain":0.0,"event_name":"Duplicator","player_choice":"Copied","floor":21.0,"gold_loss":0.0,"damage_taken":0.0,"cards_obtained":["Shrug It Off"]},{"damage_healed":0.0,"max_hp_gain":5.0,"max_hp_loss":0.0,"gold_gain":0.0,"event_name":"Forgotten Altar","player_choice":"Shed Blood","floor":28.0,"gold_loss":0.0,"damage_taken":1.0},{"damage_healed":0.0,"max_hp_gain":0.0,"max_hp_loss":0.0,"gold_gain":0.0,"event_name":"Match and Keep!","player_choice":"1 cards matched","floor":38.0,"gold_loss":0.0,"damage_taken":0.0,"cards_obtained":["Pummel"]}],"is_beta":true,"boss_relics":[{"not_picked":["Tiny House","SlaversCollar"],"picked":"Fusion Hammer"},{"not_picked":["Mark of Pain","Pandora\u0027s Box"],"picked":"Calling Bell"}],"items_purged_floors":[24,45],"is_endless":false,"potions_floor_spawned":[5,6,8,10,14,20,23,25,27,37,41,46,48],"killed_by":"Time Eater","ascension_level":0}