{"gold_per_floor":[119,138,150,225,242,274,274,199,273,306,322,338,303,335,335,335],"floor_reached":16,"playtime":1269,"items_purged":["Defend_R"],"score":122,"play_id":"057d2920-52a0-4312-ac7b-de68d02308c9","local_time":"20190920212312","is_ascension_mode":false,"campfire_choices":[{"data":"Strike_R","floor":7,"key":"PURGE"},{"data":"Strike_R","floor":15,"key":"PURGE"}],"neow_cost":"PERCENT_DAMAGE","seed_source_timestamp":671983690877300,"circlet_count":0,"master_deck":["Strike_R","Strike_R","Strike_R","Defend_R","Defend_R","Defend_R","Bash","Intimidate","Iron Wave","Brutality","Rampage","Pommel Strike","Infernal Blade","Ghostly Armor"],"relics":["Burning Blood","Bird Faced Urn","Peace Pipe","Pear","PreservedInsect","Anchor"],"potions_floor_usage":[10,12,12,14,16],"damage_taken":[{"damage":1,"enemies":"Cultist","floor":1,"turns":3},{"damage":1,"enemies":"2 Louse","floor":2,"turns":3},{"damage":8,"enemies":"Jaw Worm","floor":3,"turns":4},{"damage":3,"enemies":"Exordium Wildlife","floor":5,"turns":5},{"damage":33,"enemies":"Gremlin Nob","floor":6,"turns":5},{"damage":30,"enemies":"3 Sentries","floor":10,"turns":7},{"damage":20,"enemies":"Gremlin Gang","floor":11,"turns":5},{"damage":8,"enemies":"Large Slime","floor":12,"turns":5},{"damage":8,"enemies":"Gremlin Nob","floor":14,"turns":4},{"damage":33,"enemies":"The Guardian","floor":16,"turns":5}],"seed_played":"3659340351869559258","potions_obtained":[{"floor":1,"key":"GamblersBrew"},{"floor":6,"key":"SteroidPotion"},{"floor":10,"key":"PowerPotion"},{"floor":11,"key":"Block Potion"},{"floor":12,"key":"Strength Potion"},{"floor":14,"key":"SpeedPotion"}],"is_trial":false,"path_per_floor":["M","M","M","?","M","E","R","$","T","E","M","M","?","E","R","B"],"character_chosen":"IRONCLAD","items_purchased":[],"campfire_rested":0,"item_purchase_floors":[],"current_hp_per_floor":[61,66,64,53,58,33,33,33,43,21,9,11,33,33,33,0],"gold":335,"neow_bonus":"ONE_RARE_RELIC","is_prod":false,"is_daily":false,"chose_seed":false,"campfire_upgraded":0,"win_rate":0.0,"timestamp":1568985792,"path_taken":["M","M","M","?","M","E","R","$","T","E","M","M","?","E","R","BOSS"],"build_version":"2019-07-17","purchased_purges":1,"victory":false,"max_hp_per_floor":[80,80,80,80,80,80,80,80,90,90,90,90,90,90,90,90],"card_choices":[{"not_picked":["Armaments","Warcry"],"picked":"Intimidate","floor":1},{"not_picked":["Ghostly Armor","Clothesline"],"picked":"Iron Wave","floor":2},{"not_picked":["Cleave","Carnage"],"picked":"Brutality","floor":3},{"not_picked":["Sword Boomerang","Carnage"],"picked":"Rampage","floor":5},{"not_picked":["Metallicize","Flame Barrier"],"picked":"Pommel Strike","floor":6},{"not_picked":["Uppercut","Bludgeon","Pommel Strike"],"picked":"SKIP","floor":10},{"not_picked":["Dropkick","Sword Boomerang"],"picked":"Infernal Blade","floor":11},{"not_picked":["Inflame","Hemokinesis"],"picked":"Ghostly Armor","floor":12},{"not_picked":["Uppercut","Pummel","True Grit"],"picked":"SKIP","floor":14}],"player_experience":16781,"relics_obtained":[{"floor":6,"key":"Peace Pipe"},{"floor":9,"key":"Pear"},{"floor":10,"key":"PreservedInsect"},{"floor":14,"key":"Anchor"}],"event_choices":[{"damage_healed":0,"gold_gain":75,"player_choice":"Gather Gold","damage_taken":11,"max_hp_gain":0,"max_hp_loss":0,"event_name":"World of Goop","floor":4,"gold_loss":0},{"damage_healed":22,"gold_gain":0,"player_choice":"Healed","damage_taken":0,"max_hp_gain":0,"max_hp_loss":0,"event_name":"The Cleric","floor":13,"gold_loss":35}],"is_beta":false,"boss_relics":[],"items_purged_floors":[8],"is_endless":false,"potions_floor_spawned":[1,6,10,11,12,14],"killed_by":"The Guardian","ascension_level":0}