{"gold_per_floor":[119,69,86,97,22,22,57,68,92,122,134,146,158,204,216,228],"floor_reached":16,"playtime":908,"items_purged":["Defend_G"],"score":110,"play_id":"81034bfa-7f73-4977-9550-50103622f318","local_time":"20190927194244","is_ascension_mode":false,"campfire_choices":[{"data":"Dagger Spray","floor":6,"key":"SMITH"},{"data":"Blade Dance","floor":15,"key":"SMITH"}],"neow_cost":"NONE","seed_source_timestamp":1271115429200000,"circlet_count":0,"master_deck":["Strike_G","Strike_G","Strike_G","Strike_G","Strike_G","Defend_G","Defend_G","Defend_G","Survivor","Neutralize","Dramatic Entrance","Slice","Dagger Spray+1","Noxious Fumes","Infinite Blades","Dagger Spray","Blade Dance+1"],"relics":["Ring of the Snake","Pen Nib","MawBank","Question Card","Dream Catcher"],"potions_floor_usage":[16,16],"damage_taken":[{"damage":2,"enemies":"Jaw Worm","floor":1,"turns":5},{"damage":0,"enemies":"2 Louse","floor":3,"turns":2},{"damage":0,"enemies":"Small Slimes","floor":4,"turns":2},{"damage":14,"enemies":"3 Sentries","floor":7,"turns":4},{"damage":4,"enemies":"Looter","floor":8,"turns":3},{"damage":0,"enemies":"Large Slime","floor":10,"turns":4},{"damage":23,"enemies":"Lagavulin","floor":14,"turns":5},{"damage":32,"enemies":"The Guardian","floor":16,"turns":6}],"seed_played":"3974521038268765647","potions_obtained":[{"floor":3,"key":"Energy Potion"},{"floor":8,"key":"Explosive Potion"},{"floor":10,"key":"FearPotion"}],"is_trial":false,"path_per_floor":["M","?","M","M","$","R","E","M","T","M","?","?","T","E","R","B"],"character_chosen":"THE_SILENT","items_purchased":[],"campfire_rested":0,"item_purchase_floors":[],"current_hp_per_floor":[68,68,68,68,68,68,54,50,50,50,50,55,55,32,32,0],"gold":228,"neow_bonus":"RANDOM_COLORLESS","is_prod":false,"is_daily":false,"chose_seed":false,"campfire_upgraded":2,"win_rate":0.0,"timestamp":1569584564,"path_taken":["M","?","M","M","$","R","E","M","T","M","?","?","?","E","R","BOSS"],"build_version":"2019-07-17","purchased_purges":1,"victory":false,"max_hp_per_floor":[70,70,70,70,70,70,70,70,70,70,70,75,75,75,75,75],"card_choices":[{"not_picked":["Dash","Flechettes"],"picked":"Slice","floor":1},{"not_picked":["Skewer","Outmaneuver"],"picked":"Dagger Spray","floor":3},{"not_picked":["Leg Sweep","Dodge and Roll","Catalyst"],"picked":"SKIP","floor":4},{"not_picked":["Leg Sweep","Deadly Poison"],"picked":"Noxious Fumes","floor":7},{"not_picked":["Eviscerate","Underhanded Strike"],"picked":"Infinite Blades","floor":8},{"not_picked":["Dagger Throw","Slice"],"picked":"Dagger Spray","floor":10},{"not_picked":["Sucker Punch","Tactician","Flechettes"],"picked":"Blade Dance","floor":14}],"player_experience":32602,"relics_obtained":[{"floor":7,"key":"Pen Nib"},{"floor":9,"key":"MawBank"},{"floor":13,"key":"Question Card"},{"floor":14,"key":"Dream Catcher"}],"event_choices":[{"cards_removed":["Defend_G"],"damage_healed":0,"gold_gain":0,"player_choice":"Card Removal","damage_taken":0,"max_hp_gain":0,"max_hp_loss":0,"event_name":"The Cleric","floor":2,"gold_loss":50},{"damage_healed":0,"gold_gain":0,"player_choice":"Ignored","damage_taken":0,"max_hp_gain":0,"max_hp_loss":0,"event_name":"Liars Game","floor":11,"gold_loss":0},{"damage_healed":0,"gold_gain":0,"player_choice":"Donut","damage_taken":0,"max_hp_gain":5,"max_hp_loss":0,"event_name":"Big Fish","floor":12,"gold_loss":0}],"is_beta":false,"boss_relics":[],"items_purged_floors":[5],"is_endless":false,"potions_floor_spawned":[3,8,10,14],"killed_by":"The Guardian","ascension_level":0}