{"gold_per_floor":[119,119,119,96,271,309,309,333,388,413,466,466,500,516,516,642,642,656,681,681],"floor_reached":20,"playtime":478,"items_purged":[],"score":334,"play_id":"1fc8c2bf-9ac1-4ffc-bc40-b23d714c0f24","local_time":"20190929170801","is_ascension_mode":true,"campfire_choices":[{"data":"Pommel Strike","floor":7.0,"key":"SMITH"},{"data":"Bash","floor":12.0,"key":"SMITH"},{"data":"Cleave","floor":15.0,"key":"SMITH"}],"neow_cost":"NONE","seed_source_timestamp":1305480999986900,"circlet_count":0,"master_deck":["Strike_R","Strike_R","Strike_R","Strike_R","Strike_R","Defend_R","Defend_R","Defend_R","Defend_R","Bash+1","Headbutt","Cleave+1","Doubt","Pommel Strike+1","Perfected Strike"],"special_seed":0,"relics":["Burning Blood","NeowsBlessing","Shuriken","Golden Idol","Bag of Preparation","Tiny Chest","Bronze Scales","Blood Vial","SlaversCollar"],"potions_floor_usage":[20],"damage_taken":[{"damage":0.0,"enemies":"Cultist","floor":1.0,"turns":1.0},{"damage":0.0,"enemies":"Gremlin Nob","floor":6.0,"turns":1.0},{"damage":0.0,"enemies":"Small Slimes","floor":8.0,"turns":1.0},{"damage":12.0,"enemies":"Jaw Worm","floor":10.0,"turns":2.0},{"damage":40.0,"enemies":"Lagavulin","floor":13.0,"turns":5.0},{"damage":13.0,"enemies":"Blue Slaver","floor":14.0,"turns":3.0},{"damage":0.0,"enemies":"Slime Boss","floor":16.0,"turns":6.0},{"damage":21.0,"enemies":"Chosen","floor":18.0,"turns":4.0},{"damage":28.0,"enemies":"Spheric Guardian","floor":19.0,"turns":4.0},{"damage":47,"enemies":"Shelled Parasite and Fungi","floor":20,"turns":4}],"seed_played":"-5552972551051655881","potions_obtained":[{"floor":1.0,"key":"FearPotion"},{"floor":6.0,"key":"SteroidPotion"},{"floor":14.0,"key":"Swift Potion"},{"floor":19.0,"key":"Fruit Juice"}],"is_trial":false,"path_per_floor":["M","T","?","$","?","E","R","M","T","M","T","R","E","M","R","B",null,"M","M","M"],"character_chosen":"IRONCLAD","items_purchased":["Cleave"],"campfire_rested":0,"item_purchase_floors":[4],"current_hp_per_floor":[78,78,58,58,58,64,64,70,70,64,64,64,30,25,25,33,68,55,40,0],"gold":681,"neow_bonus":"THREE_ENEMY_KILL","is_prod":false,"is_daily":false,"chose_seed":false,"campfire_upgraded":3,"win_rate":0,"timestamp":1569769681,"path_taken":["M","?","?","$","?","E","R","M","T","?","?","R","E","M","R","BOSS","M","M","M"],"build_version":"2019-09-27","purchased_purges":0,"victory":false,"max_hp_per_floor":[80,80,80,80,80,80,80,80,80,80,80,80,80,80,80,80,80,80,85,85],"card_choices":[{"not_picked":["Blood for Blood","Fire Breathing"],"picked":"Headbutt","floor":1.0},{"not_picked":["Uppercut","Inflame"],"picked":"Pommel Strike","floor":6.0},{"not_picked":["Dual Wield","Corruption","Rupture"],"picked":"SKIP","floor":8.0},{"not_picked":["Headbutt","Metallicize","Heavy Blade"],"picked":"SKIP","floor":10.0},{"not_picked":["Dual Wield","Thunderclap","Iron Wave"],"picked":"SKIP","floor":13.0},{"not_picked":["Exhume","Heavy Blade","Reckless Charge"],"picked":"SKIP","floor":14.0},{"not_picked":["Spot Weakness","Sword Boomerang","Fire Breathing+1"],"picked":"SKIP","floor":18.0},{"not_picked":["Flex","Hemokinesis"],"picked":"Perfected Strike","floor":19.0}],"player_experience":323973,"relics_obtained":[{"floor":2.0,"key":"Shuriken"},{"floor":6.0,"key":"Bag of Preparation"},{"floor":9.0,"key":"Tiny Chest"},{"floor":11.0,"key":"Bronze Scales"},{"floor":13.0,"key":"Blood Vial"}],"event_choices":[{"damage_healed":0.0,"max_hp_gain":0.0,"max_hp_loss":0.0,"gold_gain":0.0,"event_name":"Golden Idol","player_choice":"Take Damage","floor":3.0,"gold_loss":0.0,"damage_taken":20.0,"relics_obtained":["Golden Idol"]},{"damage_healed":0.0,"max_hp_gain":0.0,"max_hp_loss":0.0,"gold_gain":175.0,"event_name":"Liars Game","player_choice":"AGREE","floor":5.0,"gold_loss":0.0,"damage_taken":0.0,"cards_obtained":["Doubt"]}],"is_beta":true,"boss_relics":[{"not_picked":["Pandora\u0027s Box","Sozu"],"picked":"SlaversCollar"}],"items_purged_floors":[],"is_endless":false,"potions_floor_spawned":[1,6,14,19],"killed_by":"Shelled Parasite and Fungi","ascension_level":6}