{"gold_per_floor":[111,111,36,36,47,47,63,95,173,173,73,87,113,124,124,227,227,238,238,29,41,59,84,84,112,112,112,112],"floor_reached":28,"playtime":1601,"items_purged":["Defend_R","Defend_R"],"score":320,"play_id":"d34a4c32-9deb-4f25-be30-8acf3555a7be","local_time":"20191006134753","is_ascension_mode":true,"campfire_choices":[{"data":"Wild Strike","floor":6,"key":"SMITH"},{"data":"Brutality","floor":15,"key":"SMITH"},{"data":"Wild Strike","floor":24,"key":"SMITH"},{"floor":27,"key":"REST"}],"neow_cost":"PERCENT_DAMAGE","seed_source_timestamp":2026732446233100,"circlet_count":0,"master_deck":["Bash","Berserk","Wild Strike+1","Sever Soul","Brutality+1","Wild Strike+1","Reaper","Rupture","Cleave","Limit Break","Battle Trance","Rampage","Second Wind+1"],"relics":["Burning Blood","Boot","Self Forming Clay","Vajra","Pandora\u0027s Box","HandDrill","Happy Flower","Centennial Puzzle","Anchor"],"potions_floor_usage":[8,12,13,16,23,23],"damage_taken":[{"damage":0,"enemies":"Small Slimes","floor":1,"turns":2},{"damage":0,"enemies":"Cultist","floor":5,"turns":2},{"damage":6,"enemies":"2 Louse","floor":7,"turns":2},{"damage":48,"enemies":"3 Sentries","floor":8,"turns":5},{"damage":19,"enemies":"Large Slime","floor":12,"turns":2},{"damage":1,"enemies":"Gremlin Nob","floor":13,"turns":2},{"damage":8,"enemies":"Blue Slaver","floor":14,"turns":2},{"damage":39,"enemies":"Hexaghost","floor":16,"turns":7},{"damage":18,"enemies":"Spheric Guardian","floor":18,"turns":3},{"damage":12,"enemies":"3 Byrds","floor":21,"turns":4},{"damage":30,"enemies":"Cultist and Chosen","floor":22,"turns":4},{"damage":36,"enemies":"Slavers","floor":23,"turns":3},{"damage":49,"enemies":"Book of Stabbing","floor":25,"turns":5},{"damage":33,"enemies":"Slavers","floor":28,"turns":1}],"seed_played":"612989548780093306","potions_obtained":[{"floor":4,"key":"Explosive Potion"},{"floor":4,"key":"Swift Potion"},{"floor":4,"key":"SmokeBomb"},{"floor":7,"key":"Swift Potion"},{"floor":8,"key":"Swift Potion"},{"floor":12,"key":"AttackPotion"},{"floor":16,"key":"SkillPotion"},{"floor":21,"key":"SpeedPotion"}],"is_trial":false,"path_per_floor":["M","?","$","?","M","R","M","E","T","?","$","M","E","M","R","B",null,"M","?","$","M","M","E","R","E","T","R","E"],"character_chosen":"IRONCLAD","items_purchased":["HandDrill"],"campfire_rested":1,"item_purchase_floors":[20],"current_hp_per_floor":[62,62,62,62,68,68,68,26,26,52,52,39,44,42,42,9,80,68,68,68,74,59,44,44,8,8,32,0],"gold":112,"neow_bonus":"TRANSFORM_TWO_CARDS","is_prod":false,"is_daily":false,"chose_seed":false,"campfire_upgraded":3,"win_rate":0,"timestamp":1570340873,"path_taken":["M","?","?","?","M","R","?","E","T","?","$","M","E","M","R","BOSS","M","?","$","M","M","E","R","E","T","R","E"],"build_version":"2019-07-17","purchased_purges":2,"victory":false,"max_hp_per_floor":[80,80,80,80,80,80,80,80,80,80,80,80,80,80,80,80,80,80,80,80,80,80,80,80,80,80,80,80],"card_choices":[{"not_picked":["Armaments","Pommel Strike","Clash"],"picked":"SKIP","floor":1},{"not_picked":["Clash","Twin Strike"],"picked":"Sever Soul","floor":5},{"not_picked":["Wild Strike","Sentinel"],"picked":"Brutality","floor":7},{"not_picked":["Cleave","Entrench"],"picked":"Wild Strike","floor":8},{"not_picked":["Dual Wield","Anger","Warcry"],"picked":"SKIP","floor":12},{"not_picked":["Cleave","Clothesline","True Grit"],"picked":"SKIP","floor":13},{"not_picked":["Clash","Fiend Fire","Heavy Blade"],"picked":"SKIP","floor":14},{"not_picked":["Dark Embrace","Demon Form"],"picked":"Reaper","floor":16},{"not_picked":["Infernal Blade","Pommel Strike+1","Cleave"],"picked":"SKIP","floor":18},{"not_picked":["Havoc","Pummel","True Grit"],"picked":"SKIP","floor":21},{"not_picked":["Warcry","Anger","Uppercut+1"],"picked":"SKIP","floor":22},{"not_picked":["Havoc","Iron Wave"],"picked":"Second Wind+1","floor":23},{"not_picked":["Second Wind","Cleave","Iron Wave"],"picked":"SKIP","floor":25}],"player_experience":117021,"relics_obtained":[{"floor":8,"key":"Boot"},{"floor":9,"key":"Self Forming Clay"},{"floor":13,"key":"Vajra"},{"floor":23,"key":"Happy Flower"},{"floor":25,"key":"Centennial Puzzle"},{"floor":26,"key":"Anchor"}],"event_choices":[{"damage_healed":0,"gold_gain":0,"player_choice":"Bought 0 Potions","damage_taken":0,"max_hp_gain":0,"max_hp_loss":0,"event_name":"The Woman in Blue","floor":2,"gold_loss":0},{"damage_healed":0,"gold_gain":0,"player_choice":"Got Potions","damage_taken":0,"max_hp_gain":0,"max_hp_loss":0,"event_name":"Lab","floor":4,"gold_loss":0},{"damage_healed":26,"gold_gain":0,"player_choice":"Banana","damage_taken":0,"max_hp_gain":0,"max_hp_loss":0,"event_name":"Big Fish","floor":10,"gold_loss":0},{"damage_healed":0,"gold_gain":0,"player_choice":"Ignored","damage_taken":0,"max_hp_gain":0,"max_hp_loss":0,"event_name":"Vampires","floor":19,"gold_loss":0}],"is_beta":false,"boss_relics":[{"not_picked":["Fusion Hammer","Astrolabe"],"picked":"Pandora\u0027s Box"}],"items_purged_floors":[3,11],"is_endless":false,"potions_floor_spawned":[7,8,12,16,21],"killed_by":"Slavers","ascension_level":2}