{"gold_per_floor":[114,127,127,140,163,163,194,206,218,243,287,312,336,363,375,387],"floor_reached":16,"playtime":1997,"items_purged":[],"score":120,"play_id":"6384b8a0-6604-4e19-90c9-7213ada0a72a","local_time":"20191005161849","is_ascension_mode":true,"campfire_choices":[{"data":"Survivor","floor":6,"key":"SMITH"},{"data":"Well Laid Plans","floor":8,"key":"SMITH"},{"data":"Tactician","floor":15,"key":"SMITH"}],"neow_cost":"NONE","seed_source_timestamp":1948991880927900,"circlet_count":0,"master_deck":["Strike_G","Strike_G","Strike_G","Strike_G","Strike_G","Defend_G","Defend_G","Defend_G","Defend_G","Defend_G","Survivor+1","Neutralize+1","Tactician+1","Well Laid Plans+1","Escape Plan"],"relics":["Ring of the Snake","Gremlin Horn","Happy Flower","MawBank","Letter Opener","Potion Belt"],"potions_floor_usage":[7,16,16],"damage_taken":[{"damage":0,"enemies":"Small Slimes","floor":1,"turns":4},{"damage":4,"enemies":"Jaw Worm","floor":2,"turns":5},{"damage":1,"enemies":"Cultist","floor":4,"turns":4},{"damage":10,"enemies":"Lagavulin","floor":7,"turns":11},{"damage":0,"enemies":"Blue Slaver","floor":10,"turns":4},{"damage":4,"enemies":"3 Sentries","floor":11,"turns":9},{"damage":6,"enemies":"Gremlin Gang","floor":12,"turns":5},{"damage":1,"enemies":"Exordium Thugs","floor":13,"turns":6},{"damage":0,"enemies":"Looter","floor":14,"turns":3},{"damage":38,"enemies":"Hexaghost","floor":16,"turns":15}],"seed_played":"-7979533594459598444","potions_obtained":[{"floor":2,"key":"Dexterity Potion"},{"floor":7,"key":"SkillPotion"},{"floor":12,"key":"Regen Potion"},{"floor":13,"key":"Energy Potion"}],"is_trial":false,"path_per_floor":["M","M","?","M","T","R","E","R","T","M","E","M","M","M","R","B"],"character_chosen":"THE_SILENT","items_purchased":[],"campfire_rested":0,"item_purchase_floors":[],"current_hp_per_floor":[70,66,59,58,58,58,48,48,48,48,44,38,37,37,37,11],"gold":387,"neow_bonus":"UPGRADE_CARD","is_prod":false,"is_daily":false,"chose_seed":false,"campfire_upgraded":3,"win_rate":0,"timestamp":1570263529,"path_taken":["M","M","?","M","?","R","E","R","T","M","E","M","?","M","R","BOSS"],"build_version":"2019-07-17","purchased_purges":0,"victory":false,"max_hp_per_floor":[70,70,70,70,70,70,70,70,70,70,70,70,70,70,70,70],"card_choices":[{"not_picked":["Prepared","Underhanded Strike"],"picked":"Tactician","floor":1},{"not_picked":["Deadly Poison","Dodge and Roll","Poisoned Stab"],"picked":"SKIP","floor":2},{"not_picked":["Infinite Blades","Flying Knee","Dodge and Roll"],"picked":"SKIP","floor":4},{"not_picked":["Blade Dance","Phantasmal Killer"],"picked":"Well Laid Plans","floor":7},{"not_picked":["Choke","Sucker Punch"],"picked":"Escape Plan","floor":10},{"not_picked":["Outmaneuver","Distraction","Slice"],"picked":"SKIP","floor":11},{"not_picked":["Caltrops","Finisher","Acrobatics"],"picked":"SKIP","floor":12},{"not_picked":["Expertise","Caltrops","Sucker Punch"],"picked":"SKIP","floor":13},{"not_picked":["Dagger Spray","Acrobatics","Heel Hook"],"picked":"SKIP","floor":14}],"player_experience":87038,"relics_obtained":[{"floor":5,"key":"Happy Flower"},{"floor":7,"key":"MawBank"},{"floor":9,"key":"Letter Opener"},{"floor":11,"key":"Potion Belt"}],"event_choices":[{"damage_healed":0,"gold_gain":0,"player_choice":"Success","damage_taken":7,"relics_obtained":["Gremlin Horn"],"max_hp_gain":0,"max_hp_loss":0,"event_name":"Scrap Ooze","floor":3,"gold_loss":0}],"is_beta":false,"boss_relics":[],"items_purged_floors":[],"is_endless":false,"potions_floor_spawned":[2,7,12,13],"killed_by":"Hexaghost","ascension_level":1}