{"gold_per_floor":[111,111,36,36,36,72,72,72,96,112,112,112,143,166,166,296,296,317,417,432,447,92,132,132,170,170,45,66,99,99,99,99,99],"floor_reached":33,"playtime":1882,"items_purged":["Defend_R","Defend_R","Defend_R"],"score":303,"play_id":"c579feba-32d7-4d8e-a423-d1e19058a897","local_time":"20191004210658","is_ascension_mode":true,"campfire_choices":[{"data":"Uppercut","floor":7,"key":"SMITH"},{"data":"Perfected Strike","floor":12,"key":"SMITH"},{"data":"Flex","floor":15,"key":"SMITH"},{"data":"Barricade","floor":24,"key":"SMITH"},{"floor":30,"key":"REST"},{"floor":32,"key":"REST"}],"neow_cost":"NONE","seed_source_timestamp":1879995101964600,"circlet_count":0,"master_deck":["Strike_R","Strike_R","Strike_R","Strike_R","Strike_R","Bash","Uppercut+1","Perfected Strike+1","Twin Strike","Flex+1","Barricade+1","Ghostly Armor","Shrug It Off+1","Perfected Strike","Ghostly Armor+1","Ghostly Armor","Body Slam","Flame Barrier"],"relics":["Burning Blood","Golden Idol","Blood Vial","Prayer Wheel","Omamori","Snecko Eye","Paper Frog","Bronze Scales","Dream Catcher","Boot","Red Mask","Mummified Hand"],"potions_floor_usage":[16,16,25,25,25],"damage_taken":[{"damage":7,"enemies":"2 Louse","floor":1,"turns":2},{"damage":40,"enemies":"3 Sentries","floor":6,"turns":8},{"damage":0,"enemies":"Small Slimes","floor":10,"turns":3},{"damage":24,"enemies":"Gremlin Nob","floor":13,"turns":4},{"damage":3,"enemies":"Jaw Worm","floor":14,"turns":2},{"damage":40,"enemies":"Slime Boss","floor":16,"turns":10},{"damage":13,"enemies":"3 Byrds","floor":18,"turns":5},{"damage":10,"enemies":"Chosen","floor":20,"turns":4},{"damage":40,"enemies":"Sentry and Sphere","floor":21,"turns":6},{"damage":19,"enemies":"Book of Stabbing","floor":23,"turns":3},{"damage":23,"enemies":"Gremlin Leader","floor":25,"turns":3},{"damage":10,"enemies":"Chosen and Byrds","floor":28,"turns":3},{"damage":20,"enemies":"Masked Bandits","floor":29,"turns":4},{"damage":61,"enemies":"Collector","floor":33,"turns":6}],"seed_played":"-7065186244202746843","potions_obtained":[{"floor":10,"key":"EssenceOfSteel"},{"floor":13,"key":"AttackPotion"},{"floor":14,"key":"AttackPotion"},{"floor":21,"key":"PowerPotion"},{"floor":23,"key":"Explosive Potion"},{"floor":25,"key":"Weak Potion"},{"floor":29,"key":"Ancient Potion"}],"is_trial":false,"path_per_floor":["M","?","$","?","$","E","R","?","T","M","?","R","E","M","R","B",null,"M","?","M","M","$","E","R","E","T","$","M","?","R","T","R","B"],"character_chosen":"IRONCLAD","items_purchased":["Paper Frog"],"campfire_rested":2,"item_purchase_floors":[22],"current_hp_per_floor":[87,80,80,58,58,24,24,21,21,29,58,58,42,47,47,15,88,81,81,79,47,47,36,36,21,21,21,19,7,33,33,59,0],"gold":99,"neow_bonus":"TEN_PERCENT_HP_BONUS","is_prod":false,"is_daily":false,"chose_seed":false,"campfire_upgraded":4,"win_rate":0,"timestamp":1570194418,"path_taken":["M","?","$","?","$","E","R","?","T","M","?","R","E","?","R","BOSS","M","?","M","M","$","E","R","E","T","$","?","?","R","?","R","BOSS"],"build_version":"2019-07-17","purchased_purges":3,"victory":false,"max_hp_per_floor":[88,88,88,88,88,88,88,88,88,88,88,88,88,88,88,88,88,88,88,88,88,88,88,88,88,88,88,88,88,88,88,88,88],"card_choices":[{"not_picked":["True Grit","Clothesline"],"picked":"Uppercut","floor":1},{"not_picked":["Shrug It Off","Whirlwind"],"picked":"Perfected Strike","floor":6},{"not_picked":["Iron Wave","Pummel"],"picked":"Twin Strike","floor":10},{"not_picked":["Sword Boomerang","Hemokinesis","Inflame"],"picked":"SKIP","floor":10},{"not_picked":["Twin Strike","Power Through","Clash"],"picked":"SKIP","floor":13},{"not_picked":["Clash","Havoc"],"picked":"Flex","floor":14},{"not_picked":["Rampage","True Grit","Rage"],"picked":"SKIP","floor":14},{"not_picked":["Fiend Fire","Impervious"],"picked":"Barricade","floor":16},{"not_picked":["Body Slam","Feel No Pain","Rampage"],"picked":"SKIP","floor":18},{"not_picked":["Sword Boomerang+1","Havoc+1","Cleave"],"picked":"SKIP","floor":18},{"not_picked":["Flex","Evolve+1"],"picked":"Ghostly Armor","floor":20},{"not_picked":["Hemokinesis+1","True Grit","Havoc+1"],"picked":"SKIP","floor":20},{"not_picked":["Battle Trance+1","Warcry"],"picked":"Shrug It Off+1","floor":21},{"not_picked":["Anger","Second Wind","Headbutt"],"picked":"SKIP","floor":21},{"not_picked":["Headbutt","Exhume"],"picked":"Perfected Strike","floor":23},{"not_picked":["Twin Strike","Cleave","Fiend Fire"],"picked":"SKIP","floor":25},{"not_picked":["Anger","Flex"],"picked":"Ghostly Armor+1","floor":28},{"not_picked":["Armaments","Rupture","Evolve"],"picked":"SKIP","floor":28},{"not_picked":["Iron Wave+1","Havoc+1"],"picked":"Ghostly Armor","floor":29},{"not_picked":["Reckless Charge+1","Wild Strike"],"picked":"Body Slam","floor":30},{"not_picked":["Iron Wave","Armaments"],"picked":"Flame Barrier","floor":32}],"player_experience":68705,"relics_obtained":[{"floor":6,"key":"Blood Vial"},{"floor":13,"key":"Omamori"},{"floor":23,"key":"Bronze Scales"},{"floor":25,"key":"Dream Catcher"},{"floor":26,"key":"Boot"},{"floor":29,"key":"Red Mask"},{"floor":31,"key":"Mummified Hand"}],"event_choices":[{"cards_removed":["Defend_R"],"damage_healed":0,"gold_gain":0,"player_choice":"Card Removal","damage_taken":7,"max_hp_gain":0,"max_hp_loss":0,"event_name":"Golden Wing","floor":2,"gold_loss":0},{"damage_healed":0,"gold_gain":0,"player_choice":"Take Damage","damage_taken":22,"relics_obtained":["Golden Idol"],"max_hp_gain":0,"max_hp_loss":0,"event_name":"Golden Idol","floor":4,"gold_loss":0},{"damage_healed":0,"gold_gain":0,"player_choice":"Success","damage_taken":3,"relics_obtained":["Prayer Wheel"],"max_hp_gain":0,"max_hp_loss":0,"event_name":"Scrap Ooze","floor":8,"gold_loss":0},{"damage_healed":29,"gold_gain":0,"player_choice":"Banana","damage_taken":0,"max_hp_gain":0,"max_hp_loss":0,"event_name":"Big Fish","floor":11,"gold_loss":0},{"damage_healed":0,"gold_gain":100,"player_choice":"Pray","damage_taken":0,"max_hp_gain":0,"max_hp_loss":0,"event_name":"Golden Shrine","floor":19,"gold_loss":0},{"damage_healed":0,"gold_gain":0,"player_choice":"Fought Bandits","damage_taken":0,"max_hp_gain":0,"max_hp_loss":0,"event_name":"Masked Bandits","floor":29,"gold_loss":0}],"is_beta":false,"boss_relics":[{"not_picked":["Runic Dome","Philosopher\u0027s Stone"],"picked":"Snecko Eye"}],"items_purged_floors":[3,22,27],"is_endless":false,"potions_floor_spawned":[10,13,14,21,23,25,29],"killed_by":"Collector","ascension_level":1}