{"gold_per_floor":[119,44,44,57,76,111,111,124,124,124,124,135,135,167,167,270,270,283,283],"floor_reached":19,"playtime":731,"items_purged":["Strike_R"],"score":212,"play_id":"27442a4b-20ad-4d88-9d49-5af73571695a","local_time":"20191010041348","is_ascension_mode":true,"campfire_choices":[{"data":"Flex","floor":7.0,"key":"SMITH"},{"floor":11.0,"key":"REST"},{"data":"Combust","floor":13.0,"key":"SMITH"},{"data":"Blood for Blood","floor":15.0,"key":"SMITH"}],"neow_cost":"PERCENT_DAMAGE","seed_source_timestamp":0,"circlet_count":0,"master_deck":["Strike_R","Strike_R","Strike_R","Strike_R","Defend_R","Defend_R","Bash","Combust+1","Evolve","Flex+1","Blood for Blood+1","Blind","Double Tap"],"special_seed":0,"relics":["Burning Blood","Centennial Puzzle","Self Forming Clay","Charon\u0027s Ashes","Runic Cube"],"potions_floor_usage":[],"damage_taken":[{"damage":2.0,"enemies":"2 Louse","floor":1.0,"turns":2.0},{"damage":6.0,"enemies":"Cultist","floor":4.0,"turns":3.0},{"damage":8.0,"enemies":"Small Slimes","floor":5.0,"turns":4.0},{"damage":36.0,"enemies":"Gremlin Nob","floor":6.0,"turns":4.0},{"damage":18.0,"enemies":"Blue Slaver","floor":8.0,"turns":3.0},{"damage":12.0,"enemies":"Looter","floor":12.0,"turns":3.0},{"damage":26.0,"enemies":"3 Sentries","floor":14.0,"turns":5.0},{"damage":32.0,"enemies":"Slime Boss","floor":16.0,"turns":7.0},{"damage":24,"enemies":"2 Thieves","floor":18,"turns":3},{"damage":6,"enemies":"3 Byrds","floor":19,"turns":1}],"seed_played":"-7516975647159616751","potions_obtained":[{"floor":6.0,"key":"SmokeBomb"},{"floor":8.0,"key":"Energy Potion"},{"floor":12.0,"key":"BloodPotion"}],"is_trial":false,"path_per_floor":["M","$","?","M","M","E","R","M","T","?","R","M","R","E","R","B",null,"M","M"],"character_chosen":"IRONCLAD","items_purchased":[],"campfire_rested":1,"item_purchase_floors":[],"current_hp_per_floor":[60,60,60,60,58,28,28,16,16,16,40,34,34,34,34,8,80,62,56],"gold":283,"neow_bonus":"TRANSFORM_TWO_CARDS","is_prod":false,"is_daily":false,"chose_seed":false,"campfire_upgraded":3,"win_rate":0,"timestamp":1570652028,"path_taken":["M","$","?","M","M","E","R","M","T","?","R","M","R","E","R","BOSS","M","?"],"build_version":"2019-07-17","purchased_purges":1,"victory":false,"max_hp_per_floor":[80,80,80,80,80,80,80,80,80,80,80,80,80,80,80,80,80,80,80],"card_choices":[{"not_picked":["Heavy Blade","Sentinel","Warcry"],"picked":"SKIP","floor":1.0},{"not_picked":["Uppercut","Twin Strike"],"picked":"Flex","floor":4.0},{"not_picked":["Clothesline","Anger","Power Through"],"picked":"SKIP","floor":5.0},{"not_picked":["Spot Weakness","Fiend Fire"],"picked":"Blood for Blood","floor":6.0},{"not_picked":["True Grit","Shrug It Off","Warcry"],"picked":"SKIP","floor":8.0},{"not_picked":["True Grit","Cleave","Carnage"],"picked":"SKIP","floor":12.0},{"not_picked":["Shrug It Off","Dual Wield","Reckless Charge"],"picked":"SKIP","floor":14.0},{"not_picked":["Limit Break","Demon Form"],"picked":"Double Tap","floor":16.0},{"not_picked":["Warcry+1","Iron Wave","Flame Barrier"],"picked":"SKIP","floor":18}],"player_experience":138688,"relics_obtained":[{"floor":6.0,"key":"Centennial Puzzle"},{"floor":9.0,"key":"Self Forming Clay"},{"floor":14.0,"key":"Charon\u0027s Ashes"}],"event_choices":[{"damage_healed":0.0,"max_hp_gain":0.0,"max_hp_loss":0.0,"gold_gain":0.0,"event_name":"Liars Game","player_choice":"Ignored","floor":3.0,"gold_loss":0.0,"damage_taken":0.0},{"damage_healed":0.0,"max_hp_gain":0.0,"max_hp_loss":0.0,"gold_gain":0.0,"event_name":"Match and Keep!","player_choice":"1 cards matched","floor":10.0,"gold_loss":0.0,"damage_taken":0.0,"cards_obtained":["Blind"]}],"is_beta":false,"boss_relics":[{"not_picked":["Ectoplasm","Cursed Key"],"picked":"Runic Cube"}],"items_purged_floors":[2],"is_endless":false,"potions_floor_spawned":[6,8,12],"killed_by":"3 Byrds","ascension_level":4}