{"gold_per_floor":[109,109,124,46,46,80,90,90,120,134,134,154,154,170,170,267,317,328,342,25,38,52,78,89,118,118,118],"floor_reached":27,"playtime":2454,"items_purged":["Defend_B"],"score":282,"play_id":"da512f29-d34b-47d2-bcb3-508db1cdee01","local_time":"20190928095447","is_ascension_mode":false,"campfire_choices":[{"data":"Zap","floor":11.0,"key":"SMITH"},{"data":"Dualcast","floor":13.0,"key":"SMITH"},{"floor":15.0,"key":"REST"}],"neow_cost":"NONE","seed_source_timestamp":0,"circlet_count":0,"master_deck":["Strike_B","Strike_B","Strike_B","Strike_B","Defend_B","Defend_B","Defend_B","Zap+1","Dualcast+1","Ball Lightning+1","Glacier+1","Genetic Algorithm+1","Genetic Algorithm+1","Barrage+1","Electrodynamics","Storm","Melter+1","Tempest+1","Heatsinks"],"special_seed":0,"relics":["Cracked Core","Toxic Egg 2","Bottled Flame","Tiny Chest","Tiny House","MealTicket","Bronze Scales","StoneCalendar","Pantograph"],"potions_floor_usage":[22,23,24,25],"damage_taken":[{"damage":1.0,"enemies":"Small Slimes","floor":1.0,"turns":4.0},{"damage":0.0,"enemies":"2 Louse","floor":3.0,"turns":3.0},{"damage":14.0,"enemies":"Gremlin Nob","floor":6.0,"turns":5.0},{"damage":0.0,"enemies":"Cultist","floor":7.0,"turns":3.0},{"damage":10.0,"enemies":"Gremlin Gang","floor":10.0,"turns":6.0},{"damage":5.0,"enemies":"Exordium Wildlife","floor":12.0,"turns":6.0},{"damage":10.0,"enemies":"Looter","floor":14.0,"turns":2.0},{"damage":3.0,"enemies":"Slime Boss","floor":16.0,"turns":10.0},{"damage":14.0,"enemies":"Shell Parasite","floor":18.0,"turns":6.0},{"damage":10,"enemies":"Spheric Guardian","floor":19,"turns":3},{"damage":18,"enemies":"Centurion and Healer","floor":21,"turns":5},{"damage":5,"enemies":"3 Cultists","floor":22,"turns":4},{"damage":0,"enemies":"Gremlin Leader","floor":23,"turns":4},{"damage":15,"enemies":"Snake Plant","floor":24,"turns":3},{"damage":17,"enemies":"Slavers","floor":25,"turns":4},{"damage":12,"enemies":"Book of Stabbing","floor":27,"turns":4}],"seed_played":"-2409406756006492148","potions_obtained":[{"floor":6.0,"key":"LiquidBronze"},{"floor":7.0,"key":"SkillPotion"},{"floor":10.0,"key":"FocusPotion"},{"floor":17.0,"key":"Explosive Potion"},{"floor":19,"key":"Weak Potion"},{"floor":21,"key":"Weak Potion"},{"floor":22,"key":"PowerPotion"},{"floor":25,"key":"Ancient Potion"}],"is_trial":false,"path_per_floor":["M","?","M","$","?","E","M","?","T","M","R","M","R","M","R","B",null,"M","M","$","M","M","E","M","E","T","E"],"character_chosen":"DEFECT","items_purchased":["Genetic Algorithm+1","Tempest+1","MealTicket"],"campfire_rested":1,"item_purchase_floors":[4,20,20],"current_hp_per_floor":[81,74,74,74,74,60,60,60,60,50,50,45,45,35,59,56,87,73,63,63,45,40,40,25,8,8,0],"gold":118,"neow_bonus":"TEN_PERCENT_HP_BONUS","is_prod":false,"is_daily":false,"chose_seed":false,"campfire_upgraded":2,"win_rate":0.0,"timestamp":1569635687,"path_taken":["M","?","M","$","?","E","M","?","T","M","R","?","R","M","R","BOSS","M","?","$","M","?","E","M","E","T","E"],"build_version":"2019-07-17","purchased_purges":1,"victory":false,"max_hp_per_floor":[82,82,82,82,82,82,82,82,82,82,82,82,82,82,82,82,87,87,87,87,87,87,87,87,87,87,87],"card_choices":[{"not_picked":["Storm","Gash"],"picked":"Ball Lightning","floor":1.0},{"not_picked":["Ball Lightning","Beam Cell"],"picked":"Glacier+1","floor":3.0},{"not_picked":["Heatsinks","Hello World"],"picked":"Genetic Algorithm+1","floor":6.0},{"not_picked":["Go for the Eyes","Self Repair","Cold Snap"],"picked":"SKIP","floor":7.0},{"not_picked":["Self Repair","Conserve Battery+1","Streamline"],"picked":"SKIP","floor":10.0},{"not_picked":["Sweeping Beam","White Noise+1","Hologram+1"],"picked":"SKIP","floor":12.0},{"not_picked":["Streamline","Melter"],"picked":"Barrage","floor":14.0},{"not_picked":["Multi-Cast+1","Reboot+1"],"picked":"Electrodynamics","floor":16.0},{"not_picked":["Cold Snap","Reprogram+1"],"picked":"Storm","floor":17.0},{"not_picked":["Skim+1","Steam+1","Streamline"],"picked":"SKIP","floor":18},{"not_picked":["White Noise+1","Steam+1"],"picked":"Melter+1","floor":19},{"not_picked":["Redo+1","Gash+1","Multi-Cast+1"],"picked":"SKIP","floor":21},{"not_picked":["Sweeping Beam","Chill+1","Beam Cell+1"],"picked":"SKIP","floor":22},{"not_picked":["White Noise+1","Reinforced Body+1"],"picked":"Heatsinks","floor":23},{"not_picked":["Go for the Eyes","Cold Snap","Gash"],"picked":"SKIP","floor":24},{"not_picked":["FTL","Fusion+1","Stack+1"],"picked":"SKIP","floor":25}],"player_experience":44972,"relics_obtained":[{"floor":6.0,"key":"Bottled Flame"},{"floor":9.0,"key":"Tiny Chest"},{"floor":23,"key":"Bronze Scales"},{"floor":25,"key":"StoneCalendar"},{"floor":26,"key":"Pantograph"}],"event_choices":[{"damage_healed":0.0,"max_hp_gain":0.0,"max_hp_loss":0.0,"gold_gain":0.0,"event_name":"Scrap Ooze","player_choice":"Success","floor":2.0,"gold_loss":0.0,"damage_taken":7.0,"relics_obtained":["Toxic Egg 2"]},{"damage_healed":0.0,"max_hp_gain":0.0,"max_hp_loss":0.0,"gold_gain":0.0,"event_name":"The Cleric","player_choice":"Leave","floor":5.0,"gold_loss":0.0,"damage_taken":0.0},{"damage_healed":0.0,"max_hp_gain":0.0,"max_hp_loss":0.0,"gold_gain":0.0,"event_name":"Upgrade Shrine","player_choice":"Upgraded","floor":8.0,"gold_loss":0.0,"damage_taken":0.0,"cards_upgraded":["Ball Lightning"]}],"is_beta":false,"boss_relics":[{"not_picked":["FrozenCore","Philosopher\u0027s Stone"],"picked":"Tiny House"}],"items_purged_floors":[20],"is_endless":false,"potions_floor_spawned":[6,7,10,14,19,21,22,25],"killed_by":"Book of Stabbing","ascension_level":0}