{"gold_per_floor":[116,129,143,160,190,190,80,80,80,92,92,92,111,128,128,223,223,240,240,339,354,368,368,381,381,381,41,41,41,52,67,67,163,163,173,173,48,65,65,65,81,81,106,106,123,137,137,137,137,137],"floor_reached":51,"playtime":1146,"items_purged":["Defend_R","Bash","Strike_R"],"score":766,"play_id":"789c9f43-f7b8-4728-99b3-5fd4d09d13bf","local_time":"20191010133106","is_ascension_mode":false,"campfire_choices":[{"data":"Flex","floor":6,"key":"SMITH"},{"data":"Whirlwind","floor":11,"key":"SMITH"},{"data":"Flex","floor":15,"key":"SMITH"},{"data":"Offering","floor":23,"key":"SMITH"},{"floor":32,"key":"REST"},{"floor":44,"key":"REST"},{"floor":49,"key":"REST"}],"neow_cost":"TEN_PERCENT_HP_LOSS","seed_source_timestamp":2371769348841600,"circlet_count":0,"master_deck":["Strike_R","Strike_R","Strike_R","Dropkick","Offering+1","Flex+1","Thunderclap","Flex+1","Whirlwind+1","Offering","Battle Trance"],"relics":["Tiny Chest","Red Skull","Bottled Flame","Nloth\u0027s Gift","Runic Dome","Anchor"],"potions_floor_usage":[33,50,50],"damage_taken":[{"damage":11,"enemies":"Small Slimes","floor":1,"turns":3},{"damage":6,"enemies":"Cultist","floor":2,"turns":2},{"damage":11,"enemies":"Jaw Worm","floor":3,"turns":2},{"damage":16,"enemies":"Looter","floor":4,"turns":2},{"damage":5,"enemies":"3 Louse","floor":10,"turns":2},{"damage":10,"enemies":"Gremlin Gang","floor":13,"turns":2},{"damage":6,"enemies":"Large Slime","floor":14,"turns":2},{"damage":6,"enemies":"Slime Boss","floor":16,"turns":4},{"damage":11,"enemies":"3 Byrds","floor":18,"turns":2},{"damage":12,"enemies":"Chosen","floor":21,"turns":1},{"damage":12,"enemies":"Sentry and Sphere","floor":22,"turns":2},{"damage":20,"enemies":"Centurion and Healer","floor":24,"turns":2},{"damage":19,"enemies":"Chosen and Byrds","floor":30,"turns":3},{"damage":6,"enemies":"3 Cultists","floor":31,"turns":2},{"damage":46,"enemies":"Automaton","floor":33,"turns":5},{"damage":6,"enemies":"3 Darklings","floor":35,"turns":1},{"damage":18,"enemies":"3 Shapes","floor":38,"turns":1},{"damage":12,"enemies":"Transient","floor":41,"turns":5},{"damage":8,"enemies":"4 Shapes","floor":45,"turns":1},{"damage":23,"enemies":"Writhing Mass","floor":46,"turns":2},{"damage":12,"enemies":"Time Eater","floor":50,"turns":3}],"seed_played":"1219826192178986236","potions_obtained":[{"floor":2,"key":"GamblersBrew"},{"floor":10,"key":"Poison Potion"},{"floor":13,"key":"SteroidPotion"},{"floor":18,"key":"GamblersBrew"},{"floor":33,"key":"SkillPotion"}],"is_trial":false,"path_per_floor":["M","M","M","M","?","R","$","?","T","M","R","?","M","M","R","B",null,"M","?","?","M","M","R","M","?","T","$","?","$","M","M","R","B",null,"M","?","$","M","?","?","M","$","T","R","M","M","$","?","R","B",null],"character_chosen":"IRONCLAD","items_purchased":["Whirlwind","Bottled Flame"],"campfire_rested":3,"item_purchase_floors":[7,27],"current_hp_per_floor":[67,67,62,52,52,52,52,72,72,72,72,72,68,68,68,68,72,71,71,71,69,67,67,57,57,57,57,57,57,38,32,53,7,72,66,66,66,48,48,48,36,36,36,56,48,25,25,25,45,33],"gold":137,"neow_bonus":"TRANSFORM_TWO_CARDS","is_prod":false,"is_daily":false,"chose_seed":false,"campfire_upgraded":4,"win_rate":0,"timestamp":1570685466,"path_taken":["M","M","M","M","?","R","?","?","T","M","R","?","M","?","R","BOSS","M","?","?","M","M","R","M","?","T","$","?","$","M","?","R","BOSS","M","?","$","M","?","?","M","?","T","R","M","M","$","?","R","BOSS"],"build_version":"2019-07-17","purchased_purges":3,"victory":true,"max_hp_per_floor":[72,72,72,72,72,72,72,72,72,72,72,72,72,72,72,72,72,72,72,72,72,72,72,72,72,72,72,72,72,72,72,72,72,72,72,72,72,72,68,68,68,68,68,68,68,68,68,68,68,68],"card_choices":[{"not_picked":["Iron Wave","Havoc"],"picked":"Flex","floor":1},{"not_picked":["Havoc","Heavy Blade"],"picked":"Thunderclap","floor":2},{"not_picked":["Spot Weakness","Feed"],"picked":"Flex","floor":3},{"not_picked":["Burning Pact","Corruption","Warcry"],"picked":"SKIP","floor":4},{"not_picked":["Clothesline","Pommel Strike","Wild Strike"],"picked":"SKIP","floor":10},{"not_picked":["Shrug It Off","Pummel","Twin Strike"],"picked":"SKIP","floor":13},{"not_picked":["Thunderclap","Reckless Charge","Bloodletting"],"picked":"SKIP","floor":14},{"not_picked":["Juggernaut","Reaper"],"picked":"Offering","floor":16},{"not_picked":["Sword Boomerang+1","Shrug It Off+1","Heavy Blade"],"picked":"SKIP","floor":18},{"not_picked":["Wild Strike+1","Headbutt","Perfected Strike"],"picked":"SKIP","floor":21},{"not_picked":["Dual Wield","Twin Strike+1"],"picked":"Battle Trance","floor":22},{"not_picked":["Spot Weakness","Anger","Thunderclap"],"picked":"SKIP","floor":24},{"not_picked":["Thunderclap+1","Perfected Strike","Clothesline"],"picked":"SKIP","floor":30},{"not_picked":["Brutality","Rupture","Havoc"],"picked":"SKIP","floor":31},{"not_picked":["Iron Wave+1","Dropkick+1","Clothesline+1"],"picked":"SKIP","floor":35},{"not_picked":["Demon Form","Uppercut","Feed"],"picked":"SKIP","floor":38},{"not_picked":["Anger","Burning Pact","Offering"],"picked":"SKIP","floor":41},{"not_picked":["Heavy Blade","Thunderclap","Carnage"],"picked":"SKIP","floor":45},{"not_picked":["Perfected Strike","Heavy Blade","Entrench+1"],"picked":"SKIP","floor":46}],"player_experience":159343,"relics_obtained":[{"floor":26,"key":"Red Skull"},{"floor":43,"key":"Anchor"}],"event_choices":[{"damage_healed":0,"gold_gain":0,"player_choice":"Gave Potion","damage_taken":0,"relics_obtained":["Tiny Chest"],"max_hp_gain":0,"max_hp_loss":0,"event_name":"WeMeetAgain","floor":5,"gold_loss":0},{"damage_healed":24,"gold_gain":0,"player_choice":"Banana","damage_taken":0,"max_hp_gain":0,"max_hp_loss":0,"event_name":"Big Fish","floor":8,"gold_loss":0},{"damage_healed":0,"gold_gain":0,"player_choice":"0 cards matched","damage_taken":0,"max_hp_gain":0,"max_hp_loss":0,"event_name":"Match and Keep!","floor":12,"gold_loss":0,"cards_obtained":[]},{"cards_removed":["Defend_R"],"damage_healed":0,"gold_gain":0,"player_choice":"Elegance","damage_taken":0,"max_hp_gain":0,"max_hp_loss":0,"event_name":"Back to Basics","floor":19,"gold_loss":0},{"damage_healed":0,"gold_gain":99,"player_choice":"Stole From Cult","damage_taken":0,"max_hp_gain":0,"max_hp_loss":0,"event_name":"Nest","floor":20,"gold_loss":0},{"damage_healed":0,"gold_gain":0,"player_choice":"Ignored","damage_taken":0,"max_hp_gain":0,"max_hp_loss":0,"event_name":"Ghosts","floor":25,"gold_loss":0},{"damage_healed":0,"gold_gain":0,"player_choice":"Traded Relic","damage_taken":0,"relics_obtained":["Nloth\u0027s Gift"],"max_hp_gain":0,"max_hp_loss":0,"event_name":"N\u0027loth","floor":28,"relics_lost":["Black Blood"],"gold_loss":0},{"damage_healed":0,"gold_gain":0,"player_choice":"Memory 1","damage_taken":0,"max_hp_gain":0,"max_hp_loss":0,"event_name":"SensoryStone","floor":36,"gold_loss":0},{"damage_healed":0,"gold_gain":0,"player_choice":"Max HP","damage_taken":0,"max_hp_gain":0,"max_hp_loss":4,"event_name":"Winding Halls","floor":39,"gold_loss":0},{"damage_healed":0,"gold_gain":0,"player_choice":"Ignored","damage_taken":0,"max_hp_gain":0,"max_hp_loss":0,"event_name":"Mysterious Sphere","floor":40,"gold_loss":0},{"cards_removed":["Strike_R"],"damage_healed":0,"gold_gain":0,"player_choice":"Removed Attack","damage_taken":0,"max_hp_gain":0,"max_hp_loss":0,"event_name":"Falling","floor":48,"gold_loss":0}],"is_beta":false,"boss_relics":[{"not_picked":["Runic Pyramid","Black Star"],"picked":"Black Blood"},{"not_picked":["Tiny House","Fusion Hammer"],"picked":"Runic Dome"}],"items_purged_floors":[7,27,37],"is_endless":false,"potions_floor_spawned":[2,10,13,18,30,33,35],"ascension_level":0}