{"gold_per_floor":[11,22,22,22,22,51,61,87,113,128,160,160,140,155,155,155],"floor_reached":16,"playtime":1214,"items_purged":[],"score":120,"play_id":"c98cb6b2-7dda-4c0f-b402-dd681b1beb56","local_time":"20190928055922","is_ascension_mode":false,"campfire_choices":[{"floor":12,"key":"REST"},{"floor":15,"key":"REST"}],"neow_cost":"NO_GOLD","seed_source_timestamp":1307807891944500,"circlet_count":0,"master_deck":["Strike_G","Strike_G","Strike_G","Strike_G","Strike_G","Defend_G","Defend_G","Defend_G","Defend_G","Survivor","Neutralize","Impatience","Metamorphosis","Crippling Poison","Deadly Poison","Venomology","Adrenaline"],"relics":["Ring of the Snake","Omamori","Juzu Bracelet","Orichalcum","Mummified Hand"],"potions_floor_usage":[6,8,8,10,11,11,11,14,16,16],"damage_taken":[{"damage":8,"enemies":"2 Louse","floor":1,"turns":3},{"damage":4,"enemies":"Cultist","floor":2,"turns":3},{"damage":19,"enemies":"Gremlin Nob","floor":6,"turns":4},{"damage":3,"enemies":"Jaw Worm","floor":7,"turns":3},{"damage":19,"enemies":"3 Sentries","floor":8,"turns":6},{"damage":1,"enemies":"Looter","floor":10,"turns":3},{"damage":7,"enemies":"Lagavulin","floor":11,"turns":5},{"damage":1,"enemies":"3 Louse","floor":14,"turns":4},{"damage":51,"enemies":"The Guardian","floor":16,"turns":8}],"seed_played":"-6903545360537145186","potions_obtained":[{"floor":2,"key":"PowerPotion"},{"floor":5,"key":"Swift Potion"},{"floor":5,"key":"GhostInAJar"},{"floor":5,"key":"Strength Potion"},{"floor":7,"key":"Dexterity Potion"},{"floor":8,"key":"Strength Potion"},{"floor":11,"key":"Dexterity Potion"},{"floor":13,"key":"Block Potion"}],"is_trial":false,"path_per_floor":["M","M","?","$","?","E","M","E","T","M","E","R","?","M","R","B"],"character_chosen":"THE_SILENT","items_purchased":[],"campfire_rested":2,"item_purchase_floors":[],"current_hp_per_floor":[62,58,58,58,58,39,36,17,17,16,9,30,30,29,50,0],"gold":155,"neow_bonus":"RANDOM_COLORLESS_2","is_prod":false,"is_daily":false,"chose_seed":false,"campfire_upgraded":0,"win_rate":0.0,"timestamp":1569621562,"path_taken":["M","M","?","$","?","E","?","E","T","M","E","R","?","M","R","BOSS"],"build_version":"2019-07-17","purchased_purges":0,"victory":false,"max_hp_per_floor":[70,70,70,70,70,70,70,70,70,70,70,70,70,70,70,70],"card_choices":[{"not_picked":["Flying Knee","Acrobatics"],"picked":"Crippling Poison","floor":1},{"not_picked":["PiercingWail","Riddle With Holes"],"picked":"Deadly Poison","floor":2},{"not_picked":["Calculated Gamble","Sucker Punch"],"picked":"Venomology","floor":6},{"not_picked":["Eviscerate","Blur","Dagger Throw"],"picked":"SKIP","floor":7},{"not_picked":["Eviscerate","Dodge and Roll","Deflect"],"picked":"SKIP","floor":8},{"not_picked":["Heel Hook","Masterful Stab","Tools of the Trade"],"picked":"SKIP","floor":10},{"not_picked":["Dodge and Roll","Expertise","Dagger Throw"],"picked":"SKIP","floor":11},{"not_picked":["Outmaneuver","Sucker Punch"],"picked":"Adrenaline","floor":14}],"player_experience":38931,"relics_obtained":[{"floor":6,"key":"Omamori"},{"floor":8,"key":"Juzu Bracelet"},{"floor":9,"key":"Orichalcum"},{"floor":11,"key":"Mummified Hand"}],"event_choices":[{"cards_removed":["Defend_G"],"damage_healed":0,"gold_gain":0,"player_choice":"Forget","damage_taken":0,"max_hp_gain":0,"max_hp_loss":0,"event_name":"Living Wall","floor":3,"gold_loss":0},{"damage_healed":0,"gold_gain":0,"player_choice":"Got Potions","damage_taken":0,"max_hp_gain":0,"max_hp_loss":0,"event_name":"Lab","floor":5,"gold_loss":0},{"damage_healed":0,"gold_gain":0,"player_choice":"Bought 1 Potion","damage_taken":0,"max_hp_gain":0,"max_hp_loss":0,"event_name":"The Woman in Blue","floor":13,"gold_loss":0}],"is_beta":false,"boss_relics":[],"items_purged_floors":[],"is_endless":false,"potions_floor_spawned":[2,7,8,11],"killed_by":"The Guardian","ascension_level":0}