{"gold_per_floor":[114,133,153,103,116,116,134,59,104,104,116,116],"floor_reached":12,"playtime":597,"items_purged":["Strike_B"],"score":79,"play_id":"419e76e3-1a67-4d35-84c6-603c8ba60dbb","local_time":"20191006172135","is_ascension_mode":true,"campfire_choices":[{"data":"Chill","floor":6,"key":"SMITH"}],"neow_cost":"CURSE","seed_source_timestamp":2040502303165900,"circlet_count":0,"master_deck":["Strike_B","Strike_B","Strike_B","Defend_B","Defend_B","Defend_B","Defend_B","Zap","Dualcast","Chill+1","Pain","Rebound"],"special_seed":0,"relics":["Cracked Core","Nunchaku","Blood Vial","WarpedTongs"],"potions_floor_usage":[5,11],"damage_taken":[{"damage":8,"enemies":"2 Louse","floor":1,"turns":3},{"damage":1,"enemies":"Cultist","floor":2,"turns":3},{"damage":9,"enemies":"Small Slimes","floor":3,"turns":3},{"damage":41,"enemies":"Gremlin Gang","floor":5,"turns":5},{"damage":12,"enemies":"3 Louse","floor":7,"turns":5},{"damage":5,"enemies":"2 Fungi Beasts","floor":11,"turns":3},{"damage":3,"enemies":"Gremlin Gang","floor":12,"turns":2}],"seed_played":"7729824781799306709","potions_obtained":[{"floor":2,"key":"Weak Potion"},{"floor":3,"key":"Poison Potion"},{"floor":5,"key":"PowerPotion"}],"is_trial":false,"path_per_floor":["M","M","M","?","M","R","M","$","T","?","M","M"],"character_chosen":"DEFECT","items_purchased":[],"campfire_rested":0,"item_purchase_floors":[],"current_hp_per_floor":[67,66,57,57,16,16,4,4,4,4,1,0],"gold":116,"neow_bonus":"ONE_RARE_RELIC","is_prod":false,"is_daily":false,"chose_seed":false,"campfire_upgraded":1,"win_rate":0,"timestamp":1570353695,"path_taken":["M","M","M","?","M","R","M","$","T","?","M","M"],"build_version":"2019-07-17","purchased_purges":1,"victory":false,"max_hp_per_floor":[75,75,75,75,75,75,75,75,75,75,75,75],"card_choices":[{"not_picked":["Chaos","Cold Snap","Sweeping Beam"],"picked":"SKIP","floor":1},{"not_picked":["Capacitor","Barrage","Coolheaded"],"picked":"SKIP","floor":2},{"not_picked":["Coolheaded","Hologram"],"picked":"Chill","floor":3},{"not_picked":["Beam Cell","Redo","Coolheaded"],"picked":"SKIP","floor":5},{"not_picked":["Heatsinks","Reprogram","Capacitor"],"picked":"SKIP","floor":7},{"not_picked":["Gash","Ball Lightning"],"picked":"Rebound","floor":11}],"player_experience":127495,"relics_obtained":[{"floor":9,"key":"Blood Vial"}],"event_choices":[{"cards_removed":["Regret"],"damage_healed":0,"gold_gain":0,"player_choice":"Card Removal","damage_taken":0,"max_hp_gain":0,"max_hp_loss":0,"event_name":"The Cleric","floor":4,"gold_loss":50},{"damage_healed":0,"gold_gain":0,"player_choice":"Rummage","damage_taken":0,"relics_obtained":["WarpedTongs"],"max_hp_gain":0,"max_hp_loss":0,"event_name":"Accursed Blacksmith","floor":10,"gold_loss":0,"cards_obtained":["Pain"]}],"is_beta":false,"boss_relics":[],"items_purged_floors":[8],"is_endless":false,"potions_floor_spawned":[2,3,5],"killed_by":"Gremlin Gang","ascension_level":2}