{"gold_per_floor":[113,127,138,138,154,154,79,140,192,223,123,134,151,151,151,151],"floor_reached":16,"playtime":775,"items_purged":["Strike_R","Strike_R"],"score":107,"play_id":"dfc0bbd8-1317-45ab-bb86-71b1493021bb","local_time":"20191002162209","is_ascension_mode":true,"campfire_choices":[{"data":"Body Slam","floor":6,"key":"SMITH"},{"data":"Finesse","floor":15,"key":"SMITH"}],"neow_cost":"NONE","seed_source_timestamp":1562089893807100,"circlet_count":0,"master_deck":["Strike_R","Strike_R","Strike_R","Defend_R+1","Defend_R","Defend_R","Defend_R+1","Bash","Finesse+1","Body Slam+1"],"relics":["Burning Blood","Vajra","Lantern","TungstenRod","Meat on the Bone"],"potions_floor_usage":[5,8,16],"damage_taken":[{"damage":6,"enemies":"Cultist","floor":1,"turns":3},{"damage":5,"enemies":"Small Slimes","floor":2,"turns":3},{"damage":6,"enemies":"Jaw Worm","floor":3,"turns":4},{"damage":0,"enemies":"Blue Slaver","floor":5,"turns":4},{"damage":35,"enemies":"Lagavulin Event","floor":8,"turns":8},{"damage":13,"enemies":"Lagavulin","floor":10,"turns":6},{"damage":8,"enemies":"Exordium Thugs","floor":12,"turns":5},{"damage":0,"enemies":"Large Slime","floor":13,"turns":4},{"damage":38,"enemies":"Slime Boss","floor":16,"turns":10}],"seed_played":"-6761779074829998966","potions_obtained":[{"floor":1,"key":"Ancient Potion"},{"floor":2,"key":"Fire Potion"},{"floor":10,"key":"Ancient Potion"},{"floor":12,"key":"EssenceOfSteel"}],"is_trial":false,"path_per_floor":["M","M","M","?","M","R","$","?","T","E","$","M","M","T","R","B"],"character_chosen":"IRONCLAD","items_purchased":[],"campfire_rested":0,"item_purchase_floors":[],"current_hp_per_floor":[80,80,80,64,70,70,70,41,41,34,34,32,38,38,38,0],"gold":151,"neow_bonus":"RANDOM_COLORLESS","is_prod":false,"is_daily":false,"chose_seed":false,"campfire_upgraded":2,"win_rate":0,"timestamp":1570026129,"path_taken":["M","M","?","?","M","R","$","?","T","E","?","?","M","?","R","BOSS"],"build_version":"2019-10-01","purchased_purges":2,"victory":false,"max_hp_per_floor":[80,80,80,80,80,80,80,80,80,80,80,80,80,80,80,80],"card_choices":[{"not_picked":["Jack Of All Trades","Purity"],"picked":"Finesse","floor":0},{"not_picked":["Warcry","Reckless Charge","Pommel Strike"],"picked":"SKIP","floor":1},{"not_picked":["Inflame","Armaments","Flex"],"picked":"SKIP","floor":2},{"not_picked":["Anger","Clash"],"picked":"Body Slam","floor":3},{"not_picked":["Thunderclap","Ghostly Armor","Headbutt"],"picked":"SKIP","floor":5},{"not_picked":["Cleave","Reckless Charge","Iron Wave"],"picked":"SKIP","floor":10},{"not_picked":["Limit Break","Armaments","Sever Soul"],"picked":"SKIP","floor":12},{"not_picked":["Seeing Red","Intimidate","Searing Blow"],"picked":"SKIP","floor":13}],"player_experience":332907,"relics_obtained":[{"floor":8,"key":"Vajra"},{"floor":9,"key":"Lantern"},{"floor":10,"key":"TungstenRod"},{"floor":14,"key":"Meat on the Bone"}],"event_choices":[{"damage_healed":0,"gold_gain":0,"player_choice":"Entered Light","damage_taken":16,"max_hp_gain":0,"max_hp_loss":0,"event_name":"Shining Light","floor":4,"gold_loss":0,"cards_upgraded":["Defend_R","Defend_R"]},{"damage_healed":0,"gold_gain":30,"player_choice":"Searched \u00272\u0027 times","damage_taken":0,"max_hp_gain":0,"max_hp_loss":0,"event_name":"Dead Adventurer","floor":8,"gold_loss":0}],"is_beta":true,"boss_relics":[],"items_purged_floors":[7,11],"is_endless":false,"potions_floor_spawned":[1,2,10,12],"killed_by":"Slime Boss","ascension_level":1}