{"gold_per_floor":[113,113,125,140,153,153,178,191,191,202,202,227,227,262,262,365,365,382,382,392,404,404,437,352,386,386,386,397,409,436,436,436,536,536,551,626,398,698,450,450,468,500,524,550,567,583,583,597,597,597,597,597,25,60,60],"floor_reached":55,"playtime":4466,"items_purged":["Decay","Defend_R+1","Rage"],"score":845,"play_id":"1212cb1f-4eb0-4c91-bd1e-85649461ce4f","local_time":"20191004223844","is_ascension_mode":true,"campfire_choices":[{"data":"Double Tap","floor":6,"key":"SMITH"},{"data":"Bash","floor":15,"key":"SMITH"},{"floor":27,"key":"REST"},{"floor":32,"key":"REST"},{"floor":40,"key":"RECALL"},{"floor":47,"key":"DIG"},{"floor":49,"key":"DIG"},{"data":"Double Tap","floor":52,"key":"SMITH"}],"neow_cost":"NONE","seed_source_timestamp":1882915658528900,"circlet_count":0,"master_deck":["Strike_R+1","Strike_R+1","Strike_R+1","Strike_R+1","Strike_R+1","Defend_R+1","Defend_R+1","Bash+1","Blind","Headbutt+1","Double Tap+1","Double Tap+1","Uppercut+1","Second Wind","Perfected Strike+1","Sentinel+1","Bludgeon+1","True Grit+1","Fire Breathing+1","Seeing Red+1","The Bomb","Sword Boomerang+1"],"relics":["Burning Blood","Blood Vial","Gambling Chip","Thread and Needle","Ornamental Fan","Runic Pyramid","Enchiridion","Anchor","Pantograph","Bottled Lightning","Shovel","Calipers","Mark of Pain","Whetstone","Bag of Marbles","PreservedInsect","Vajra","Happy Flower","Pear","Nunchaku","Oddly Smooth Stone","Strawberry"],"potions_floor_usage":[16,16,23,23,30,48,50,50],"damage_taken":[{"damage":3,"enemies":"Jaw Worm","floor":1,"turns":3},{"damage":0,"enemies":"Cultist","floor":3,"turns":3},{"damage":2,"enemies":"Small Slimes","floor":4,"turns":4},{"damage":9,"enemies":"Red Slaver","floor":5,"turns":4},{"damage":41,"enemies":"Lagavulin","floor":7,"turns":9},{"damage":9,"enemies":"Blue Slaver","floor":8,"turns":3},{"damage":11,"enemies":"3 Louse","floor":10,"turns":3},{"damage":24,"enemies":"3 Sentries","floor":12,"turns":8},{"damage":2,"enemies":"Lagavulin","floor":14,"turns":4},{"damage":16,"enemies":"Hexaghost","floor":16,"turns":10},{"damage":15,"enemies":"Spheric Guardian","floor":18,"turns":4},{"damage":7,"enemies":"3 Byrds","floor":20,"turns":6},{"damage":0,"enemies":"Snecko","floor":21,"turns":3},{"damage":50,"enemies":"Slavers","floor":23,"turns":5},{"damage":13,"enemies":"Book of Stabbing","floor":25,"turns":4},{"damage":0,"enemies":"Chosen and Byrds","floor":28,"turns":4},{"damage":0,"enemies":"Centurion and Healer","floor":29,"turns":4},{"damage":29,"enemies":"Gremlin Leader","floor":30,"turns":5},{"damage":49,"enemies":"Collector","floor":33,"turns":6},{"damage":2,"enemies":"3 Shapes","floor":35,"turns":4},{"damage":1,"enemies":"Orb Walker","floor":41,"turns":2},{"damage":20,"enemies":"Reptomancer","floor":42,"turns":5},{"damage":14,"enemies":"Nemesis","floor":44,"turns":3},{"damage":0,"enemies":"Maw","floor":45,"turns":4},{"damage":0,"enemies":"Jaw Worm Horde","floor":46,"turns":2},{"damage":0,"enemies":"Spire Growth","floor":48,"turns":2},{"damage":82,"enemies":"Awakened One","floor":50,"turns":10},{"damage":42,"enemies":"Shield and Spear","floor":54,"turns":4},{"damage":133,"enemies":"The Heart","floor":55,"turns":6}],"seed_played":"-4385331381561488431","potions_obtained":[{"floor":4,"key":"Fire Potion"},{"floor":8,"key":"SkillPotion"},{"floor":12,"key":"SpeedPotion"},{"floor":16,"key":"LiquidBronze"},{"floor":18,"key":"Strength Potion"},{"floor":23,"key":"SpeedPotion"},{"floor":29,"key":"GamblersBrew"},{"floor":35,"key":"SteroidPotion"},{"floor":45,"key":"Regen Potion"},{"floor":46,"key":"Explosive Potion"}],"is_trial":false,"path_per_floor":["M","?","M","M","M","R","E","M","T","M","?","E","T","E","R","B",null,"M","?","M","M","?","E","?","E","T","R","M","M","E","?","R","B",null,"M","?","$","?","$","R","M","E","T","E","M","M","R","M","R","B",null,"R","$","E","B"],"character_chosen":"IRONCLAD","items_purchased":["Whetstone","Bag of Marbles","The Bomb","Oddly Smooth Stone","FairyPotion"],"campfire_rested":2,"item_purchase_floors":[37,39,53,53,53],"current_hp_per_floor":[80,80,80,80,77,77,42,41,41,38,64,48,48,54,54,46,80,71,71,72,80,64,22,22,17,17,41,49,57,36,36,60,37,80,80,72,72,72,72,72,79,66,66,60,68,76,86,90,90,29,90,90,90,61,0],"gold":60,"neow_bonus":"RANDOM_COLORLESS","is_prod":false,"is_daily":false,"chose_seed":false,"campfire_upgraded":3,"win_rate":0,"timestamp":1570199924,"path_taken":["M","?","?","M","M","R","E","M","T","M","?","E","?","E","R","BOSS","M","?","M","?","?","E","?","E","T","R","M","?","E","?","R","BOSS","M","?","?","?","$","R","M","E","T","E","?","M","R","M","R","BOSS","R","$","E","BOSS"],"build_version":"2019-07-17","purchased_purges":3,"victory":false,"max_hp_per_floor":[80,80,80,80,80,80,80,80,80,80,80,80,80,80,80,80,80,80,80,80,80,80,80,80,80,80,80,80,80,80,80,80,80,80,80,80,80,80,80,80,80,80,80,80,80,80,90,90,90,90,90,90,90,97,97],"card_choices":[{"not_picked":["Warcry","Body Slam","Rage"],"picked":"SKIP","floor":1},{"not_picked":["Thunderclap","Clothesline"],"picked":"Headbutt","floor":3},{"not_picked":["Pommel Strike","True Grit"],"picked":"Double Tap","floor":4},{"not_picked":["Infernal Blade","Burning Pact","Armaments"],"picked":"SKIP","floor":5},{"not_picked":["Ghostly Armor","Shrug It Off","Flex"],"picked":"SKIP","floor":7},{"not_picked":["Wild Strike","Fire Breathing","Heavy Blade"],"picked":"SKIP","floor":8},{"not_picked":["Disarm","Heavy Blade","Power Through"],"picked":"SKIP","floor":10},{"not_picked":["Clothesline","Thunderclap","Headbutt"],"picked":"SKIP","floor":12},{"not_picked":["Impervious","Metallicize","Clothesline"],"picked":"SKIP","floor":14},{"not_picked":["Exhume","Impervious"],"picked":"Double Tap","floor":16},{"not_picked":["Body Slam","Evolve","Sword Boomerang+1"],"picked":"SKIP","floor":18},{"not_picked":["Whirlwind","Anger+1","Cleave"],"picked":"SKIP","floor":20},{"not_picked":["Sentinel","Armaments+1"],"picked":"Uppercut+1","floor":21},{"not_picked":["Intimidate","Heavy Blade"],"picked":"Second Wind","floor":23},{"not_picked":["True Grit","Thunderclap+1"],"picked":"Perfected Strike+1","floor":25},{"not_picked":["Reckless Charge","Heavy Blade+1","Sword Boomerang"],"picked":"SKIP","floor":28},{"not_picked":["Burning Pact","Hemokinesis"],"picked":"Sentinel+1","floor":29},{"not_picked":["Pommel Strike","Anger","True Grit"],"picked":"SKIP","floor":30},{"not_picked":["Double Tap","Immolate"],"picked":"Bludgeon","floor":33},{"not_picked":["Searing Blow","Iron Wave+1"],"picked":"True Grit+1","floor":35},{"not_picked":["Armaments+1","Metallicize+1","Wild Strike"],"picked":"SKIP","floor":41},{"not_picked":["Cleave","True Grit","Headbutt+1"],"picked":"SKIP","floor":42},{"not_picked":["Entrench+1","Corruption"],"picked":"Fire Breathing+1","floor":44},{"not_picked":["Pommel Strike","Feel No Pain+1","Body Slam+1"],"picked":"SKIP","floor":45},{"not_picked":["Perfected Strike+1","Shrug It Off+1"],"picked":"Seeing Red+1","floor":46},{"not_picked":["Inflame+1","Rage","Perfected Strike"],"picked":"SKIP","floor":48},{"not_picked":["Feed","Clothesline"],"picked":"Sword Boomerang+1","floor":54}],"player_experience":71301,"relics_obtained":[{"floor":7,"key":"Blood Vial"},{"floor":12,"key":"Gambling Chip"},{"floor":13,"key":"Thread and Needle"},{"floor":14,"key":"Ornamental Fan"},{"floor":22,"key":"Enchiridion"},{"floor":23,"key":"Anchor"},{"floor":25,"key":"Bottled Lightning"},{"floor":26,"key":"Shovel"},{"floor":30,"key":"Calipers"},{"floor":42,"key":"PreservedInsect"},{"floor":43,"key":"Vajra"},{"floor":44,"key":"Happy Flower"},{"floor":47,"key":"Pear"},{"floor":49,"key":"Nunchaku"},{"floor":54,"key":"Strawberry"}],"event_choices":[{"damage_healed":0,"gold_gain":0,"cards_transformed":["Defend_R"],"player_choice":"Transformed","damage_taken":0,"max_hp_gain":0,"max_hp_loss":0,"event_name":"Transmorgrifier","floor":2,"gold_loss":0,"cards_obtained":["Rage"]},{"damage_healed":26,"gold_gain":0,"player_choice":"Banana","damage_taken":0,"max_hp_gain":0,"max_hp_loss":0,"event_name":"Big Fish","floor":11,"gold_loss":0},{"damage_healed":0,"gold_gain":0,"player_choice":"Cursed","damage_taken":0,"max_hp_gain":0,"max_hp_loss":0,"event_name":"Wheel of Change","floor":19,"gold_loss":0,"cards_obtained":["Decay"]},{"damage_healed":0,"gold_gain":0,"player_choice":"Obtained Book","damage_taken":16,"max_hp_gain":0,"max_hp_loss":0,"event_name":"Cursed Tome","floor":22,"gold_loss":0},{"damage_healed":0,"gold_gain":0,"player_choice":"Obtained Relic","damage_taken":0,"relics_obtained":["Pantograph"],"max_hp_gain":0,"max_hp_loss":0,"event_name":"Addict","floor":24,"gold_loss":85},{"damage_healed":0,"gold_gain":0,"player_choice":"Simplicity","damage_taken":0,"max_hp_gain":0,"max_hp_loss":0,"event_name":"Back to Basics","floor":31,"gold_loss":0,"cards_upgraded":["Strike_R","Strike_R","Strike_R","Strike_R","Strike_R","Defend_R","Defend_R","Defend_R"]},{"damage_healed":0,"gold_gain":75,"player_choice":"Touch","damage_taken":8,"max_hp_gain":0,"max_hp_loss":0,"event_name":"FaceTrader","floor":36,"gold_loss":0},{"damage_healed":0,"gold_gain":300,"player_choice":"Gold","damage_taken":0,"max_hp_gain":0,"max_hp_loss":0,"event_name":"Wheel of Change","floor":38,"gold_loss":0}],"is_beta":false,"boss_relics":[{"not_picked":["Empty Cage","Lizard Tail"],"picked":"Runic Pyramid"},{"not_picked":["Astrolabe","Sozu"],"picked":"Mark of Pain"}],"items_purged_floors":[37,39,53],"is_endless":false,"potions_floor_spawned":[4,8,12,16,18,23,29,35,45,46],"killed_by":"The Heart","ascension_level":1}