{"gold_per_floor":[119,130,147,72,72,86,114,114,141,160,194,194,205,232,232,232],"floor_reached":16,"playtime":1521,"items_purged":["Defend_R"],"score":128,"play_id":"3033488a-3d1a-40b5-939d-46d989305c7b","local_time":"20190925203648","is_ascension_mode":true,"campfire_choices":[{"data":"Bash","floor":8,"key":"SMITH"},{"data":"Barricade","floor":12,"key":"SMITH"},{"floor":15,"key":"REST"}],"neow_cost":"NONE","seed_source_timestamp":0,"circlet_count":0,"master_deck":["Strike_R","Strike_R","Strike_R","Strike_R","Strike_R","Defend_R","Defend_R","Defend_R","Bash+1","Clash","Intimidate","Barricade+1","Rampage","Body Slam"],"special_seed":0,"relics":["Burning Blood","Centennial Puzzle","Juzu Bracelet","Dream Catcher","Orichalcum"],"potions_floor_usage":[13,14,16,16],"damage_taken":[{"damage":0.0,"enemies":"Small Slimes","floor":1.0,"turns":3.0},{"damage":0,"enemies":"Cultist","floor":2,"turns":4},{"damage":0,"enemies":"2 Louse","floor":3,"turns":2},{"damage":10,"enemies":"Exordium Wildlife","floor":6,"turns":4},{"damage":48,"enemies":"3 Sentries","floor":7,"turns":9},{"damage":7,"enemies":"Exordium Thugs","floor":10,"turns":4},{"damage":26,"enemies":"Gremlin Nob","floor":11,"turns":5},{"damage":2,"enemies":"Large Slime","floor":13,"turns":7},{"damage":23,"enemies":"3 Sentries","floor":14,"turns":9},{"damage":42,"enemies":"The Guardian","floor":16,"turns":8}],"seed_played":"2589834830991005813","potions_obtained":[{"floor":3,"key":"SpeedPotion"},{"floor":7,"key":"EssenceOfSteel"},{"floor":11,"key":"Energy Potion"},{"floor":13,"key":"Fruit Juice"},{"floor":14,"key":"Fire Potion"}],"is_trial":false,"path_per_floor":["M","M","M","$","?","M","E","R","T","M","E","R","M","E","R","B"],"character_chosen":"IRONCLAD","items_purchased":[],"campfire_rested":1,"item_purchase_floors":[],"current_hp_per_floor":[88,88,88,88,88,84,42,42,42,41,21,21,30,13,40,0],"gold":232,"neow_bonus":"TEN_PERCENT_HP_BONUS","is_prod":false,"is_daily":false,"chose_seed":false,"campfire_upgraded":2,"win_rate":0,"timestamp":1569415008,"path_taken":["M","M","M","$","?","M","E","R","T","M","E","R","M","E","R","BOSS"],"build_version":"2019-07-17","purchased_purges":1,"victory":false,"max_hp_per_floor":[88,88,88,88,88,88,88,88,88,88,88,88,93,93,93,93],"card_choices":[{"not_picked":["Shrug It Off","Rupture"],"picked":"Clash","floor":1},{"not_picked":["True Grit","Shrug It Off","Sword Boomerang"],"picked":"SKIP","floor":2},{"not_picked":["Heavy Blade","Rupture"],"picked":"Shockwave","floor":3},{"not_picked":["Cleave","Rupture"],"picked":"Intimidate","floor":6},{"not_picked":["Perfected Strike","Reckless Charge","Body Slam"],"picked":"SKIP","floor":7},{"not_picked":["Perfected Strike","Reckless Charge","Body Slam"],"picked":"SKIP","floor":7},{"not_picked":["Cleave","Heavy Blade"],"picked":"Barricade","floor":10},{"not_picked":["Shockwave","Warcry","Corruption"],"picked":"SKIP","floor":11},{"not_picked":["Pommel Strike","Second Wind","Pummel"],"picked":"SKIP","floor":13},{"not_picked":["Headbutt","Shrug It Off"],"picked":"Rampage","floor":14},{"not_picked":["Carnage","Anger"],"picked":"Body Slam","floor":15}],"player_experience":29331,"relics_obtained":[{"floor":7,"key":"Centennial Puzzle"},{"floor":9,"key":"Juzu Bracelet"},{"floor":11,"key":"Dream Catcher"},{"floor":14,"key":"Orichalcum"}],"event_choices":[{"cards_removed":["Shockwave"],"damage_healed":0,"gold_gain":0,"player_choice":"Offered Uncommon","damage_taken":0,"max_hp_gain":0,"max_hp_loss":0,"event_name":"Bonfire Elementals","floor":5,"gold_loss":0}],"is_beta":false,"boss_relics":[],"items_purged_floors":[4],"is_endless":false,"potions_floor_spawned":[3,7,11,13,14],"killed_by":"The Guardian","ascension_level":1}