{"gold_per_floor":[110,110,35,47,58,85,97,97,124,124,134,150,150,179,179,284,284,300,320,419,419,125,160,160,160,185,217,329,341,371,108,108,211,261,278,48,48,58,76,102,102,102,102,102,136,152,180,192,192,192],"floor_reached":51,"playtime":6059,"items_purged":["Defend_B","Strike_B","Defend_B","Consume+1"],"score":865,"play_id":"2b904dcf-6be5-4b5c-84d4-1916630b8bb4","local_time":"20190929181828","is_ascension_mode":false,"campfire_choices":[{"data":"Zap","floor":8.0,"key":"SMITH"},{"data":"Beam Cell","floor":15.0,"key":"SMITH"},{"data":"Seek","floor":24,"key":"SMITH"},{"floor":29,"key":"REST"},{"floor":32,"key":"REST"},{"data":"Dualcast","floor":41,"key":"SMITH"},{"floor":49,"key":"REST"}],"neow_cost":"NONE","seed_source_timestamp":1433620203736200,"circlet_count":0,"master_deck":["Zap+1","Dualcast+1","Beam Cell+1","Ball Lightning","Reboot","Echo Form","Chill","Streamline+1","Seek+1","Purity+1","Chaos+1","Multi-Cast+1","Compile Driver","Capacitor","Steam Power","Reboot","Thunder Strike","Echo Form","Force Field+1","Defragment","Enlightenment+1","All For One","Redo+1"],"special_seed":0,"relics":["Cracked Core","Bag of Marbles","Bronze Scales","Dodecahedron","Centennial Puzzle","Astrolabe","TheAbacus","Regal Pillow","MawBank","Nunchaku","Toxic Egg 2","Tiny House","Lantern","Mercury Hourglass","GremlinMask","Pocketwatch","Boot"],"potions_floor_usage":[28,28,33,46,47,50,50,50],"damage_taken":[{"damage":6.0,"enemies":"Jaw Worm","floor":1.0,"turns":3.0},{"damage":0.0,"enemies":"Cultist","floor":4.0,"turns":2.0},{"damage":0.0,"enemies":"2 Louse","floor":5.0,"turns":2.0},{"damage":21.0,"enemies":"Lagavulin","floor":6.0,"turns":4.0},{"damage":8.0,"enemies":"Exordium Wildlife","floor":7.0,"turns":4.0},{"damage":0.0,"enemies":"2 Fungi Beasts","floor":11.0,"turns":2.0},{"damage":0.0,"enemies":"3 Louse","floor":12.0,"turns":2.0},{"damage":0.0,"enemies":"3 Sentries","floor":14.0,"turns":6.0},{"damage":0.0,"enemies":"Slime Boss","floor":16.0,"turns":7.0},{"damage":0.0,"enemies":"Chosen","floor":18.0,"turns":3.0},{"damage":3.0,"enemies":"Spheric Guardian","floor":19.0,"turns":3.0},{"damage":43,"enemies":"Slavers","floor":23,"turns":5},{"damage":4,"enemies":"Centurion and Healer","floor":27,"turns":3},{"damage":9,"enemies":"Colosseum Slavers","floor":28,"turns":2},{"damage":23,"enemies":"Colosseum Nobs","floor":28,"turns":4},{"damage":12,"enemies":"3 Cultists","floor":30,"turns":4},{"damage":46,"enemies":"Collector","floor":33,"turns":7},{"damage":15,"enemies":"3 Darklings","floor":35,"turns":3},{"damage":6,"enemies":"3 Shapes","floor":38,"turns":4},{"damage":22,"enemies":"Sphere and 2 Shapes","floor":39,"turns":3},{"damage":18,"enemies":"Reptomancer","floor":40,"turns":5},{"damage":0,"enemies":"Giant Head","floor":45,"turns":6},{"damage":42,"enemies":"Spire Growth","floor":46,"turns":5},{"damage":2,"enemies":"Nemesis","floor":47,"turns":5},{"damage":10,"enemies":"4 Shapes","floor":48,"turns":3},{"damage":48,"enemies":"Time Eater","floor":50,"turns":8}],"seed_played":"-2366373600006987738","potions_obtained":[{"floor":5.0,"key":"EssenceOfSteel"},{"floor":6.0,"key":"FearPotion"},{"floor":11.0,"key":"Weak Potion"},{"floor":27,"key":"Regen Potion"},{"floor":30,"key":"Swift Potion"},{"floor":33,"key":"Block Potion"},{"floor":34,"key":"LiquidBronze"},{"floor":38,"key":"Explosive Potion"},{"floor":46,"key":"AttackPotion"},{"floor":47,"key":"Strength Potion"}],"is_trial":false,"path_per_floor":["M","?","$","M","M","E","M","R","T","T","M","M","?","E","R","B",null,"M","M","?","?","$","E","R","?","T","M","?","R","M","$","R","B",null,"M","$","?","M","M","E","R","?","T","?","E","M","E","M","R","B",null],"character_chosen":"DEFECT","items_purchased":["TheAbacus","Consume+1","Thunder Strike","Defragment"],"campfire_rested":3,"item_purchase_floors":[22,31,31,36],"current_hp_per_floor":[69,69,69,69,69,48,40,40,40,40,40,40,40,40,40,40,75,75,72,72,72,72,29,29,29,29,25,5,42,30,30,67,21,80,65,65,65,59,37,19,19,70,70,70,70,28,26,16,52,4],"gold":192,"neow_bonus":"REMOVE_CARD","is_prod":false,"is_daily":false,"chose_seed":false,"campfire_upgraded":4,"win_rate":0.0,"timestamp":1569752308,"path_taken":["M","?","?","M","M","E","?","R","T","?","M","M","?","E","R","BOSS","M","M","?","?","$","E","R","?","T","?","?","R","M","?","R","BOSS","M","?","?","M","M","E","R","?","T","?","E","M","E","M","R","BOSS"],"build_version":"2019-07-17","purchased_purges":4,"victory":true,"max_hp_per_floor":[75,75,75,75,75,75,75,75,75,75,75,75,75,75,75,75,75,75,75,75,75,75,75,75,75,75,75,75,75,75,75,75,75,80,80,80,80,80,80,80,80,70,70,70,70,70,70,70,70,70],"card_choices":[{"not_picked":["Sweeping Beam","Coolheaded"],"picked":"Beam Cell","floor":1.0},{"not_picked":["Auto Shields","Steam"],"picked":"Echo Form","floor":4.0},{"not_picked":["Ball Lightning","Barrage","Gash"],"picked":"SKIP","floor":5.0},{"not_picked":["Genetic Algorithm","Rebound"],"picked":"Chill","floor":6.0},{"not_picked":["Turbo","Beam Cell","Compile Driver"],"picked":"SKIP","floor":7.0},{"not_picked":["Ball Lightning","FTL","Scrape"],"picked":"SKIP","floor":11.0},{"not_picked":["Rainbow","Rebound"],"picked":"Streamline","floor":12.0},{"not_picked":["Steam","Hologram","Doom and Gloom"],"picked":"SKIP","floor":14.0},{"not_picked":["Buffer","Biased Cognition"],"picked":"Seek","floor":16.0},{"not_picked":["Redo","Beam Cell","Heatsinks"],"picked":"SKIP","floor":18.0},{"not_picked":["Blizzard","Reinforced Body"],"picked":"Compile Driver","floor":19.0},{"not_picked":["Ball Lightning","Streamline"],"picked":"Reboot","floor":23},{"not_picked":["Scrape","Force Field","Compile Driver"],"picked":"SKIP","floor":27},{"not_picked":["Cold Snap","Blizzard","Self Repair"],"picked":"SKIP","floor":30},{"not_picked":["Meteor Strike","All For One"],"picked":"Echo Form","floor":33},{"not_picked":["Hologram+1","Streamline"],"picked":"Force Field+1","floor":35},{"not_picked":["The Bomb+1","Good Instincts+1"],"picked":"Enlightenment+1","floor":37},{"not_picked":["Barrage+1","White Noise+1","Lockon"],"picked":"SKIP","floor":38},{"not_picked":["Gash","Compile Driver+1","Static Discharge"],"picked":"SKIP","floor":39},{"not_picked":["Loop+1","Scrape+1"],"picked":"All For One","floor":40},{"not_picked":["Blizzard+1","Hologram+1","Sunder"],"picked":"SKIP","floor":45},{"not_picked":["Compile Driver","Scrape"],"picked":"Redo+1","floor":46},{"not_picked":["Conserve Battery+1","Undo+1","Gash+1"],"picked":"SKIP","floor":47},{"not_picked":["Glacier+1","Turbo+1","Rebound"],"picked":"SKIP","floor":48}],"player_experience":57146,"relics_obtained":[{"floor":6.0,"key":"Bag of Marbles"},{"floor":9.0,"key":"Bronze Scales"},{"floor":10.0,"key":"Dodecahedron"},{"floor":14.0,"key":"Centennial Puzzle"},{"floor":23,"key":"Regal Pillow"},{"floor":26,"key":"MawBank"},{"floor":28,"key":"Nunchaku"},{"floor":28,"key":"Toxic Egg 2"},{"floor":40,"key":"Lantern"},{"floor":43,"key":"Mercury Hourglass"},{"floor":45,"key":"Pocketwatch"},{"floor":47,"key":"Boot"}],"event_choices":[{"damage_healed":0.0,"max_hp_gain":0.0,"max_hp_loss":0.0,"gold_gain":0.0,"event_name":"Match and Keep!","player_choice":"3 cards matched","floor":2.0,"gold_loss":0.0,"damage_taken":0.0,"cards_obtained":["Ball Lightning","Discovery","Reboot"]},{"damage_healed":0.0,"max_hp_gain":0.0,"max_hp_loss":0.0,"gold_gain":0.0,"event_name":"Liars Game","player_choice":"Ignored","floor":13.0,"gold_loss":0.0,"damage_taken":0.0},{"damage_healed":0.0,"max_hp_gain":0.0,"max_hp_loss":0.0,"gold_gain":99.0,"event_name":"Nest","player_choice":"Stole From Cult","floor":20.0,"gold_loss":0.0,"damage_taken":0.0},{"damage_healed":0.0,"max_hp_gain":0.0,"max_hp_loss":0.0,"gold_gain":0.0,"cards_transformed":["Defend_B","Defend_B"],"event_name":"Drug Dealer","player_choice":"Became Test Subject","floor":21.0,"gold_loss":0.0,"damage_taken":0.0,"cards_obtained":["Capacitor","Steam Power"]},{"damage_healed":0,"gold_gain":0,"player_choice":"Ignored","damage_taken":0,"max_hp_gain":0,"max_hp_loss":0,"event_name":"The Mausoleum","floor":25,"gold_loss":0},{"damage_healed":0,"gold_gain":0,"player_choice":"Fight","damage_taken":0,"max_hp_gain":0,"max_hp_loss":0,"event_name":"Colosseum","floor":28,"gold_loss":0},{"damage_healed":0,"gold_gain":0,"player_choice":"Fought Nobs","damage_taken":0,"max_hp_gain":0,"max_hp_loss":0,"event_name":"Colosseum","floor":28,"gold_loss":0},{"damage_healed":0,"gold_gain":0,"player_choice":"Memory 1","damage_taken":0,"max_hp_gain":0,"max_hp_loss":0,"event_name":"SensoryStone","floor":37,"gold_loss":0},{"damage_healed":70,"gold_gain":0,"player_choice":"Heal","damage_taken":0,"max_hp_gain":0,"max_hp_loss":10,"event_name":"The Moai Head","floor":42,"gold_loss":0},{"damage_healed":0,"gold_gain":0,"player_choice":"Trade","damage_taken":0,"relics_obtained":["GremlinMask"],"max_hp_gain":0,"max_hp_loss":0,"event_name":"FaceTrader","floor":44,"gold_loss":0}],"is_beta":false,"boss_relics":[{"not_picked":["Busted Crown","Cursed Key"],"picked":"Astrolabe"},{"not_picked":["Eternal Feather","Fusion Hammer"],"picked":"Tiny House"}],"items_purged_floors":[3,22,31,36],"is_endless":false,"potions_floor_spawned":[5,6,11,12,27,28,30,33,38,46,47],"ascension_level":0}