{"gold_per_floor":[113,38,38,58,58,58,93,93,93,107,107,128,128,128,128,248,248,268,268,168,186,200,233,233],"floor_reached":24,"playtime":1866,"items_purged":["Defend_B","Defend_B"],"score":214,"play_id":"9b093ea9-66eb-4a49-a8b4-ca56a31a9541","local_time":"20190929152825","is_ascension_mode":false,"campfire_choices":[{"data":"Dualcast","floor":6,"key":"SMITH"},{"floor":8,"key":"DIG"},{"floor":13,"key":"DIG"},{"floor":15,"key":"REST"}],"neow_cost":"NONE","seed_source_timestamp":1427699519597400,"circlet_count":0,"master_deck":["Strike_B","Strike_B","Strike_B","Defend_B+1","Defend_B","Zap","Dualcast+1","Rebound","Coolheaded","Loop+1","BootSequence","Amplify","Chaos+1"],"relics":["Cracked Core","Golden Idol","Shovel","StoneCalendar","Question Card","Mercury Hourglass","Black Star","Bag of Marbles","Molten Egg 2"],"potions_floor_usage":[7,16,23,23,23],"damage_taken":[{"damage":1,"enemies":"Cultist","floor":1,"turns":4},{"damage":0,"enemies":"Small Slimes","floor":4,"turns":3},{"damage":14,"enemies":"3 Sentries","floor":7,"turns":10},{"damage":0,"enemies":"2 Louse","floor":10,"turns":1},{"damage":6,"enemies":"Gremlin Gang","floor":12,"turns":7},{"damage":14,"enemies":"Slime Boss","floor":16,"turns":7},{"damage":16,"enemies":"Shell Parasite","floor":18,"turns":5},{"damage":16,"enemies":"2 Thieves","floor":21,"turns":4},{"damage":13,"enemies":"Centurion and Healer","floor":22,"turns":7},{"damage":17,"enemies":"Slavers","floor":23,"turns":5},{"damage":27,"enemies":"Shelled Parasite and Fungi","floor":24,"turns":2}],"seed_played":"3208654819840055804","potions_obtained":[{"floor":1,"key":"SkillPotion"},{"floor":4,"key":"SteroidPotion"},{"floor":16,"key":"SteroidPotion"},{"floor":19,"key":"FocusPotion"},{"floor":19,"key":"Weak Potion"},{"floor":21,"key":"AttackPotion"}],"is_trial":false,"path_per_floor":["M","$","?","M","?","R","E","R","T","M","?","M","R","?","R","B",null,"M","?","$","M","M","E","M"],"character_chosen":"DEFECT","items_purchased":[],"campfire_rested":1,"item_purchase_floors":[],"current_hp_per_floor":[81,81,61,61,66,66,52,52,52,52,45,39,39,22,48,34,87,71,71,71,55,42,25,0],"gold":233,"neow_bonus":"TEN_PERCENT_HP_BONUS","is_prod":false,"is_daily":false,"chose_seed":false,"campfire_upgraded":1,"win_rate":0.0,"timestamp":1569742105,"path_taken":["M","$","?","M","?","R","E","R","T","M","?","M","R","?","R","BOSS","M","?","$","M","M","E","?"],"build_version":"2019-07-17","purchased_purges":2,"victory":false,"max_hp_per_floor":[82,82,82,82,87,87,87,87,87,87,87,87,87,87,87,87,87,87,87,87,87,87,87,87],"card_choices":[{"not_picked":["Steam Power","Conserve Battery"],"picked":"Rebound","floor":1},{"not_picked":["Cold Snap","Stack"],"picked":"Coolheaded","floor":4},{"not_picked":["BootSequence","Conserve Battery"],"picked":"Loop","floor":7},{"not_picked":["Beam Cell","Conserve Battery","Compile Driver","Go for the Eyes"],"picked":"SKIP","floor":10},{"not_picked":["Barrage","Stack","Steam"],"picked":"BootSequence","floor":12},{"not_picked":["Creative AI","Machine Learning","Seek"],"picked":"Amplify","floor":16},{"not_picked":["Chill","Doom and Gloom","Aggregate"],"picked":"Chaos+1","floor":18},{"not_picked":["Hologram","Sweeping Beam","Lockon","Reinforced Body"],"picked":"SKIP","floor":21},{"not_picked":["Cold Snap","Force Field","Hologram+1","Beam Cell"],"picked":"SKIP","floor":22},{"not_picked":["Sweeping Beam","Hello World","Chaos","Static Discharge"],"picked":"SKIP","floor":23}],"player_experience":51265,"relics_obtained":[{"floor":7,"key":"Shovel"},{"floor":8,"key":"StoneCalendar"},{"floor":9,"key":"Question Card"},{"floor":13,"key":"Mercury Hourglass"},{"floor":23,"key":"Bag of Marbles"},{"floor":23,"key":"Molten Egg 2"}],"event_choices":[{"damage_healed":0,"gold_gain":0,"player_choice":"Take Damage","damage_taken":20,"relics_obtained":["Golden Idol"],"max_hp_gain":0,"max_hp_loss":0,"event_name":"Golden Idol","floor":3,"gold_loss":0},{"damage_healed":0,"gold_gain":0,"player_choice":"Donut","damage_taken":0,"max_hp_gain":5,"max_hp_loss":0,"event_name":"Big Fish","floor":5,"gold_loss":0},{"cards_removed":["Strike_B"],"damage_healed":0,"gold_gain":0,"player_choice":"Card Removal","damage_taken":7,"max_hp_gain":0,"max_hp_loss":0,"event_name":"Golden Wing","floor":11,"gold_loss":0},{"damage_healed":0,"gold_gain":0,"player_choice":"Entered Light","damage_taken":17,"max_hp_gain":0,"max_hp_loss":0,"event_name":"Shining Light","floor":14,"gold_loss":0,"cards_upgraded":["Defend_B","Loop"]},{"damage_healed":0,"gold_gain":0,"player_choice":"Got Potions","damage_taken":0,"max_hp_gain":0,"max_hp_loss":0,"event_name":"Lab","floor":19,"gold_loss":0}],"is_beta":false,"boss_relics":[{"not_picked":["Orrery","Lizard Tail"],"picked":"Black Star"}],"items_purged_floors":[2,20],"is_endless":false,"potions_floor_spawned":[1,4,16,21],"killed_by":"Shelled Parasite and Fungi","ascension_level":0}