{"gold_per_floor":[111,36,56,75,75,75,106,106,157,107,7,7,19,19,19,139,139,159,183,108,108,121,159,159],"floor_reached":24,"playtime":1433,"items_purged":["Strike_B","Strike_B"],"score":214,"play_id":"919fd8b7-360f-4763-b848-b1782feda2ad","local_time":"20190929155229","is_ascension_mode":false,"campfire_choices":[{"data":"Fusion","floor":6,"key":"SMITH"},{"data":"Redo","floor":8,"key":"SMITH"},{"data":"Zap","floor":12,"key":"SMITH"},{"floor":15,"key":"REST"}],"neow_cost":"TEN_PERCENT_HP_LOSS","seed_source_timestamp":1429577961231300,"circlet_count":0,"master_deck":["Defend_B","Defend_B","Zap+1","Dualcast","Static Discharge","Defragment","Compile Driver","Fusion+1","Redo+1","Electrodynamics","Redo+1","Conserve Battery+1","Storm","Rainbow"],"relics":["Cracked Core","Bag of Preparation","Potion Belt","Golden Idol","Coffee Dripper","Mummified Hand"],"potions_floor_usage":[16,16,23],"damage_taken":[{"damage":1,"enemies":"Cultist","floor":1,"turns":3},{"damage":7,"enemies":"Small Slimes","floor":3,"turns":2},{"damage":11,"enemies":"Jaw Worm","floor":4,"turns":3},{"damage":34,"enemies":"3 Sentries","floor":7,"turns":6},{"damage":13,"enemies":"3 Louse","floor":13,"turns":2},{"damage":18,"enemies":"The Guardian","floor":16,"turns":7},{"damage":22,"enemies":"Shell Parasite","floor":18,"turns":3},{"damage":0,"enemies":"3 Byrds","floor":19,"turns":2},{"damage":0,"enemies":"Snake Plant","floor":22,"turns":2},{"damage":27,"enemies":"Slavers","floor":23,"turns":2}],"seed_played":"-7644771384790308509","potions_obtained":[{"floor":3,"key":"Weak Potion"},{"floor":7,"key":"Fire Potion"},{"floor":18,"key":"Dexterity Potion"}],"is_trial":false,"path_per_floor":["M","$","M","M","?","R","E","R","T","?","$","R","M","?","R","B",null,"M","M","?","$","M","E","?"],"character_chosen":"DEFECT","items_purchased":[],"campfire_rested":1,"item_purchase_floors":[],"current_hp_per_floor":[67,67,60,49,49,49,15,15,15,15,15,15,2,2,20,2,63,41,41,41,41,41,14,0],"gold":159,"neow_bonus":"TRANSFORM_TWO_CARDS","is_prod":false,"is_daily":false,"chose_seed":false,"campfire_upgraded":3,"win_rate":0.0,"timestamp":1569743549,"path_taken":["M","$","M","M","?","R","E","R","T","?","?","R","M","?","R","BOSS","M","M","?","$","M","E","?"],"build_version":"2019-07-17","purchased_purges":2,"victory":false,"max_hp_per_floor":[68,68,68,68,68,68,68,68,68,68,68,68,68,63,63,63,63,63,63,63,63,63,63,63],"card_choices":[{"not_picked":["Conserve Battery","Cold Snap"],"picked":"Compile Driver","floor":1},{"not_picked":["Steam","Gash"],"picked":"Fusion","floor":3},{"not_picked":["Skim","Leap","Stack"],"picked":"SKIP","floor":4},{"not_picked":["Aggregate","Storm"],"picked":"Redo","floor":7},{"not_picked":["Doom and Gloom","Redo","Biased Cognition"],"picked":"SKIP","floor":13},{"not_picked":["Biased Cognition","Machine Learning"],"picked":"Electrodynamics","floor":16},{"not_picked":["Stack","Steam Power"],"picked":"Redo+1","floor":18},{"not_picked":["Chill+1","Aggregate+1"],"picked":"Conserve Battery+1","floor":19},{"not_picked":["Auto Shields","Redo+1"],"picked":"Storm","floor":22},{"not_picked":["Rebound","Beam Cell"],"picked":"Rainbow","floor":23}],"player_experience":53131,"relics_obtained":[{"floor":7,"key":"Bag of Preparation"},{"floor":9,"key":"Potion Belt"},{"floor":23,"key":"Mummified Hand"}],"event_choices":[{"damage_healed":0,"gold_gain":0,"player_choice":"Ignored","damage_taken":0,"max_hp_gain":0,"max_hp_loss":0,"event_name":"Liars Game","floor":5,"gold_loss":0},{"cards_removed":["Strike_B"],"damage_healed":0,"gold_gain":0,"player_choice":"Card Removal","damage_taken":0,"max_hp_gain":0,"max_hp_loss":0,"event_name":"The Cleric","floor":10,"gold_loss":50},{"damage_healed":0,"gold_gain":0,"player_choice":"Lose Max HP","damage_taken":0,"relics_obtained":["Golden Idol"],"max_hp_gain":0,"max_hp_loss":5,"event_name":"Golden Idol","floor":14,"gold_loss":0},{"cards_removed":["Strike_B"],"damage_healed":0,"gold_gain":0,"player_choice":"Gave Gold","damage_taken":0,"max_hp_gain":0,"max_hp_loss":0,"event_name":"Beggar","floor":20,"gold_loss":75}],"is_beta":false,"boss_relics":[{"not_picked":["Empty Cage","Busted Crown"],"picked":"Coffee Dripper"}],"items_purged_floors":[2,11],"is_endless":false,"potions_floor_spawned":[3,7,18],"ascension_level":0}