{"gold_per_floor":[114,39,55,71,52,84,34,34,34,54,54,82,102,2,2,2],"floor_reached":16,"playtime":2226,"items_purged":["Defend_R","Defend_R"],"score":123,"play_id":"46a811d9-0f44-472b-9e68-e0490568059b","local_time":"20191006073625","is_ascension_mode":true,"campfire_choices":[{"data":"Body Slam","floor":8,"key":"SMITH"},{"data":"Flame Barrier","floor":15,"key":"SMITH"}],"neow_cost":"NONE","seed_source_timestamp":2003819858057500,"circlet_count":0,"master_deck":["Strike_R","Strike_R","Strike_R","Strike_R","Defend_R","Defend_R","Bash","Ghostly Armor","Flame Barrier+1","Body Slam+1","Entrench+1","True Grit+1"],"relics":["Burning Blood","Toxic Egg 2","Meat on the Bone","Matryoshka","Bottled Flame"],"potions_floor_usage":[16,16],"damage_taken":[{"damage":1,"enemies":"Cultist","floor":1,"turns":3},{"damage":9,"enemies":"2 Louse","floor":3,"turns":3},{"damage":0,"enemies":"Jaw Worm","floor":4,"turns":4},{"damage":0,"enemies":"Exordium Thugs","floor":5,"turns":4},{"damage":37,"enemies":"3 Sentries","floor":6,"turns":13},{"damage":0,"enemies":"2 Fungi Beasts","floor":10,"turns":4},{"damage":22,"enemies":"Gremlin Nob","floor":12,"turns":4},{"damage":23,"enemies":"Large Slime","floor":13,"turns":8},{"damage":84,"enemies":"Slime Boss","floor":16,"turns":15}],"seed_played":"8255040544031145743","potions_obtained":[{"floor":1,"key":"Energy Potion"},{"floor":5,"key":"FairyPotion"},{"floor":12,"key":"SkillPotion"},{"floor":13,"key":"BloodPotion"}],"is_trial":false,"path_per_floor":["M","$","M","M","M","E","?","R","T","M","T","E","M","$","R","B"],"character_chosen":"IRONCLAD","items_purchased":[],"campfire_rested":0,"item_purchase_floors":[],"current_hp_per_floor":[88,88,85,88,88,57,57,57,57,63,63,59,54,54,54,2],"gold":2,"neow_bonus":"TEN_PERCENT_HP_BONUS","is_prod":false,"is_daily":false,"chose_seed":false,"campfire_upgraded":2,"win_rate":0,"timestamp":1570318585,"path_taken":["M","$","M","?","M","E","?","R","T","M","?","E","M","$","R","BOSS"],"build_version":"2019-07-17","purchased_purges":2,"victory":false,"max_hp_per_floor":[88,88,88,88,88,88,88,88,88,88,88,88,88,88,88,88],"card_choices":[{"not_picked":["Havoc","Shockwave"],"picked":"Ghostly Armor","floor":1},{"not_picked":["Thunderclap","Searing Blow"],"picked":"Flame Barrier","floor":3},{"not_picked":["Hemokinesis","Sword Boomerang"],"picked":"Body Slam","floor":4},{"not_picked":["Armaments","Havoc","Rupture"],"picked":"SKIP","floor":5},{"not_picked":["Impervious","Rage"],"picked":"Entrench","floor":6},{"not_picked":["Dual Wield+1","Rupture"],"picked":"True Grit+1","floor":10},{"not_picked":["Flex+1","Searing Blow","Cleave"],"picked":"SKIP","floor":12},{"not_picked":["Fire Breathing","Wild Strike","Rampage"],"picked":"SKIP","floor":13},{"not_picked":["Fire Breathing","Wild Strike","Rampage"],"picked":"SKIP","floor":13},{"not_picked":["Fire Breathing","Wild Strike","Rampage"],"picked":"SKIP","floor":13},{"not_picked":["Fire Breathing","Wild Strike","Rampage"],"picked":"SKIP","floor":13}],"player_experience":106371,"relics_obtained":[{"floor":6,"key":"Toxic Egg 2"},{"floor":9,"key":"Meat on the Bone"},{"floor":11,"key":"Matryoshka"},{"floor":12,"key":"Bottled Flame"}],"event_choices":[{"cards_removed":["Strike_R"],"damage_healed":0,"gold_gain":0,"player_choice":"Card Removal","damage_taken":0,"max_hp_gain":0,"max_hp_loss":0,"event_name":"The Cleric","floor":7,"gold_loss":50}],"is_beta":false,"boss_relics":[],"items_purged_floors":[2,14],"is_endless":false,"potions_floor_spawned":[1,5,12,13],"killed_by":"Slime Boss","ascension_level":2}