{"gold_per_floor":[117,129,145,125,139,164,164,179,179,208,227,227,255,330,330,426,426,442,53,328,339,353,383,393,422,422,115,143,158,169,186,186,290,290,308,362,382,392,392,392],"floor_reached":40,"playtime":3669,"items_purged":["Strike_P","Regret"],"score":650,"play_id":"5c75457e-3a5b-4a10-b1c2-6305733f2436","local_time":"20191005151328","is_ascension_mode":true,"campfire_choices":[{"data":"Eruption","floor":7.0,"key":"SMITH"},{"data":"Ragnarok","floor":12.0,"key":"SMITH"},{"data":"ForeignInfluence","floor":15.0,"key":"SMITH"},{"data":"DeusExMachina","floor":32.0,"key":"SMITH"}],"neow_cost":"NONE","seed_source_timestamp":1813962457632900,"circlet_count":0,"master_deck":["Strike_P","Strike_P","Strike_P","Defend_P","Defend_P","Defend_P","Defend_P","Eruption+1","Vigilance","Brilliance","EmptyFist","MentalFortress","ThirdEye","ForeignInfluence+1","Consecrate","EmptyBody","SashWhip","Ragnarok+1","DeusExMachina+1","WreathOfFlame+1","Violence","Wireheading","CutThroughFate","Establishment","FlyingSleeves","Wallop","Protect","WheelKick+1","Mind Blast+1","JustLucky+1","TalkToTheHand+1","Scrawl","Fasting2","Ragnarok+1","Indignation","Scrawl","JustLucky+1","SandsOfTime+1","Madness","Madness"],"special_seed":0,"relics":["PureWater","Vajra","Art of War","Bird Faced Urn","VioletLotus","ClockworkSouvenir","Pen Nib","Yang","Molten Egg 2","White Beast Statue","Velvet Choker","Ice Cream"],"potions_floor_usage":[35,36,40,40],"damage_taken":[{"damage":12.0,"enemies":"Cultist","floor":1.0,"turns":4.0},{"damage":4.0,"enemies":"Jaw Worm","floor":2.0,"turns":4.0},{"damage":1.0,"enemies":"2 Louse","floor":3.0,"turns":2.0},{"damage":0.0,"enemies":"Red Slaver","floor":5.0,"turns":4.0},{"damage":16.0,"enemies":"Lagavulin","floor":6.0,"turns":8.0},{"damage":10.0,"enemies":"Gremlin Gang","floor":8.0,"turns":3.0},{"damage":25.0,"enemies":"3 Sentries","floor":10.0,"turns":7.0},{"damage":5.0,"enemies":"Large Slime","floor":11.0,"turns":5.0},{"damage":2.0,"enemies":"Lagavulin","floor":13.0,"turns":4.0},{"damage":26.0,"enemies":"Hexaghost","floor":16.0,"turns":9.0},{"damage":18.0,"enemies":"2 Thieves","floor":18.0,"turns":4.0},{"damage":3.0,"enemies":"Spheric Guardian","floor":21.0,"turns":3.0},{"damage":0.0,"enemies":"Snecko","floor":22.0,"turns":2.0},{"damage":22.0,"enemies":"Book of Stabbing","floor":23.0,"turns":3.0},{"damage":9.0,"enemies":"Cultist and Chosen","floor":24.0,"turns":5.0},{"damage":18.0,"enemies":"Gremlin Leader","floor":25.0,"turns":3.0},{"damage":4.0,"enemies":"Book of Stabbing","floor":28.0,"turns":3.0},{"damage":0.0,"enemies":"Centurion and Healer","floor":29.0,"turns":6.0},{"damage":0.0,"enemies":"Snake Plant","floor":30.0,"turns":1.0},{"damage":3.0,"enemies":"3 Cultists","floor":31.0,"turns":4.0},{"damage":0.0,"enemies":"Collector","floor":33.0,"turns":3.0},{"damage":13,"enemies":"3 Darklings","floor":35,"turns":3},{"damage":32,"enemies":"2 Orb Walkers","floor":36,"turns":2},{"damage":0,"enemies":"Orb Walker","floor":37,"turns":2},{"damage":22,"enemies":"4 Shapes","floor":38,"turns":4},{"damage":19,"enemies":"Reptomancer","floor":40,"turns":2}],"seed_played":"-7210880518234269958","potions_obtained":[{"floor":1.0,"key":"GamblersBrew"},{"floor":2.0,"key":"GamblersBrew"},{"floor":4.0,"key":"Energy Potion"},{"floor":6.0,"key":"Energy Potion"},{"floor":10.0,"key":"Fire Potion"},{"floor":13.0,"key":"Weak Potion"},{"floor":18.0,"key":"Ambrosia"},{"floor":22.0,"key":"SteroidPotion"},{"floor":25.0,"key":"PowerPotion"},{"floor":28.0,"key":"PowerPotion"},{"floor":29.0,"key":"PowerPotion"},{"floor":30.0,"key":"Swift Potion"},{"floor":31.0,"key":"LiquidBronze"},{"floor":33.0,"key":"Ancient Potion"},{"floor":35,"key":"Fruit Juice"},{"floor":36,"key":"Fire Potion"},{"floor":37,"key":"Strength Potion"}],"is_trial":false,"path_per_floor":["M","M","M","?","M","E","R","M","T","E","M","R","E","?","R","B",null,"M","$","?","M","M","E","M","E","T","$","E","M","M","M","R","B",null,"M","?","M","M","?","E"],"character_chosen":"WATCHER","items_purchased":["ClockworkSouvenir","Violence","Protect","WheelKick+1","Mind Blast+1"],"campfire_rested":0,"item_purchase_floors":[19,19,27,27,27],"current_hp_per_floor":[60,65,64,64,64,54,54,44,44,25,32,32,42,31,31,10,72,56,56,56,55,55,37,37,21,21,21,17,30,32,33,33,35,72,64,34,34,29,19,0],"gold":392,"neow_bonus":"ONE_RANDOM_RARE_CARD","is_prod":false,"is_daily":false,"chose_seed":false,"campfire_upgraded":4,"win_rate":0,"timestamp":1570281208,"path_taken":["M","?","M","?","?","E","R","M","T","E","M","R","E","?","R","BOSS","M","$","?","M","?","E","M","E","T","$","E","M","?","M","R","BOSS","M","?","M","M","?","E"],"build_version":"2019-10-04","purchased_purges":2,"victory":false,"max_hp_per_floor":[72,72,72,72,72,72,72,72,72,72,72,72,72,72,72,72,72,72,72,72,72,72,72,72,72,72,72,72,72,72,72,72,72,72,77,77,77,77,77,77],"card_choices":[{"not_picked":["Indignation","FearNoEvil"],"picked":"EmptyFist","floor":1.0},{"not_picked":["EmptyFist","ThirdEye"],"picked":"MentalFortress","floor":2.0},{"not_picked":["JustLucky","EmptyBody"],"picked":"ThirdEye","floor":3.0},{"not_picked":["FlowState","Weave"],"picked":"ForeignInfluence","floor":5.0},{"not_picked":["Vault","Weave"],"picked":"Consecrate","floor":6.0},{"not_picked":["Consecrate","CrushJoints"],"picked":"EmptyBody","floor":8.0},{"not_picked":["MentalFortress","SignatureMove"],"picked":"SashWhip","floor":10.0},{"not_picked":["Prostrate","InnerPeace"],"picked":"Ragnarok","floor":11.0},{"not_picked":["SignatureMove","JustLucky","SashWhip"],"picked":"SKIP","floor":13.0},{"not_picked":["MasterReality","Devotion"],"picked":"DeusExMachina","floor":16.0},{"not_picked":["Crescendo+1","Conclude"],"picked":"WreathOfFlame+1","floor":18.0},{"not_picked":["EmptyBody","BowlingBash"],"picked":"Wireheading","floor":21.0},{"not_picked":["ForeignInfluence","FlyingSleeves+1"],"picked":"CutThroughFate","floor":22.0},{"not_picked":["EmptyFist","BowlingBash"],"picked":"Establishment","floor":23.0},{"not_picked":["Consecrate+1","WaveOfTheHand"],"picked":"FlyingSleeves","floor":24.0},{"not_picked":["Sanctity","FlyingSleeves+1"],"picked":"Wallop","floor":25.0},{"not_picked":["Prostrate","Conclude+1"],"picked":"JustLucky+1","floor":28.0},{"not_picked":["Sanctity+1","Weave+1"],"picked":"TalkToTheHand+1","floor":29.0},{"not_picked":["Swivel","BattleHymn+1"],"picked":"Scrawl","floor":30.0},{"not_picked":["SashWhip+1","ClearTheMind"],"picked":"Fasting2","floor":31.0},{"not_picked":["Blasphemy","Establishment"],"picked":"Ragnarok+1","floor":33.0},{"not_picked":["EmptyBody+1","Adaptation"],"picked":"Indignation","floor":35},{"not_picked":["CrushJoints+1","CutThroughFate+1"],"picked":"Scrawl","floor":36},{"not_picked":["FlyingSleeves+1","CutThroughFate+1"],"picked":"JustLucky+1","floor":37},{"not_picked":["FlyingSleeves+1","JustLucky+1"],"picked":"SandsOfTime+1","floor":38}],"player_experience":336521,"relics_obtained":[{"floor":6.0,"key":"Vajra"},{"floor":10.0,"key":"Art of War"},{"floor":13.0,"key":"Bird Faced Urn"},{"floor":23.0,"key":"Pen Nib"},{"floor":25.0,"key":"Yang"},{"floor":26.0,"key":"Molten Egg 2"},{"floor":28.0,"key":"White Beast Statue"},{"floor":36,"key":"Ice Cream"}],"event_choices":[{"damage_healed":0.0,"max_hp_gain":0.0,"max_hp_loss":0.0,"gold_gain":0.0,"event_name":"The Woman in Blue","player_choice":"Bought 1 Potion","floor":4.0,"gold_loss":0.0,"damage_taken":0.0},{"damage_healed":0.0,"max_hp_gain":0.0,"max_hp_loss":0.0,"gold_gain":75.0,"event_name":"World of Goop","player_choice":"Gather Gold","floor":14.0,"gold_loss":0.0,"damage_taken":11.0},{"damage_healed":0.0,"max_hp_gain":0.0,"max_hp_loss":0.0,"gold_gain":275.0,"event_name":"Golden Shrine","player_choice":"Desecrate","floor":20.0,"gold_loss":0.0,"damage_taken":0.0,"cards_obtained":["Regret"]},{"damage_healed":0,"gold_gain":0,"player_choice":"Fight","damage_taken":0,"max_hp_gain":0,"max_hp_loss":0,"event_name":"Mysterious Sphere","floor":36,"gold_loss":0},{"damage_healed":0,"gold_gain":0,"player_choice":"Embrace Madness","damage_taken":10,"max_hp_gain":0,"max_hp_loss":0,"event_name":"Winding Halls","floor":39,"gold_loss":0,"cards_obtained":["Madness","Madness"]}],"is_beta":true,"boss_relics":[{"not_picked":["Calling Bell","Black Star"],"picked":"VioletLotus"},{"not_picked":["SlaversCollar","Tiny House"],"picked":"Velvet Choker"}],"items_purged_floors":[19,27],"is_endless":false,"potions_floor_spawned":[1,2,6,10,11,13,18,22,25,28,29,30,31,33,35,36,37,38],"killed_by":"Reptomancer","ascension_level":3}