{"gold_per_floor":[116,129,129,129,36,67,77,88,88,88],"floor_reached":10,"playtime":735,"items_purged":[],"score":68,"play_id":"e007043c-0406-4dcd-a35c-bfdf05652ccb","local_time":"20190920234705","is_ascension_mode":false,"campfire_choices":[],"neow_cost":"NONE","seed_source_timestamp":681150120341600,"circlet_count":0,"master_deck":["Strike_G","Strike_G","Strike_G","Strike_G","Strike_G","Defend_G","Defend_G","Defend_G","Defend_G","Survivor","Neutralize","Expertise","Reflex","Noxious Fumes","Slice","Finisher","Slice","Infinite Blades"],"relics":["Ring of the Snake","Pantograph","Dodecahedron"],"potions_floor_usage":[],"damage_taken":[{"damage":1,"enemies":"2 Louse","floor":1,"turns":4},{"damage":1,"enemies":"Jaw Worm","floor":2,"turns":6},{"damage":41,"enemies":"Gremlin Nob","floor":6,"turns":6},{"damage":4,"enemies":"Cultist","floor":7,"turns":3},{"damage":12,"enemies":"Blue Slaver","floor":8,"turns":4},{"damage":13,"enemies":"3 Sentries","floor":10,"turns":2}],"seed_played":"8298033443028340759","potions_obtained":[{"floor":7,"key":"Energy Potion"}],"is_trial":false,"path_per_floor":["M","M","?","?","$","E","M","M","T","E"],"character_chosen":"THE_SILENT","items_purchased":["Noxious Fumes","Slice"],"campfire_rested":0,"item_purchase_floors":[5,5],"current_hp_per_floor":[76,75,75,68,68,27,23,11,11,0],"gold":88,"neow_bonus":"TEN_PERCENT_HP_BONUS","is_prod":false,"is_daily":false,"chose_seed":false,"campfire_upgraded":0,"win_rate":0.0,"timestamp":1568994425,"path_taken":["M","M","?","?","$","E","?","M","T","E"],"build_version":"2019-07-17","purchased_purges":0,"victory":false,"max_hp_per_floor":[77,77,77,77,77,77,77,77,77,77],"card_choices":[{"not_picked":["Quick Slash","Flying Knee"],"picked":"Expertise","floor":1},{"not_picked":["Blade Dance","PiercingWail"],"picked":"Reflex","floor":2},{"not_picked":["Crippling Poison","Underhanded Strike"],"picked":"Finisher","floor":6},{"not_picked":["Glass Knife","Escape Plan"],"picked":"Slice","floor":7},{"not_picked":["Outmaneuver","Flying Knee"],"picked":"Infinite Blades","floor":8}],"player_experience":23346,"relics_obtained":[{"floor":6,"key":"Pantograph"},{"floor":9,"key":"Dodecahedron"}],"event_choices":[{"damage_healed":0,"gold_gain":0,"player_choice":"Ignored","damage_taken":0,"max_hp_gain":0,"max_hp_loss":0,"event_name":"Liars Game","floor":3,"gold_loss":0},{"cards_removed":["Defend_G"],"damage_healed":0,"gold_gain":0,"player_choice":"Card Removal","damage_taken":7,"max_hp_gain":0,"max_hp_loss":0,"event_name":"Golden Wing","floor":4,"gold_loss":0}],"is_beta":false,"boss_relics":[],"items_purged_floors":[],"is_endless":false,"potions_floor_spawned":[7],"killed_by":"3 Sentries","ascension_level":0}