{"gold_per_floor":[360,212,212,232,78,78,103,115,186,201,76,76,105,105,105,202,202,220,235,255,105,124,152,152,179,179,193,221,233,30,45,45,145,145,157,157,172,172,172,172,192,204,230,230,258,269,94,104,104,104],"floor_reached":50,"playtime":1372,"items_purged":["Writhe","Defend_R","Defend_R","Defend_R","Bash"],"score":685,"play_id":"c5ecdfce-801b-4320-a9b5-292e83232aaf","local_time":"20191010074857","is_ascension_mode":true,"campfire_choices":[{"data":"Flex","floor":6,"key":"SMITH"},{"data":"Flex","floor":12,"key":"SMITH"},{"floor":15,"key":"REST"},{"floor":24,"key":"REST"},{"data":"Thunderclap","floor":32,"key":"SMITH"},{"data":"Double Tap","floor":40,"key":"SMITH"},{"data":"Twin Strike","floor":44,"key":"SMITH"},{"floor":49,"key":"REST"}],"neow_cost":"CURSE","seed_source_timestamp":2351025820942300,"circlet_count":0,"master_deck":["Strike_R","Strike_R","Strike_R","Strike_R","Twin Strike+1","Whirlwind+1","Flex+1","Flex+1","Spot Weakness","Flex+1","Thunderclap+1","Double Tap+1"],"relics":["Burning Blood","Vajra","Ornamental Fan","Anchor","Sozu","Bag of Preparation","Letter Opener","Oddly Smooth Stone","Chemical X","Philosopher\u0027s Stone","Red Skull","Juzu Bracelet"],"potions_floor_usage":[13,33],"damage_taken":[{"damage":9,"enemies":"Jaw Worm","floor":1,"turns":3},{"damage":0,"enemies":"Cultist","floor":4,"turns":2},{"damage":26,"enemies":"Gremlin Nob","floor":7,"turns":4},{"damage":0,"enemies":"2 Louse","floor":8,"turns":1},{"damage":34,"enemies":"Exordium Thugs","floor":10,"turns":3},{"damage":31,"enemies":"Lagavulin","floor":13,"turns":4},{"damage":12,"enemies":"Slime Boss","floor":16,"turns":8},{"damage":14,"enemies":"Shell Parasite","floor":18,"turns":3},{"damage":0,"enemies":"3 Byrds","floor":19,"turns":2},{"damage":13,"enemies":"Centurion and Healer","floor":20,"turns":3},{"damage":10,"enemies":"Snake Plant","floor":22,"turns":2},{"damage":8,"enemies":"Gremlin Leader","floor":23,"turns":3},{"damage":0,"enemies":"Slavers","floor":25,"turns":1},{"damage":8,"enemies":"Shelled Parasite and Fungi","floor":27,"turns":2},{"damage":8,"enemies":"Gremlin Leader","floor":28,"turns":3},{"damage":9,"enemies":"Centurion and Healer","floor":29,"turns":2},{"damage":2,"enemies":"Chosen and Byrds","floor":31,"turns":2},{"damage":48,"enemies":"Automaton","floor":33,"turns":5},{"damage":3,"enemies":"Orb Walker","floor":35,"turns":2},{"damage":6,"enemies":"3 Shapes","floor":37,"turns":2},{"damage":0,"enemies":"3 Darklings","floor":39,"turns":1},{"damage":0,"enemies":"Jaw Worm Horde","floor":41,"turns":2},{"damage":18,"enemies":"4 Shapes","floor":42,"turns":1},{"damage":38,"enemies":"Nemesis","floor":45,"turns":5},{"damage":0,"enemies":"3 Darklings","floor":46,"turns":1},{"damage":28,"enemies":"Transient","floor":48,"turns":5},{"damage":49,"enemies":"Time Eater","floor":50,"turns":2}],"seed_played":"605501544184712203","potions_obtained":[{"floor":7,"key":"Ancient Potion"},{"floor":8,"key":"SkillPotion"},{"floor":13,"key":"Explosive Potion"}],"is_trial":false,"path_per_floor":["M","$","?","M","$","R","E","M","T","M","$","R","E","?","R","B",null,"M","M","M","$","M","E","R","E","T","M","E","M","$","M","R","B",null,"M","?","M","$","M","R","M","M","T","R","E","M","$","M","R","B"],"character_chosen":"IRONCLAD","items_purchased":["Whirlwind","Flex","Chemical X"],"campfire_rested":3,"item_purchase_floors":[2,5,30],"current_hp_per_floor":[77,77,77,80,80,80,60,66,66,38,38,38,13,13,37,31,80,72,78,71,71,67,65,80,80,80,78,76,73,73,77,77,35,80,80,80,80,80,80,80,80,68,68,68,36,42,42,20,44,0],"gold":104,"neow_bonus":"TWO_FIFTY_GOLD","is_prod":false,"is_daily":false,"chose_seed":false,"campfire_upgraded":5,"win_rate":0,"timestamp":1570664937,"path_taken":["M","$","?","M","$","R","E","M","T","M","?","R","E","?","R","BOSS","M","M","M","$","M","E","R","E","T","M","E","?","$","M","R","BOSS","M","?","M","$","M","R","M","M","T","R","E","M","$","M","R","BOSS"],"build_version":"2019-07-17","purchased_purges":5,"victory":false,"max_hp_per_floor":[80,80,80,80,80,80,80,80,80,80,80,80,80,80,80,80,80,80,80,80,80,80,80,80,80,80,80,80,80,80,80,80,80,80,80,80,80,80,80,80,80,80,80,80,80,80,80,80,80,80],"card_choices":[{"not_picked":["True Grit","Havoc"],"picked":"Twin Strike","floor":1},{"not_picked":["Cleave","Sword Boomerang","Blood for Blood"],"picked":"SKIP","floor":4},{"not_picked":["Sentinel","Body Slam","Second Wind"],"picked":"SKIP","floor":7},{"not_picked":["Wild Strike","Clothesline"],"picked":"Flex","floor":8},{"not_picked":["Dark Embrace","Clash","Metallicize"],"picked":"SKIP","floor":10},{"not_picked":["Immolate","Havoc","Cleave"],"picked":"SKIP","floor":13},{"not_picked":["Iron Wave+1","Clothesline","Rage+1"],"picked":"SKIP","floor":18},{"not_picked":["Twin Strike","Ghostly Armor","Shrug It Off+1"],"picked":"SKIP","floor":19},{"not_picked":["True Grit","Flex","Headbutt"],"picked":"SKIP","floor":20},{"not_picked":["Perfected Strike","Pommel Strike+1","Seeing Red"],"picked":"SKIP","floor":22},{"not_picked":["Anger","Offering"],"picked":"Flex+1","floor":23},{"not_picked":["Power Through","Carnage","Body Slam"],"picked":"SKIP","floor":25},{"not_picked":["Shockwave","True Grit+1"],"picked":"Thunderclap","floor":27},{"not_picked":["Rupture","Clash","Spot Weakness"],"picked":"SKIP","floor":28},{"not_picked":["Heavy Blade","Spot Weakness+1","Body Slam+1"],"picked":"SKIP","floor":29},{"not_picked":["Power Through","Armaments","Blood for Blood+1"],"picked":"SKIP","floor":31},{"not_picked":["Bludgeon","Limit Break"],"picked":"Double Tap","floor":33},{"not_picked":["Heavy Blade+1","Thunderclap","Ghostly Armor+1"],"picked":"SKIP","floor":35},{"not_picked":["Sword Boomerang","Clash+1","Armaments"],"picked":"SKIP","floor":37},{"not_picked":["Shrug It Off","Pommel Strike+1","Double Tap"],"picked":"SKIP","floor":39},{"not_picked":["Hemokinesis","Shrug It Off","Headbutt"],"picked":"SKIP","floor":41},{"not_picked":["Shrug It Off+1","True Grit+1","Heavy Blade"],"picked":"SKIP","floor":42},{"not_picked":["Armaments+1","Havoc+1","Fire Breathing+1"],"picked":"SKIP","floor":45},{"not_picked":["Perfected Strike+1","Clothesline+1","Headbutt+1"],"picked":"SKIP","floor":46},{"not_picked":["Blood for Blood+1","Entrench","Exhume"],"picked":"SKIP","floor":48}],"player_experience":148664,"relics_obtained":[{"floor":7,"key":"Vajra"},{"floor":9,"key":"Ornamental Fan"},{"floor":13,"key":"Anchor"},{"floor":23,"key":"Bag of Preparation"},{"floor":25,"key":"Letter Opener"},{"floor":28,"key":"Oddly Smooth Stone"},{"floor":43,"key":"Red Skull"},{"floor":45,"key":"Juzu Bracelet"}],"event_choices":[{"damage_healed":0,"gold_gain":0,"player_choice":"Forge","damage_taken":0,"max_hp_gain":0,"max_hp_loss":0,"event_name":"Accursed Blacksmith","floor":3,"gold_loss":0,"cards_upgraded":["Whirlwind"]},{"damage_healed":0,"gold_gain":0,"cards_transformed":["Defend_R"],"player_choice":"Transformed","damage_taken":0,"max_hp_gain":0,"max_hp_loss":0,"event_name":"Transmorgrifier","floor":14,"gold_loss":0,"cards_obtained":["Spot Weakness"]},{"cards_removed":["Strike_R"],"damage_healed":0,"gold_gain":0,"player_choice":"Removed Attack","damage_taken":0,"max_hp_gain":0,"max_hp_loss":0,"event_name":"Falling","floor":36,"gold_loss":0}],"is_beta":false,"boss_relics":[{"not_picked":["Calling Bell","Black Blood"],"picked":"Sozu"},{"not_picked":["Tiny House","Lizard Tail"],"picked":"Philosopher\u0027s Stone"}],"items_purged_floors":[2,5,11,21,47],"is_endless":false,"potions_floor_spawned":[7,8,13,19,20,23,27,31,35,37,41],"killed_by":"Time Eater","ascension_level":4}