{"gold_per_floor":[119,194,194,119,119,151,151,185,185,185,213,229,229,229,229,331,331,349,349,349,362,262,288,303,318,344,344,376,376],"floor_reached":29,"playtime":1553,"items_purged":["Defend_R","Defend_R"],"score":316,"play_id":"e832d358-688c-4264-b6c1-ddba24beef96","local_time":"20191004194747","is_ascension_mode":true,"campfire_choices":[{"floor":7,"key":"REST"},{"floor":13,"key":"REST"},{"floor":15,"key":"REST"}],"neow_cost":"NONE","seed_source_timestamp":1875573388020200,"circlet_count":0,"master_deck":["Strike_R+1","Strike_R+1","Strike_R+1","Strike_R+1","Strike_R+1","Bash","Thunderclap","Headbutt","Clash","Feed","RitualDagger","Flex","Perfected Strike","Double Tap"],"relics":["Burning Blood","Gremlin Horn","Frozen Egg 2","Question Card","Shuriken","Happy Flower","Velvet Choker","Centennial Puzzle","Strawberry"],"potions_floor_usage":[11,24,28,29],"damage_taken":[{"damage":10,"enemies":"Cultist","floor":1,"turns":4},{"damage":34,"enemies":"3 Sentries","floor":6,"turns":6},{"damage":54,"enemies":"Lagavulin","floor":8,"turns":6},{"damage":26,"enemies":"3 Sentries","floor":11,"turns":6},{"damage":8,"enemies":"Small Slimes","floor":12,"turns":2},{"damage":48,"enemies":"Hexaghost","floor":16,"turns":6},{"damage":0,"enemies":"Spheric Guardian","floor":18,"turns":2},{"damage":24,"enemies":"Shell Parasite","floor":21,"turns":3},{"damage":51,"enemies":"Book of Stabbing","floor":23,"turns":4},{"damage":6,"enemies":"3 Cultists","floor":24,"turns":3},{"damage":15,"enemies":"Shelled Parasite and Fungi","floor":25,"turns":2},{"damage":26,"enemies":"Slavers","floor":28,"turns":3},{"damage":20,"enemies":"Centurion and Healer","floor":29,"turns":1}],"seed_played":"8010217896898794603","potions_obtained":[{"floor":6,"key":"BloodPotion"},{"floor":11,"key":"SpeedPotion"},{"floor":18,"key":"Ancient Potion"},{"floor":23,"key":"Regen Potion"},{"floor":25,"key":"FearPotion"}],"is_trial":false,"path_per_floor":["M","?","?","$","T","E","R","E","T","?","E","M","R","?","R","B",null,"M","?","?","M","$","E","M","M","T","?","E","M"],"character_chosen":"IRONCLAD","items_purchased":[],"campfire_rested":3,"item_purchase_floors":[],"current_hp_per_floor":[84,73,66,66,66,38,64,16,16,16,18,16,42,42,68,26,88,91,85,85,67,67,22,34,28,28,28,18,0],"gold":376,"neow_bonus":"TEN_PERCENT_HP_BONUS","is_prod":false,"is_daily":false,"chose_seed":false,"campfire_upgraded":0,"win_rate":0,"timestamp":1570189667,"path_taken":["M","?","?","$","?","E","R","E","T","?","E","?","R","?","R","BOSS","M","?","?","M","?","E","M","M","T","?","E","M"],"build_version":"2019-07-17","purchased_purges":2,"victory":false,"max_hp_per_floor":[88,88,88,88,88,88,88,88,88,88,88,88,88,88,88,88,88,91,91,91,91,91,91,94,97,97,97,107,107],"card_choices":[{"not_picked":["Armaments","Shrug It Off"],"picked":"Thunderclap","floor":1},{"not_picked":["Body Slam","Shrug It Off","Pummel"],"picked":"SKIP","floor":6},{"not_picked":["Armaments","Burning Pact","Pommel Strike"],"picked":"SKIP","floor":8},{"not_picked":["Uppercut","Shrug It Off","Metallicize+1"],"picked":"Headbutt","floor":11},{"not_picked":["Warcry","Sentinel","Power Through","Shrug It Off"],"picked":"SKIP","floor":12},{"not_picked":["Limit Break","Reaper","Juggernaut+1"],"picked":"Feed","floor":16},{"not_picked":["Shrug It Off","True Grit","Feel No Pain+1","Sever Soul+1"],"picked":"SKIP","floor":18},{"not_picked":["Inflame+1","Reckless Charge","Armaments","Body Slam"],"picked":"SKIP","floor":21},{"not_picked":["Pommel Strike+1","Heavy Blade","Headbutt+1"],"picked":"Perfected Strike","floor":23},{"not_picked":["Armaments","True Grit","Havoc","Anger"],"picked":"SKIP","floor":24},{"not_picked":["Entrench","Headbutt","Perfected Strike"],"picked":"Double Tap","floor":25},{"not_picked":["Disarm+1","Heavy Blade","Armaments","Sever Soul"],"picked":"SKIP","floor":28}],"player_experience":66489,"relics_obtained":[{"floor":5,"key":"Gremlin Horn"},{"floor":6,"key":"Frozen Egg 2"},{"floor":8,"key":"Question Card"},{"floor":9,"key":"Shuriken"},{"floor":11,"key":"Happy Flower"},{"floor":23,"key":"Centennial Puzzle"},{"floor":28,"key":"Strawberry"}],"event_choices":[{"damage_healed":0,"gold_gain":75,"player_choice":"Gather Gold","damage_taken":11,"max_hp_gain":0,"max_hp_loss":0,"event_name":"World of Goop","floor":2,"gold_loss":0},{"cards_removed":["Defend_R"],"damage_healed":0,"gold_gain":0,"player_choice":"Card Removal","damage_taken":7,"max_hp_gain":0,"max_hp_loss":0,"event_name":"Golden Wing","floor":3,"gold_loss":0},{"damage_healed":0,"gold_gain":0,"player_choice":"Ignored","damage_taken":0,"max_hp_gain":0,"max_hp_loss":0,"event_name":"Shining Light","floor":10,"gold_loss":0},{"damage_healed":0,"gold_gain":0,"cards_transformed":["Defend_R"],"player_choice":"Change","damage_taken":0,"max_hp_gain":0,"max_hp_loss":0,"event_name":"Living Wall","floor":14,"gold_loss":0,"cards_obtained":["Clash"]},{"damage_healed":0,"gold_gain":0,"player_choice":"Joined the Cult","damage_taken":6,"max_hp_gain":0,"max_hp_loss":0,"event_name":"Nest","floor":19,"gold_loss":0,"cards_obtained":["RitualDagger"]},{"damage_healed":0,"gold_gain":0,"player_choice":"Read","damage_taken":0,"max_hp_gain":0,"max_hp_loss":0,"event_name":"The Library","floor":20,"gold_loss":0,"cards_obtained":["Flex"]},{"damage_healed":0,"gold_gain":0,"player_choice":"Simplicity","damage_taken":0,"max_hp_gain":0,"max_hp_loss":0,"event_name":"Back to Basics","floor":27,"gold_loss":0,"cards_upgraded":["Strike_R","Strike_R","Strike_R","Strike_R","Strike_R"]}],"is_beta":false,"boss_relics":[{"not_picked":["Eternal Feather","Calling Bell"],"picked":"Velvet Choker"}],"items_purged_floors":[4,22],"is_endless":false,"potions_floor_spawned":[6,11,18,23,25],"killed_by":"Centurion and Healer","ascension_level":1}