{"gold_per_floor":[116,291,291,304,321,321,356,356,409,409,441,459,330,362,362,466,466,480,494,494,494,507,535,435,435,482,207,282,282,301,332,332,433,433,446,457,457,457,307,337,337,366,366,384,435,214,228,248,248,248],"floor_reached":51,"playtime":2488,"items_purged":["Bash","Defend_R","Defend_R","Defend_R","Limit Break"],"score":1028,"play_id":"247f6b2f-63f7-403a-9aa0-2ff40704f3be","local_time":"20191006193147","is_ascension_mode":true,"campfire_choices":[{"data":"Flex","floor":6.0,"key":"SMITH"},{"data":"Twin Strike","floor":10.0,"key":"SMITH"},{"data":"Anger","floor":15.0,"key":"SMITH"},{"data":"Flex","floor":25.0,"key":"SMITH"},{"floor":29.0,"key":"REST"},{"floor":32.0,"key":"REST"},{"data":"Havoc","floor":41.0,"key":"SMITH"},{"data":"Havoc","floor":49,"key":"SMITH"}],"neow_cost":"NONE","seed_source_timestamp":0,"circlet_count":0,"master_deck":["Strike_R","Strike_R","Strike_R","Strike_R","Flex+1","Twin Strike+1","Anger+1","Flex+1","Havoc+1","Havoc+1"],"special_seed":0,"relics":["Burning Blood","Spirit Poop","Bag of Preparation","PreservedInsect","Boot","Busted Crown","Mercury Hourglass","Blood Vial","Orichalcum","Nunchaku","Lizard Tail","Red Skull","Art of War","Self Forming Clay","Unceasing Top"],"potions_floor_usage":[50,50],"damage_taken":[{"damage":7.0,"enemies":"Small Slimes","floor":1.0,"turns":4.0},{"damage":1.0,"enemies":"Cultist","floor":4.0,"turns":3.0},{"damage":2.0,"enemies":"2 Louse","floor":5.0,"turns":2.0},{"damage":25.0,"enemies":"3 Sentries","floor":7.0,"turns":6.0},{"damage":20.0,"enemies":"Lagavulin","floor":11.0,"turns":3.0},{"damage":13.0,"enemies":"Red Slaver","floor":12.0,"turns":3.0},{"damage":0.0,"enemies":"Gremlin Nob","floor":14.0,"turns":2.0},{"damage":26.0,"enemies":"Slime Boss","floor":16.0,"turns":8.0},{"damage":32.0,"enemies":"Shell Parasite","floor":18.0,"turns":4.0},{"damage":19.0,"enemies":"Chosen","floor":19.0,"turns":4.0},{"damage":24.0,"enemies":"Snake Plant","floor":22.0,"turns":3.0},{"damage":34.0,"enemies":"Slavers","floor":23.0,"turns":5.0},{"damage":24.0,"enemies":"Snecko","floor":30.0,"turns":4.0},{"damage":12.0,"enemies":"Gremlin Leader","floor":31.0,"turns":2.0},{"damage":41.0,"enemies":"Automaton","floor":33.0,"turns":5.0},{"damage":3.0,"enemies":"3 Darklings","floor":35.0,"turns":3.0},{"damage":0.0,"enemies":"3 Shapes","floor":36.0,"turns":2.0},{"damage":0.0,"enemies":"Reptomancer","floor":40.0,"turns":2.0},{"damage":62.0,"enemies":"Nemesis","floor":42.0,"turns":5.0},{"damage":5.0,"enemies":"Jaw Worm Horde","floor":44.0,"turns":2.0},{"damage":15.0,"enemies":"2 Orb Walkers","floor":45.0,"turns":3.0},{"damage":10.0,"enemies":"Writhing Mass","floor":47.0,"turns":2.0},{"damage":3.0,"enemies":"3 Darklings","floor":48.0,"turns":2.0},{"damage":14,"enemies":"Awakened One","floor":50,"turns":3}],"seed_played":"-6223947583416280050","potions_obtained":[{"floor":5.0,"key":"PowerPotion"},{"floor":7.0,"key":"GamblersBrew"},{"floor":12.0,"key":"SteroidPotion"},{"floor":23.0,"key":"GamblersBrew"},{"floor":33.0,"key":"Energy Potion"},{"floor":36.0,"key":"AttackPotion"},{"floor":42.0,"key":"Weak Potion"},{"floor":44.0,"key":"Poison Potion"},{"floor":48.0,"key":"LiquidBronze"}],"is_trial":false,"path_per_floor":["M","?","?","M","M","R","E","?","T","R","E","M","$","E","R","B",null,"M","M","?","?","M","E","$","R","T","$","?","R","M","E","R","B",null,"M","M","?","?","$","E","R","E","T","M","?","$","M","M","R","B",null],"character_chosen":"IRONCLAD","items_purchased":["Anger","Orichalcum","Havoc"],"campfire_rested":2,"item_purchase_floors":[13,27,46],"current_hp_per_floor":[79,79,79,80,80,80,61,61,61,61,47,40,40,46,46,26,80,54,41,41,67,49,21,21,21,21,21,13,37,21,17,41,8,80,80,80,80,80,80,80,80,24,24,27,20,20,18,23,23,17],"gold":248,"neow_bonus":"ONE_RANDOM_RARE_CARD","is_prod":false,"is_daily":false,"chose_seed":false,"campfire_upgraded":6,"win_rate":0,"timestamp":1570361507,"path_taken":["M","?","?","?","M","R","E","?","T","R","E","?","$","E","R","BOSS","M","M","?","?","M","E","$","R","T","$","?","R","M","E","R","BOSS","M","M","?","?","$","E","R","E","T","M","?","$","M","M","R","BOSS"],"build_version":"2019-07-17","purchased_purges":5,"victory":true,"max_hp_per_floor":[80,80,80,80,80,80,80,80,80,80,80,80,80,80,80,80,80,80,80,80,80,80,80,80,80,80,80,80,80,80,80,80,80,80,80,80,80,80,80,80,80,80,80,80,80,80,80,80,80,80],"card_choices":[{"not_picked":["True Grit","Bloodletting"],"picked":"Flex","floor":1.0},{"not_picked":["True Grit","Rampage","Warcry"],"picked":"SKIP","floor":4.0},{"not_picked":["Warcry","Whirlwind"],"picked":"Twin Strike","floor":5.0},{"not_picked":["Clash","Dark Embrace","Havoc"],"picked":"SKIP","floor":7.0},{"not_picked":["Uppercut","Reaper","Fire Breathing"],"picked":"SKIP","floor":11.0},{"not_picked":["Corruption","Clothesline","Pommel Strike"],"picked":"SKIP","floor":12.0},{"not_picked":["Wild Strike","Combust","Disarm"],"picked":"SKIP","floor":14.0},{"not_picked":[],"picked":"Flex","floor":18.0},{"not_picked":["Intimidate"],"picked":"SKIP","floor":19.0},{"not_picked":["Uppercut+1"],"picked":"SKIP","floor":22.0},{"not_picked":["Pommel Strike"],"picked":"SKIP","floor":23.0},{"not_picked":["Perfected Strike"],"picked":"SKIP","floor":30.0},{"not_picked":["Pommel Strike"],"picked":"SKIP","floor":31.0},{"not_picked":["True Grit"],"picked":"SKIP","floor":35.0},{"not_picked":["True Grit"],"picked":"SKIP","floor":35.0},{"not_picked":["Twin Strike+1"],"picked":"SKIP","floor":36.0},{"not_picked":[],"picked":"Havoc","floor":40.0},{"not_picked":["Spot Weakness"],"picked":"SKIP","floor":42.0},{"not_picked":["Sword Boomerang"],"picked":"SKIP","floor":44.0},{"not_picked":["Perfected Strike"],"picked":"SKIP","floor":47.0},{"not_picked":["Shockwave+1"],"picked":"SKIP","floor":48.0}],"player_experience":129007,"relics_obtained":[{"floor":7.0,"key":"Bag of Preparation"},{"floor":11.0,"key":"PreservedInsect"},{"floor":14.0,"key":"Boot"},{"floor":23.0,"key":"Mercury Hourglass"},{"floor":26.0,"key":"Blood Vial"},{"floor":31.0,"key":"Nunchaku"},{"floor":40.0,"key":"Red Skull"},{"floor":42.0,"key":"Art of War"},{"floor":43.0,"key":"Self Forming Clay"},{"floor":45.0,"key":"Unceasing Top"}],"event_choices":[{"damage_healed":0.0,"max_hp_gain":0.0,"max_hp_loss":0.0,"gold_gain":175.0,"event_name":"Liars Game","player_choice":"AGREE","floor":2.0,"gold_loss":0.0,"damage_taken":0.0,"cards_obtained":["Doubt"]},{"cards_removed":["Doubt"],"damage_healed":0.0,"max_hp_gain":0.0,"max_hp_loss":0.0,"gold_gain":0.0,"event_name":"Bonfire Elementals","player_choice":"Offered Curse","floor":3.0,"gold_loss":0.0,"damage_taken":0.0,"relics_obtained":["Spirit Poop"]},{"damage_healed":0.0,"max_hp_gain":0.0,"max_hp_loss":0.0,"gold_gain":0.0,"event_name":"The Woman in Blue","player_choice":"Bought 0 Potions","floor":8.0,"gold_loss":0.0,"damage_taken":0.0},{"cards_removed":["Defend_R"],"damage_healed":0.0,"max_hp_gain":0.0,"max_hp_loss":0.0,"gold_gain":0.0,"event_name":"Back to Basics","player_choice":"Elegance","floor":20.0,"gold_loss":0.0,"damage_taken":0.0},{"damage_healed":26.0,"max_hp_gain":0.0,"max_hp_loss":0.0,"gold_gain":0.0,"event_name":"The Library","player_choice":"Heal","floor":21.0,"gold_loss":0.0,"damage_taken":0.0},{"damage_healed":0.0,"max_hp_gain":0.0,"max_hp_loss":0.0,"gold_gain":75.0,"event_name":"FaceTrader","player_choice":"Touch","floor":28.0,"gold_loss":0.0,"damage_taken":8.0},{"cards_removed":["Strike_R"],"damage_healed":0.0,"max_hp_gain":0.0,"max_hp_loss":0.0,"gold_gain":0.0,"event_name":"Falling","player_choice":"Removed Attack","floor":37.0,"gold_loss":0.0,"damage_taken":0.0},{"damage_healed":0.0,"max_hp_gain":0.0,"max_hp_loss":0.0,"gold_gain":0.0,"event_name":"SensoryStone","player_choice":"Memory 1","floor":38.0,"gold_loss":0.0,"damage_taken":0.0},{"damage_healed":0.0,"max_hp_gain":0.0,"max_hp_loss":0.0,"gold_gain":0.0,"event_name":"Mysterious Sphere","player_choice":"Fight","floor":45.0,"gold_loss":0.0,"damage_taken":0.0}],"is_beta":false,"boss_relics":[{"not_picked":["Coffee Dripper","Orrery"],"picked":"Busted Crown"},{"not_picked":["Tiny House","Philosopher\u0027s Stone"],"picked":"Lizard Tail"}],"items_purged_floors":[13,24,27,39,46],"is_endless":false,"potions_floor_spawned":[5,7,12,23,33,36,42,44,48],"ascension_level":3}