{"gold_per_floor":[129,36,78,129,129,222,222,306,374,374,374,407,485,542,542,542],"floor_reached":16,"playtime":267,"items_purged":[],"score":145,"play_id":"292bb1ef-d952-484c-a16d-f29b9ab17f48","local_time":"20190918185127","daily_mods":["DeadlyEvents","Binary","Cursed Run","Elite Swarm","Lethality","Midas","Night Terrors","Terminal","Uncertain Future","Binary"],"is_ascension_mode":false,"campfire_choices":[{"floor":7.0,"key":"REST"},{"floor":10.0,"key":"REST"},{"floor":15.0,"key":"REST"}],"neow_cost":"","seed_source_timestamp":262164177300,"circlet_count":0,"master_deck":["Strike_R","Strike_R+1","Strike_R","Strike_R","Strike_R","Defend_R","Defend_R+1","Defend_R","Defend_R","Bash","Ghostly Armor","Sword Boomerang","Decay"],"special_seed":0,"relics":["Cursed Key","Darkstone Periapt","Du-Vu Doll","Busted Crown","Charon\u0027s Ashes","Strawberry","Meat on the Bone","Vajra"],"potions_floor_usage":[16],"damage_taken":[{"damage":0.0,"enemies":"Jaw Worm","floor":1.0,"turns":2.0},{"damage":0.0,"enemies":"Small Slimes","floor":3.0,"turns":2.0},{"damage":0.0,"enemies":"2 Louse","floor":4.0,"turns":2.0},{"damage":4.0,"enemies":"Gremlin Nob","floor":6.0,"turns":3.0},{"damage":0.0,"enemies":"Lagavulin","floor":8.0,"turns":3.0},{"damage":0.0,"enemies":"Red Slaver","floor":12.0,"turns":2.0},{"damage":2.0,"enemies":"Gremlin Nob","floor":13.0,"turns":3.0},{"damage":0.0,"enemies":"Exordium Thugs","floor":14.0,"turns":3.0},{"damage":2,"enemies":"Hexaghost","floor":16,"turns":1}],"seed_played":"-2517623300279482042","potions_obtained":[{"floor":4.0,"key":"SpeedPotion"},{"floor":6.0,"key":"SkillPotion"},{"floor":12.0,"key":"Fire Potion"},{"floor":14.0,"key":"SkillPotion"}],"is_trial":true,"path_per_floor":["M","$","M","M","?","E","R","E","T","R","?","M","E","M","R","B"],"character_chosen":"IRONCLAD","items_purchased":["Ghostly Armor","Sword Boomerang"],"campfire_rested":3,"item_purchase_floors":[2,2],"current_hp_per_floor":[1,1,1,1,5,1,1,7,12,6,5,4,3,2,1,0],"gold":542,"neow_bonus":"","is_prod":false,"is_daily":false,"chose_seed":false,"campfire_upgraded":0,"win_rate":0,"timestamp":1568850687,"path_taken":["M","$","M","M","?","E","R","E","T","R","?","M","E","?","R","BOSS"],"build_version":"2019-09-18","purchased_purges":0,"victory":false,"max_hp_per_floor":[1,1,1,1,5,4,1,7,12,6,5,4,3,2,1,1],"card_choices":[],"player_experience":1395135,"relics_obtained":[{"floor":6.0,"key":"Charon\u0027s Ashes"},{"floor":8.0,"key":"Strawberry"},{"floor":9.0,"key":"Meat on the Bone"},{"floor":13.0,"key":"Vajra"}],"event_choices":[{"damage_healed":0.0,"max_hp_gain":5.0,"max_hp_loss":0.0,"gold_gain":0.0,"event_name":"Big Fish","player_choice":"Donut","floor":5.0,"gold_loss":0.0,"damage_taken":0.0},{"damage_healed":0.0,"max_hp_gain":0.0,"max_hp_loss":0.0,"gold_gain":0.0,"event_name":"Shining Light","player_choice":"Entered Light","floor":11.0,"gold_loss":0.0,"damage_taken":1.0,"cards_upgraded":["Strike_R","Defend_R"]}],"is_beta":true,"boss_relics":[],"items_purged_floors":[],"is_endless":false,"potions_floor_spawned":[4,6,12,14],"killed_by":"Hexaghost","ascension_level":0}