{"gold_per_floor":[118,43,43,43,63,96,96,111,111,139,214,214,244,262,262,262],"floor_reached":16,"playtime":550,"items_purged":["Defend_R"],"score":142,"play_id":"bf937f4d-61f6-49cc-a87b-47684147e2e6","local_time":"20191009235800","is_ascension_mode":true,"campfire_choices":[{"data":"Wild Strike","floor":7,"key":"SMITH"},{"floor":12,"key":"REST"},{"data":"Wild Strike","floor":15,"key":"SMITH"}],"neow_cost":"NONE","seed_source_timestamp":2323589824923200,"circlet_count":0,"master_deck":["Strike_R","Strike_R","Strike_R","Strike_R","Strike_R","Bash","Sword Boomerang","Seeing Red","Wild Strike+1","Wild Strike+1","Evolve"],"relics":["Burning Blood","Blood Vial","Toxic Egg 2","Ice Cream","Lantern"],"potions_floor_usage":[10,16],"damage_taken":[{"damage":5,"enemies":"Small Slimes","floor":1,"turns":4},{"damage":19,"enemies":"Jaw Worm","floor":5,"turns":3},{"damage":28,"enemies":"Gremlin Nob","floor":6,"turns":4},{"damage":0,"enemies":"Cultist","floor":8,"turns":2},{"damage":30,"enemies":"3 Sentries","floor":10,"turns":5},{"damage":16,"enemies":"Gremlin Nob","floor":13,"turns":3},{"damage":20,"enemies":"Exordium Thugs","floor":14,"turns":3},{"damage":20,"enemies":"Hexaghost","floor":16,"turns":4}],"seed_played":"-3880133464372183412","potions_obtained":[{"floor":5,"key":"EssenceOfSteel"},{"floor":8,"key":"Explosive Potion"}],"is_trial":false,"path_per_floor":["M","$","?","?","M","E","R","M","T","E","?","R","E","M","R","B"],"character_chosen":"IRONCLAD","items_purchased":[],"campfire_rested":1,"item_purchase_floors":[],"current_hp_per_floor":[80,80,73,73,60,38,38,46,46,24,13,37,29,17,17,0],"gold":262,"neow_bonus":"REMOVE_CARD","is_prod":false,"is_daily":false,"chose_seed":false,"campfire_upgraded":2,"win_rate":0,"timestamp":1570636680,"path_taken":["M","$","?","?","M","E","R","M","T","E","?","R","E","M","R","BOSS"],"build_version":"2019-07-17","purchased_purges":1,"victory":false,"max_hp_per_floor":[80,80,80,80,80,80,80,80,80,80,80,80,80,80,80,80],"card_choices":[{"not_picked":["Clothesline","Inflame"],"picked":"Sword Boomerang","floor":1},{"not_picked":["Corruption","Havoc"],"picked":"Seeing Red","floor":5},{"not_picked":["Carnage","Warcry"],"picked":"Wild Strike","floor":6},{"not_picked":["Thunderclap","Perfected Strike"],"picked":"Wild Strike","floor":8},{"not_picked":["Shockwave+1","Feel No Pain"],"picked":"Evolve","floor":10},{"not_picked":["Bloodletting+1","Shockwave+1","Warcry+1"],"picked":"SKIP","floor":13},{"not_picked":["Rampage","Body Slam","Dropkick"],"picked":"SKIP","floor":14}],"player_experience":138138,"relics_obtained":[{"floor":6,"key":"Blood Vial"},{"floor":9,"key":"Toxic Egg 2"},{"floor":10,"key":"Ice Cream"},{"floor":13,"key":"Lantern"}],"event_choices":[{"cards_removed":["Defend_R"],"damage_healed":0,"gold_gain":0,"player_choice":"Card Removal","damage_taken":7,"max_hp_gain":0,"max_hp_loss":0,"event_name":"Golden Wing","floor":3,"gold_loss":0},{"cards_removed":["Defend_R"],"damage_healed":0,"gold_gain":0,"player_choice":"Forget","damage_taken":0,"max_hp_gain":0,"max_hp_loss":0,"event_name":"Living Wall","floor":4,"gold_loss":0},{"damage_healed":0,"gold_gain":75,"player_choice":"Gather Gold","damage_taken":11,"max_hp_gain":0,"max_hp_loss":0,"event_name":"World of Goop","floor":11,"gold_loss":0}],"is_beta":false,"boss_relics":[],"items_purged_floors":[2],"is_endless":false,"potions_floor_spawned":[5,8],"killed_by":"Hexaghost","ascension_level":4}