{"gold_per_floor":[153,153,153,189,240,240,342,55,55,142,193,280,280,322,322,613,613,670,670,703,793,490,490],"floor_reached":23,"playtime":417,"items_purged":["Regret"],"score":404,"play_id":"d37bf9dc-0c68-40c0-9c7c-14d0742119e7","local_time":"20190919214436","daily_mods":["DeadlyEvents","Binary","Cursed Run","Elite Swarm","Lethality","Midas","Night Terrors","Terminal","Uncertain Future","Binary"],"is_ascension_mode":false,"campfire_choices":[{"floor":6.0,"key":"REST"},{"floor":15.0,"key":"REST"}],"neow_cost":"","seed_source_timestamp":0,"circlet_count":0,"master_deck":["Strike_R","Strike_R","Strike_R","Strike_R","Defend_R","Defend_R","Defend_R","Defend_R","Bash","Pummel","Uppercut","Infernal Blade","Cleave"],"special_seed":0,"relics":["Cursed Key","Darkstone Periapt","Du-Vu Doll","Busted Crown","Blood Vial","Mercury Hourglass","CaptainsWheel","Dodecahedron","Velvet Choker","Toy Ornithopter"],"potions_floor_usage":[20,21,21,21,23,23],"damage_taken":[{"damage":0.0,"enemies":"Small Slimes","floor":1.0,"turns":2.0},{"damage":0.0,"enemies":"2 Louse","floor":4.0,"turns":2.0},{"damage":0.0,"enemies":"Cultist","floor":5.0,"turns":2.0},{"damage":0.0,"enemies":"Lagavulin","floor":7.0,"turns":3.0},{"damage":0.0,"enemies":"3 Sentries","floor":10.0,"turns":4.0},{"damage":0.0,"enemies":"Red Slaver","floor":11.0,"turns":2.0},{"damage":0.0,"enemies":"Lagavulin","floor":12.0,"turns":4.0},{"damage":0.0,"enemies":"3 Louse","floor":14.0,"turns":2.0},{"damage":0.0,"enemies":"The Guardian","floor":16.0,"turns":5.0},{"damage":4.0,"enemies":"2 Thieves","floor":18.0,"turns":3.0},{"damage":1,"enemies":"Shell Parasite","floor":20,"turns":2},{"damage":0,"enemies":"Book of Stabbing","floor":21,"turns":2},{"damage":10,"enemies":"Slavers","floor":23,"turns":1}],"seed_played":"879469026360955084","potions_obtained":[{"floor":1.0,"key":"SkillPotion"},{"floor":4.0,"key":"Poison Potion"},{"floor":13.0,"key":"PowerPotion"},{"floor":13.0,"key":"Strength Potion"},{"floor":13.0,"key":"EntropicBrew"},{"floor":16.0,"key":"Fire Potion"},{"floor":18.0,"key":"DuplicationPotion"},{"floor":20,"key":"AttackPotion"}],"is_trial":true,"path_per_floor":["M","?","?","M","M","R","E","$","T","E","M","E","?","M","R","B",null,"M","?","M","E","$","E"],"character_chosen":"IRONCLAD","items_purchased":["Uppercut","Mercury Hourglass","Swift Potion","FearPotion","Infernal Blade","Cleave"],"campfire_rested":2,"item_purchase_floors":[8,8,22,22,22,22],"current_hp_per_floor":[1,5,4,3,2,1,1,1,1,1,1,1,1,1,1,6,5,1,1,2,1,1,0],"gold":490,"neow_bonus":"","is_prod":false,"is_daily":false,"chose_seed":false,"campfire_upgraded":0,"win_rate":0,"timestamp":1568947476,"path_taken":["M","?","?","M","M","R","E","$","T","E","M","E","?","M","R","BOSS","M","?","M","?","$","E"],"build_version":"2019-09-18","purchased_purges":1,"victory":false,"max_hp_per_floor":[1,5,4,3,2,1,1,1,1,1,1,1,1,1,1,6,5,4,3,2,1,1,1],"card_choices":[],"player_experience":1409693,"relics_obtained":[{"floor":7.0,"key":"Blood Vial"},{"floor":10.0,"key":"CaptainsWheel"},{"floor":12.0,"key":"Dodecahedron"},{"floor":21,"key":"Toy Ornithopter"}],"event_choices":[{"damage_healed":0.0,"max_hp_gain":5.0,"max_hp_loss":0.0,"gold_gain":0.0,"event_name":"Big Fish","player_choice":"Donut","floor":2.0,"gold_loss":0.0,"damage_taken":0.0},{"damage_healed":0.0,"max_hp_gain":0.0,"max_hp_loss":0.0,"gold_gain":0.0,"cards_transformed":["Strike_R"],"event_name":"Living Wall","player_choice":"Change","floor":3.0,"gold_loss":0.0,"damage_taken":0.0,"cards_obtained":["Pummel"]},{"damage_healed":0.0,"max_hp_gain":0.0,"max_hp_loss":0.0,"gold_gain":0.0,"event_name":"Lab","player_choice":"Got Potions","floor":13.0,"gold_loss":0.0,"damage_taken":0.0},{"damage_healed":0,"gold_gain":0,"player_choice":"Ignored","damage_taken":0,"max_hp_gain":0,"max_hp_loss":0,"event_name":"N\u0027loth","floor":19,"gold_loss":0}],"is_beta":true,"boss_relics":[{"not_picked":["Runic Pyramid","Mark of Pain"],"picked":"Velvet Choker"}],"items_purged_floors":[22],"is_endless":false,"potions_floor_spawned":[1,4,16,18,20],"killed_by":"Slavers","ascension_level":0}