{"gold_per_floor":[109,127,127,144,69,97,97,110,110,142,142,317,317,334,334,430,430,444,444,94,94,109,144,144,144],"floor_reached":25,"playtime":1637,"items_purged":["Injury","Doubt"],"score":252,"play_id":"8c242953-8847-4cec-a6a0-1fb5fa799a6d","local_time":"20191006141727","is_ascension_mode":true,"campfire_choices":[{"data":"Bash","floor":7,"key":"SMITH"},{"data":"Perfected Strike","floor":11,"key":"SMITH"},{"floor":13,"key":"REST"},{"data":"Clothesline","floor":15,"key":"SMITH"},{"floor":24,"key":"REST"}],"neow_cost":"CURSE","seed_source_timestamp":2028470113737100,"circlet_count":0,"master_deck":["Strike_R","Strike_R","Strike_R","Strike_R","Strike_R","Defend_R+1","Defend_R","Defend_R","Defend_R","Bash+1","Finesse+1","Enlightenment+1","Perfected Strike+1","Clothesline+1","Double Tap+1"],"relics":["Burning Blood","Red Skull","Kunai","Busted Crown","Question Card","War Paint"],"potions_floor_usage":[10,16,23,25],"damage_taken":[{"damage":2,"enemies":"2 Louse","floor":1,"turns":3},{"damage":1,"enemies":"Small Slimes","floor":2,"turns":5},{"damage":1,"enemies":"Cultist","floor":4,"turns":4},{"damage":32,"enemies":"Lagavulin","floor":6,"turns":6},{"damage":14,"enemies":"Large Slime","floor":8,"turns":5},{"damage":26,"enemies":"3 Sentries","floor":10,"turns":7},{"damage":0,"enemies":"2 Fungi Beasts","floor":14,"turns":3},{"damage":38,"enemies":"Slime Boss","floor":16,"turns":11},{"damage":7,"enemies":"Chosen","floor":18,"turns":4},{"damage":12,"enemies":"Shell Parasite","floor":22,"turns":3},{"damage":22,"enemies":"Book of Stabbing","floor":23,"turns":5},{"damage":66,"enemies":"Gremlin Leader","floor":25,"turns":8}],"seed_played":"-2397332836267817176","potions_obtained":[{"floor":1,"key":"Explosive Potion"},{"floor":2,"key":"Weak Potion"},{"floor":4,"key":"Swift Potion"},{"floor":23,"key":"SpeedPotion"}],"is_trial":false,"path_per_floor":["M","M","?","M","$","E","R","M","T","E","R","?","R","M","R","B",null,"M","?","$","?","M","E","R","E"],"character_chosen":"IRONCLAD","items_purchased":["Question Card"],"campfire_rested":2,"item_purchase_floors":[20],"current_hp_per_floor":[80,80,80,80,80,54,54,46,46,26,26,26,50,56,56,24,80,79,64,64,64,58,42,67,1],"gold":144,"neow_bonus":"RANDOM_COLORLESS_2","is_prod":false,"is_daily":false,"chose_seed":false,"campfire_upgraded":3,"win_rate":0,"timestamp":1570342647,"path_taken":["M","M","?","M","$","E","R","M","T","E","R","?","R","M","R","BOSS","M","?","$","?","M","E","R","E"],"build_version":"2019-07-17","purchased_purges":2,"victory":false,"max_hp_per_floor":[80,80,80,80,80,80,80,80,80,80,80,80,80,80,80,80,80,80,85,85,85,85,85,85,85],"card_choices":[{"not_picked":["Heavy Blade","Metallicize","Clothesline"],"picked":"SKIP","floor":1},{"not_picked":["True Grit","Havoc"],"picked":"Perfected Strike","floor":2},{"not_picked":["True Grit","Clothesline","Dropkick"],"picked":"SKIP","floor":4},{"not_picked":["Headbutt","Corruption","Armaments"],"picked":"SKIP","floor":6},{"not_picked":["Flex","Body Slam","True Grit"],"picked":"SKIP","floor":8},{"not_picked":["Clothesline","Flex","Anger"],"picked":"SKIP","floor":10},{"not_picked":["Reckless Charge","Headbutt"],"picked":"Clothesline","floor":14},{"not_picked":["Barricade","Exhume"],"picked":"Double Tap","floor":16},{"not_picked":["Havoc"],"picked":"SKIP","floor":18},{"not_picked":["Warcry","Sword Boomerang"],"picked":"SKIP","floor":22},{"not_picked":["Pommel Strike+1","Sever Soul"],"picked":"SKIP","floor":23}],"player_experience":118622,"relics_obtained":[{"floor":6,"key":"Red Skull"},{"floor":10,"key":"Kunai"},{"floor":23,"key":"War Paint"}],"event_choices":[{"damage_healed":0,"gold_gain":0,"player_choice":"Grow","damage_taken":0,"max_hp_gain":0,"max_hp_loss":0,"event_name":"Living Wall","floor":3,"gold_loss":0,"cards_upgraded":["Enlightenment"]},{"damage_healed":0,"gold_gain":175,"player_choice":"AGREE","damage_taken":0,"max_hp_gain":0,"max_hp_loss":0,"event_name":"Liars Game","floor":12,"gold_loss":0,"cards_obtained":["Doubt"]},{"damage_healed":0,"gold_gain":0,"player_choice":"Shed Blood","damage_taken":20,"max_hp_gain":5,"max_hp_loss":0,"event_name":"Forgotten Altar","floor":19,"gold_loss":0},{"damage_healed":0,"gold_gain":0,"player_choice":"Upgraded","damage_taken":0,"max_hp_gain":0,"max_hp_loss":0,"event_name":"Upgrade Shrine","floor":21,"gold_loss":0,"cards_upgraded":["Double Tap"]}],"is_beta":false,"boss_relics":[{"not_picked":["Orrery","Pandora\u0027s Box"],"picked":"Busted Crown"}],"items_purged_floors":[5,20],"is_endless":false,"potions_floor_spawned":[1,2,4,23],"killed_by":"Gremlin Leader","ascension_level":2}