{"gold_per_floor":[150,150,186,25,70,160,160,244,244,328,328,382,382],"floor_reached":13,"playtime":234,"items_purged":[],"score":153,"play_id":"1f55549d-8e61-48f5-a0ef-fc36929c7196","local_time":"20190919033125","daily_mods":["DeadlyEvents","Binary","Cursed Run","Elite Swarm","Lethality","Midas","Night Terrors","Terminal","Uncertain Future","Binary"],"is_ascension_mode":false,"campfire_choices":[{"floor":11.0,"key":"REST"}],"neow_cost":"","seed_source_timestamp":0,"circlet_count":0,"master_deck":["Strike_R","Strike_R","Strike_R","Strike_R","Defend_R","Defend_R","Defend_R","Defend_R","Bash","Dropkick","Blind","Injury"],"special_seed":0,"relics":["Cursed Key","Darkstone Periapt","Du-Vu Doll","Busted Crown","Vajra","Torii","Paper Frog","Self Forming Clay"],"potions_floor_usage":[],"damage_taken":[{"damage":0.0,"enemies":"2 Louse","floor":1.0,"turns":2.0},{"damage":0.0,"enemies":"Cultist","floor":3.0,"turns":2.0},{"damage":0.0,"enemies":"Jaw Worm","floor":5.0,"turns":2.0},{"damage":0.0,"enemies":"Lagavulin","floor":6.0,"turns":4.0},{"damage":0.0,"enemies":"Gremlin Nob","floor":8.0,"turns":3.0},{"damage":1.0,"enemies":"Lagavulin","floor":10.0,"turns":6.0},{"damage":0.0,"enemies":"Lots of Slimes","floor":12.0,"turns":3.0},{"damage":1,"enemies":"3 Sentries","floor":13,"turns":3}],"seed_played":"5266088142007877227","potions_obtained":[{"floor":1.0,"key":"Poison Potion"},{"floor":8.0,"key":"BloodPotion"}],"is_trial":true,"path_per_floor":["M","?","M","$","M","E","?","E","T","E","R","M","E"],"character_chosen":"IRONCLAD","items_purchased":["Dropkick","Blind"],"campfire_rested":1,"item_purchase_floors":[4,4],"current_hp_per_floor":[1,1,1,1,1,1,1,1,6,5,1,1,0],"gold":382,"neow_bonus":"","is_prod":false,"is_daily":false,"chose_seed":false,"campfire_upgraded":0,"win_rate":0,"timestamp":1568881885,"path_taken":["M","?","M","$","M","E","?","E","T","E","R","M","?"],"build_version":"2019-09-18","purchased_purges":0,"victory":false,"max_hp_per_floor":[1,1,1,1,1,1,1,1,6,5,1,1,1],"card_choices":[],"player_experience":1404078,"relics_obtained":[{"floor":6.0,"key":"Vajra"},{"floor":8.0,"key":"Torii"},{"floor":9.0,"key":"Paper Frog"},{"floor":10.0,"key":"Self Forming Clay"}],"event_choices":[{"damage_healed":0.0,"max_hp_gain":0.0,"max_hp_loss":0.0,"gold_gain":0.0,"event_name":"Scrap Ooze","player_choice":"Fled","floor":2.0,"gold_loss":0.0,"damage_taken":0.0},{"cards_removed":["Strike_R"],"damage_healed":0.0,"max_hp_gain":0.0,"max_hp_loss":0.0,"gold_gain":0.0,"event_name":"Bonfire Elementals","player_choice":"Offered Basic","floor":7.0,"gold_loss":0.0,"damage_taken":0.0}],"is_beta":true,"boss_relics":[],"items_purged_floors":[],"is_endless":false,"potions_floor_spawned":[1,8],"killed_by":"3 Sentries","ascension_level":0}