{"gold_per_floor":[116,126,126,146,164,194,211,246,269,269,243,318,353,373,373,473,473,493,444,444,463,478,504,521,548,548,565,565,565,585,601,601,704,704,719,769,769,787,806,806],"floor_reached":40,"playtime":11840,"items_purged":[],"score":527,"play_id":"dd642c4c-e67c-41fe-86d2-9cf2cff4cbf7","local_time":"20190915111045","is_ascension_mode":false,"campfire_choices":[{"data":"Armaments","floor":10,"key":"SMITH"},{"floor":15,"key":"REST"},{"floor":28,"key":"REST"},{"floor":32,"key":"REST"}],"neow_cost":"NONE","seed_source_timestamp":192657592722000,"circlet_count":0,"master_deck":["Strike_R+1","Strike_R","Strike_R","Strike_R","Strike_R","Defend_R","Defend_R","Bash","Armaments+1","Headbutt","Armaments+1","Inflame","Sword Boomerang","Anger","Second Wind","Pommel Strike","Cleave","Shrug It Off","Feed","Rage+1","Clash","Iron Wave","Headbutt","Pummel","Rage","Iron Wave","Hemokinesis+1","Headbutt","Clothesline+1","Seeing Red","Pommel Strike+1","Brutality","Barricade","True Grit","Thunderclap","Finesse","Dual Wield","Warcry+1"],"relics":["Burning Blood","Ornamental Fan","Mercury Hourglass","Lantern","Oddly Smooth Stone","Black Star","Dream Catcher","War Paint","Shuriken","Bag of Marbles","Pear","Mango","Busted Crown","FossilizedHelix"],"potions_floor_usage":[8,13,16,16,16,23,25,31,33],"damage_taken":[{"damage":0,"enemies":"2 Louse","floor":1,"turns":3},{"damage":0,"enemies":"Cultist","floor":2,"turns":4},{"damage":0,"enemies":"Jaw Worm","floor":4,"turns":4},{"damage":0,"enemies":"Blue Slaver","floor":5,"turns":5},{"damage":23,"enemies":"Lagavulin","floor":6,"turns":7},{"damage":15,"enemies":"Gremlin Gang","floor":7,"turns":8},{"damage":14,"enemies":"3 Sentries","floor":8,"turns":6},{"damage":19,"enemies":"Lagavulin","floor":13,"turns":6},{"damage":0,"enemies":"3 Louse","floor":14,"turns":2},{"damage":36,"enemies":"Hexaghost","floor":16,"turns":10},{"damage":21,"enemies":"2 Thieves","floor":18,"turns":5},{"damage":0,"enemies":"Spheric Guardian","floor":21,"turns":3},{"damage":20,"enemies":"Centurion and Healer","floor":22,"turns":5},{"damage":37,"enemies":"Book of Stabbing","floor":23,"turns":5},{"damage":11,"enemies":"Snake Plant","floor":24,"turns":3},{"damage":15,"enemies":"Slavers","floor":25,"turns":4},{"damage":25,"enemies":"Shelled Parasite and Fungi","floor":27,"turns":4},{"damage":26,"enemies":"Snecko","floor":30,"turns":4},{"damage":2,"enemies":"Snake Plant","floor":31,"turns":3},{"damage":74,"enemies":"Champ","floor":33,"turns":9},{"damage":17,"enemies":"3 Shapes","floor":35,"turns":4},{"damage":37,"enemies":"2 Orb Walkers","floor":36,"turns":5},{"damage":0,"enemies":"Orb Walker","floor":38,"turns":2},{"damage":14,"enemies":"Sphere and 2 Shapes","floor":39,"turns":6},{"damage":86,"enemies":"Reptomancer","floor":40,"turns":4}],"seed_played":"-8702604383843018688","potions_obtained":[{"floor":2,"key":"EntropicBrew"},{"floor":5,"key":"PowerPotion"},{"floor":7,"key":"Ancient Potion"},{"floor":8,"key":"AttackPotion"},{"floor":18,"key":"Poison Potion"},{"floor":24,"key":"Energy Potion"},{"floor":25,"key":"Swift Potion"},{"floor":33,"key":"Energy Potion"},{"floor":38,"key":"Dexterity Potion"}],"is_trial":false,"path_per_floor":["M","M","?","M","M","E","M","E","T","R","$","?","E","M","R","B",null,"M","$","?","M","M","E","M","E","T","M","R","?","M","M","R","B",null,"M","?","?","M","M","E"],"character_chosen":"IRONCLAD","items_purchased":["Pommel Strike","Clash"],"campfire_rested":3,"item_purchase_floors":[11,19],"current_hp_per_floor":[80,80,80,80,80,63,54,46,46,46,46,35,22,28,52,22,80,68,68,68,74,60,32,27,22,32,16,46,60,40,44,79,11,117,109,78,78,84,76,0],"gold":806,"neow_bonus":"UPGRADE_CARD","is_prod":false,"is_daily":false,"chose_seed":false,"campfire_upgraded":1,"win_rate":0.0,"timestamp":1568517045,"path_taken":["M","M","?","?","M","E","M","E","T","R","$","?","E","M","R","BOSS","M","$","?","M","M","E","?","E","T","M","R","?","M","M","R","BOSS","M","?","?","M","M","E"],"build_version":"2019-07-17","purchased_purges":0,"victory":false,"max_hp_per_floor":[80,80,80,80,80,80,80,80,80,80,80,80,80,80,80,80,80,83,83,83,83,83,86,86,90,100,103,103,117,117,117,117,117,117,120,120,120,120,120,120],"card_choices":[{"not_picked":["Perfected Strike","Anger"],"picked":"Armaments","floor":1},{"not_picked":["Clothesline","Uppercut"],"picked":"Headbutt","floor":2},{"not_picked":["Burning Pact","Combust"],"picked":"Armaments","floor":4},{"not_picked":["Carnage","Impervious"],"picked":"Inflame","floor":5},{"not_picked":["Disarm","Perfected Strike"],"picked":"Sword Boomerang","floor":6},{"not_picked":["Body Slam","Armaments"],"picked":"Anger","floor":7},{"not_picked":["Body Slam","Sword Boomerang"],"picked":"Second Wind","floor":8},{"not_picked":["Body Slam","Impervious"],"picked":"Cleave","floor":13},{"not_picked":["Pommel Strike","Cleave"],"picked":"Shrug It Off","floor":14},{"not_picked":["Offering","Reaper"],"picked":"Feed","floor":16},{"not_picked":["Rampage","Twin Strike"],"picked":"Rage","floor":18},{"not_picked":["Pommel Strike","Iron Wave"],"picked":"Headbutt","floor":21},{"not_picked":["True Grit+1","Body Slam"],"picked":"Pummel","floor":22},{"not_picked":["Reaper","Perfected Strike+1"],"picked":"Rage","floor":23},{"not_picked":["True Grit","Clothesline"],"picked":"Iron Wave","floor":24},{"not_picked":["Body Slam","Brutality"],"picked":"Hemokinesis+1","floor":25},{"not_picked":["Shrug It Off","Perfected Strike"],"picked":"Headbutt","floor":27},{"not_picked":["Perfected Strike+1","Twin Strike"],"picked":"Clothesline+1","floor":28},{"not_picked":["Entrench+1","True Grit"],"picked":"Seeing Red","floor":30},{"not_picked":["Body Slam+1","Dropkick"],"picked":"Pommel Strike+1","floor":31},{"not_picked":["Flex","Thunderclap"],"picked":"Brutality","floor":32},{"not_picked":["Berserk","Brutality"],"picked":"Barricade","floor":33},{"not_picked":[],"picked":"True Grit","floor":35},{"not_picked":[],"picked":"Thunderclap","floor":36},{"not_picked":[],"picked":"Finesse","floor":37},{"not_picked":[],"picked":"Dual Wield","floor":38},{"not_picked":[],"picked":"Warcry+1","floor":39}],"player_experience":2164,"relics_obtained":[{"floor":6,"key":"Ornamental Fan"},{"floor":8,"key":"Mercury Hourglass"},{"floor":9,"key":"Lantern"},{"floor":13,"key":"Oddly Smooth Stone"},{"floor":23,"key":"Dream Catcher"},{"floor":23,"key":"War Paint"},{"floor":25,"key":"Shuriken"},{"floor":25,"key":"Bag of Marbles"},{"floor":26,"key":"Pear"},{"floor":36,"key":"FossilizedHelix"}],"event_choices":[{"cards_removed":["Defend_R"],"damage_healed":0,"gold_gain":0,"player_choice":"Purged","damage_taken":0,"max_hp_gain":0,"max_hp_loss":0,"event_name":"Purifier","floor":3,"gold_loss":0},{"damage_healed":0,"gold_gain":75,"player_choice":"Gather Gold","damage_taken":11,"max_hp_gain":0,"max_hp_loss":0,"event_name":"World of Goop","floor":12,"gold_loss":0},{"damage_healed":0,"gold_gain":0,"cards_transformed":["Defend_R"],"player_choice":"Transformed","damage_taken":0,"max_hp_gain":0,"max_hp_loss":0,"event_name":"Transmorgrifier","floor":20,"gold_loss":0,"cards_obtained":["Iron Wave"]},{"damage_healed":0,"gold_gain":0,"player_choice":"Gave Potion","damage_taken":0,"relics_obtained":["Mango"],"max_hp_gain":0,"max_hp_loss":0,"event_name":"WeMeetAgain","floor":29,"gold_loss":0},{"damage_healed":0,"gold_gain":0,"player_choice":"Fight","damage_taken":0,"max_hp_gain":0,"max_hp_loss":0,"event_name":"Mysterious Sphere","floor":36,"gold_loss":0},{"damage_healed":0,"gold_gain":0,"player_choice":"Memory 1","damage_taken":0,"max_hp_gain":0,"max_hp_loss":0,"event_name":"SensoryStone","floor":37,"gold_loss":0}],"is_beta":false,"boss_relics":[{"not_picked":["Mark of Pain","Tiny House"],"picked":"Black Star"},{"not_picked":["Runic Dome","Runic Pyramid"],"picked":"Busted Crown"}],"items_purged_floors":[],"is_endless":false,"potions_floor_spawned":[2,5,7,8,18,22,24,25,33,38],"killed_by":"Reptomancer","ascension_level":0}