{"gold_per_floor":[116,133,58,58,58,83,83,100,100,132,132],"floor_reached":11,"playtime":520,"items_purged":["Defend_G"],"score":81,"play_id":"fdbbc217-e60a-48ba-b008-b624ed7fd114","local_time":"20190928060937","is_ascension_mode":false,"campfire_choices":[{"data":"Neutralize","floor":7,"key":"SMITH"}],"neow_cost":"PERCENT_DAMAGE","seed_source_timestamp":1309117276739600,"circlet_count":0,"master_deck":["Strike_G","Strike_G","Strike_G","Strike_G","Strike_G","Defend_G","Defend_G","Survivor","Neutralize+1","Bane","Poisoned Stab","Terror"],"relics":["Ring of the Snake","StoneCalendar","Bottled Lightning","Lantern"],"potions_floor_usage":[],"damage_taken":[{"damage":3,"enemies":"Jaw Worm","floor":1,"turns":5},{"damage":4,"enemies":"2 Louse","floor":2,"turns":3},{"damage":14,"enemies":"Gremlin Nob","floor":6,"turns":3},{"damage":4,"enemies":"Cultist","floor":8,"turns":3},{"damage":13,"enemies":"Lagavulin","floor":10,"turns":5},{"damage":11,"enemies":"Lots of Slimes","floor":11,"turns":1}],"seed_played":"6386818259021143908","potions_obtained":[{"floor":6,"key":"Weak Potion"},{"floor":8,"key":"Ancient Potion"}],"is_trial":false,"path_per_floor":["M","M","$","?","?","E","R","M","T","E","M"],"character_chosen":"THE_SILENT","items_purchased":[],"campfire_rested":0,"item_purchase_floors":[],"current_hp_per_floor":[46,42,42,47,40,26,26,22,22,9,0],"gold":132,"neow_bonus":"REMOVE_TWO","is_prod":false,"is_daily":false,"chose_seed":false,"campfire_upgraded":1,"win_rate":0.0,"timestamp":1569622177,"path_taken":["M","M","$","?","?","E","R","?","T","E","M"],"build_version":"2019-07-17","purchased_purges":1,"victory":false,"max_hp_per_floor":[70,70,70,75,75,75,75,75,75,75,75],"card_choices":[{"not_picked":["Dodge and Roll","Caltrops"],"picked":"Bane","floor":1},{"not_picked":["Underhanded Strike","Riddle With Holes"],"picked":"Poisoned Stab","floor":2},{"not_picked":["Acrobatics","Slice","Dodge and Roll"],"picked":"SKIP","floor":6},{"not_picked":["Dagger Spray","Well Laid Plans"],"picked":"Terror","floor":8},{"not_picked":["Malaise","Dodge and Roll","Outmaneuver"],"picked":"SKIP","floor":10}],"player_experience":40145,"relics_obtained":[{"floor":6,"key":"StoneCalendar"},{"floor":9,"key":"Bottled Lightning"},{"floor":10,"key":"Lantern"}],"event_choices":[{"damage_healed":0,"gold_gain":0,"player_choice":"Donut","damage_taken":0,"max_hp_gain":5,"max_hp_loss":0,"event_name":"Big Fish","floor":4,"gold_loss":0},{"damage_healed":0,"gold_gain":0,"player_choice":"Damaged","damage_taken":7,"max_hp_gain":0,"max_hp_loss":0,"event_name":"Wheel of Change","floor":5,"gold_loss":0}],"is_beta":false,"boss_relics":[],"items_purged_floors":[3],"is_endless":false,"potions_floor_spawned":[6,8],"killed_by":"Lots of Slimes","ascension_level":0}