{"gold_per_floor":[119,44,44,44,63,106,106,137,183,12,12,53,53,69,69,193,193,216,231,245,245,245,288,303,303,329,354,354],"floor_reached":28,"playtime":1674,"items_purged":["Defend_B","Defend_B"],"score":269,"play_id":"9188d364-0097-4a72-8f27-9d19d81b71a9","local_time":"20191005110701","is_ascension_mode":true,"campfire_choices":[{"data":"Zap","floor":7,"key":"SMITH"},{"data":"Dualcast","floor":11,"key":"SMITH"},{"floor":13,"key":"REST"},{"data":"Go for the Eyes","floor":15,"key":"SMITH"},{"floor":25,"key":"REST"}],"neow_cost":"NONE","seed_source_timestamp":1930605865350000,"circlet_count":0,"master_deck":["Strike_B","Strike_B","Defend_B","Defend_B","Zap+1","Dualcast+1","Go for the Eyes+1","Gash","Darkness","Skim","Redo+1","Seek+1","Barrage+1","Redo+1","Gash","Beam Cell"],"relics":["Cracked Core","Golden Idol","Vajra","Kunai","Bag of Marbles","Toxic Egg 2","Inserter","Enchiridion","Oddly Smooth Stone"],"potions_floor_usage":[12,20,24,24,24,24,28,28],"damage_taken":[{"damage":0,"enemies":"2 Louse","floor":1,"turns":3},{"damage":0,"enemies":"Jaw Worm","floor":5,"turns":3},{"damage":21,"enemies":"Lagavulin","floor":6,"turns":6},{"damage":11,"enemies":"Gremlin Nob","floor":8,"turns":4},{"damage":13,"enemies":"Lagavulin","floor":12,"turns":3},{"damage":0,"enemies":"Small Slimes","floor":14,"turns":2},{"damage":5,"enemies":"Slime Boss","floor":16,"turns":8},{"damage":4,"enemies":"Spheric Guardian","floor":18,"turns":3},{"damage":0,"enemies":"Chosen","floor":19,"turns":3},{"damage":20,"enemies":"Centurion and Healer","floor":20,"turns":6},{"damage":30,"enemies":"Gremlin Leader","floor":23,"turns":6},{"damage":0,"enemies":"Chosen and Byrds","floor":24,"turns":4},{"damage":26,"enemies":"Sentry and Sphere","floor":27,"turns":3},{"damage":14,"enemies":"Snake Plant","floor":28,"turns":2}],"seed_played":"-1101554113971776545","potions_obtained":[{"floor":6,"key":"Swift Potion"},{"floor":12,"key":"EntropicBrew"},{"floor":14,"key":"Weak Potion"},{"floor":16,"key":"FearPotion"},{"floor":18,"key":"Energy Potion"},{"floor":20,"key":"SpeedPotion"},{"floor":27,"key":"SpeedPotion"}],"is_trial":false,"path_per_floor":["M","$","?","?","M","E","R","E","T","$","R","E","R","M","R","B",null,"M","M","M","?","?","E","M","R","T","M","M"],"character_chosen":"DEFECT","items_purchased":["Skim"],"campfire_rested":2,"item_purchase_floors":[10],"current_hp_per_floor":[75,75,57,57,57,36,36,25,25,25,25,12,34,34,34,29,75,71,71,51,35,35,5,17,39,39,13,0],"gold":354,"neow_bonus":"THREE_CARDS","is_prod":false,"is_daily":false,"chose_seed":false,"campfire_upgraded":3,"win_rate":0,"timestamp":1570244821,"path_taken":["M","$","?","?","M","E","R","E","T","?","R","E","R","M","R","BOSS","M","M","M","?","?","E","M","R","T","M","M"],"build_version":"2019-07-17","purchased_purges":2,"victory":false,"max_hp_per_floor":[75,75,75,75,75,75,75,75,75,75,75,75,75,75,75,75,75,75,75,75,75,75,75,75,75,75,75,75],"card_choices":[{"not_picked":["Rebound","Hologram"],"picked":"Go for the Eyes","floor":0},{"not_picked":["Cold Snap","Genetic Algorithm","Coolheaded"],"picked":"SKIP","floor":1},{"not_picked":["Leap","Tempest"],"picked":"Gash","floor":5},{"not_picked":["Meteor Strike","Force Field"],"picked":"Darkness","floor":6},{"not_picked":["Glacier","Ball Lightning","Recycle"],"picked":"SKIP","floor":8},{"not_picked":["Cold Snap","Coolheaded"],"picked":"Redo","floor":12},{"not_picked":["Capacitor","Heatsinks","Coolheaded+1"],"picked":"SKIP","floor":14},{"not_picked":["Fission+1","Electrodynamics"],"picked":"Seek+1","floor":16},{"not_picked":["Static Discharge","Barrage","Coolheaded+1"],"picked":"SKIP","floor":18},{"not_picked":["Turbo+1","Melter","Reprogram+1"],"picked":"SKIP","floor":19},{"not_picked":["Redo+1","Ball Lightning"],"picked":"Barrage+1","floor":20},{"not_picked":["Cold Snap","Barrage"],"picked":"Redo+1","floor":23},{"not_picked":["Compile Driver","Self Repair"],"picked":"Gash","floor":24},{"not_picked":["Tempest+1","Barrage"],"picked":"Beam Cell","floor":27}],"player_experience":82194,"relics_obtained":[{"floor":6,"key":"Vajra"},{"floor":8,"key":"Kunai"},{"floor":9,"key":"Bag of Marbles"},{"floor":12,"key":"Toxic Egg 2"},{"floor":21,"key":"Enchiridion"},{"floor":23,"key":"Oddly Smooth Stone"}],"event_choices":[{"damage_healed":0,"gold_gain":0,"player_choice":"Take Damage","damage_taken":18,"relics_obtained":["Golden Idol"],"max_hp_gain":0,"max_hp_loss":0,"event_name":"Golden Idol","floor":3,"gold_loss":0},{"cards_removed":["Strike_B"],"damage_healed":0,"gold_gain":0,"player_choice":"Forget","damage_taken":0,"max_hp_gain":0,"max_hp_loss":0,"event_name":"Living Wall","floor":4,"gold_loss":0},{"damage_healed":0,"gold_gain":0,"player_choice":"Obtained Book","damage_taken":16,"max_hp_gain":0,"max_hp_loss":0,"event_name":"Cursed Tome","floor":21,"gold_loss":0},{"cards_removed":["Strike_B"],"damage_healed":0,"gold_gain":0,"player_choice":"Elegance","damage_taken":0,"max_hp_gain":0,"max_hp_loss":0,"event_name":"Back to Basics","floor":22,"gold_loss":0}],"is_beta":false,"boss_relics":[{"not_picked":["Snecko Eye","Cursed Key"],"picked":"Inserter"}],"items_purged_floors":[2,10],"is_endless":false,"potions_floor_spawned":[6,12,14,16,18,20,27],"killed_by":"Snake Plant","ascension_level":1}