{"gold_per_floor":[114,114,129,79,94,124,139,139,164,179,223,238,253,268,268,368,368,383,383,398,398,398,398,428,428,428,458,473,503,503,503,503,603,603,618,268,268,283,298,328,328,328,353,383,398,428,443,458,458,458],"floor_reached":51,"playtime":5240,"items_purged":[],"score":999,"play_id":"6eaa7b1b-4f1a-4478-824a-a7e714e78e9d","local_time":"20190921075131","daily_mods":["Shiny","Time Dilation","Binary"],"is_ascension_mode":false,"campfire_choices":[{"data":"Brutality","floor":8,"key":"SMITH"},{"data":"Havoc","floor":15,"key":"SMITH"},{"data":"Double Tap","floor":23,"key":"SMITH"},{"data":"Limit Break","floor":32,"key":"PURGE"},{"data":"Bludgeon","floor":41,"key":"SMITH"},{"data":"Dark Embrace","floor":49,"key":"PURGE"}],"neow_cost":"","seed_source_timestamp":705620140575200,"circlet_count":0,"master_deck":["Double Tap+1","Demon Form","Bludgeon","Feed","Barricade","Fiend Fire","Berserk","Impervious+1","Juggernaut","Brutality+1","Reaper","Exhume","Offering","Immolate","Carnage","Havoc","Feel No Pain","Headbutt","Double Tap","Havoc+1","Flame Barrier","Immolate","Bludgeon+1","RitualDagger","Havoc+1","Exhume","Ghostly","Ghostly","Ghostly","Ghostly","Ghostly","Offering+1","Warcry","Madness","Madness","Fire Breathing+1"],"special_seed":18159,"relics":["Black Blood","Sundial","Orichalcum","Lantern","Juzu Bracelet","Sozu","Peace Pipe","Gremlin Horn","Mercury Hourglass","Centennial Puzzle","Nilry\u0027s Codex","Blood Vial","Pocketwatch","War Paint","Blue Candle","Oddly Smooth Stone","PreservedInsect","Pantograph"],"potions_floor_usage":[11,16,27,29],"damage_taken":[{"damage":0,"enemies":"Small Slimes","floor":1,"turns":3},{"damage":0,"enemies":"Jaw Worm","floor":3,"turns":1},{"damage":6,"enemies":"2 Louse","floor":5,"turns":2},{"damage":19,"enemies":"3 Sentries","floor":6,"turns":2},{"damage":12,"enemies":"Looter","floor":7,"turns":3},{"damage":0,"enemies":"2 Fungi Beasts","floor":10,"turns":1},{"damage":14,"enemies":"Lagavulin Event","floor":11,"turns":3},{"damage":10,"enemies":"Gremlin Gang","floor":12,"turns":4},{"damage":5,"enemies":"Looter","floor":13,"turns":2},{"damage":0,"enemies":"Blue Slaver","floor":14,"turns":1},{"damage":35,"enemies":"Hexaghost","floor":16,"turns":5},{"damage":0,"enemies":"Shell Parasite","floor":18,"turns":1},{"damage":2,"enemies":"Chosen","floor":20,"turns":3},{"damage":18,"enemies":"Book of Stabbing","floor":24,"turns":4},{"damage":2,"enemies":"Slavers","floor":27,"turns":3},{"damage":3,"enemies":"Snecko","floor":28,"turns":4},{"damage":9,"enemies":"Gremlin Leader","floor":29,"turns":4},{"damage":17,"enemies":"Automaton","floor":33,"turns":6},{"damage":1,"enemies":"3 Darklings","floor":35,"turns":2},{"damage":16,"enemies":"3 Shapes","floor":38,"turns":2},{"damage":4,"enemies":"Spire Growth","floor":39,"turns":3},{"damage":2,"enemies":"Reptomancer","floor":40,"turns":2},{"damage":24,"enemies":"Nemesis","floor":44,"turns":3},{"damage":7,"enemies":"Maw","floor":45,"turns":6},{"damage":3,"enemies":"Reptomancer","floor":46,"turns":2},{"damage":8,"enemies":"Jaw Worm Horde","floor":47,"turns":2},{"damage":2,"enemies":"3 Darklings","floor":48,"turns":2},{"damage":10,"enemies":"Awakened One","floor":50,"turns":9}],"seed_played":"7480235040815508770","potions_obtained":[{"floor":1,"key":"FearPotion"},{"floor":6,"key":"SkillPotion"},{"floor":7,"key":"Energy Potion"},{"floor":11,"key":"Fruit Juice"},{"floor":14,"key":"Poison Potion"}],"is_trial":false,"path_per_floor":["M","?","M","?","M","E","M","R","T","M","?","M","M","M","R","B",null,"M","?","M","?","?","R","E","?","T","E","M","E","?","?","R","B",null,"M","$","?","M","M","E","R","T","T","E","M","E","M","M","R","B",null],"character_chosen":"IRONCLAD","items_purchased":["Warcry","Pocketwatch"],"campfire_rested":0,"item_purchase_floors":[36,36],"current_hp_per_floor":[80,80,80,80,80,67,63,63,63,69,66,75,76,82,82,53,88,88,82,86,86,86,86,74,44,44,44,44,41,25,25,25,20,44,44,44,38,37,47,47,47,47,47,33,44,47,47,50,50,50],"gold":458,"neow_bonus":"","is_prod":false,"is_daily":true,"chose_seed":false,"campfire_upgraded":4,"win_rate":0,"timestamp":1569023491,"path_taken":["M","?","M","?","M","E","M","R","T","M","?","M","M","M","R","BOSS","M","?","M","?","?","R","E","?","T","E","M","E","?","?","R","BOSS","M","$","?","M","M","E","R","?","T","E","M","E","M","M","R","BOSS"],"build_version":"2019-07-17","purchased_purges":0,"victory":true,"max_hp_per_floor":[80,80,80,80,80,80,80,80,80,80,85,88,88,88,88,88,88,88,88,88,88,88,88,88,44,44,44,44,44,44,44,44,44,44,44,44,44,47,47,47,47,47,47,47,47,47,47,50,50,50],"card_choices":[{"not_picked":["Wild Strike"],"picked":"Carnage","floor":1},{"not_picked":["Reckless Charge"],"picked":"Havoc","floor":3},{"not_picked":["Cleave"],"picked":"Feel No Pain","floor":5},{"not_picked":["Heavy Blade","Iron Wave"],"picked":"SKIP","floor":6},{"not_picked":["True Grit"],"picked":"Headbutt","floor":7},{"not_picked":["Thunderclap"],"picked":"Double Tap","floor":10},{"not_picked":["Dropkick"],"picked":"Havoc","floor":11},{"not_picked":["Armaments"],"picked":"Flame Barrier","floor":12},{"not_picked":["Heavy Blade","Sword Boomerang"],"picked":"SKIP","floor":13},{"not_picked":["Corruption"],"picked":"Immolate","floor":14},{"not_picked":["Brutality"],"picked":"Bludgeon","floor":16},{"not_picked":["Flex","Armaments"],"picked":"SKIP","floor":18},{"not_picked":["Metallicize","Corruption"],"picked":"SKIP","floor":20},{"not_picked":["Entrench+1"],"picked":"Exhume","floor":24},{"not_picked":["Sever Soul+1","Flame Barrier+1"],"picked":"SKIP","floor":27},{"not_picked":["Heavy Blade","Shrug It Off"],"picked":"SKIP","floor":28},{"not_picked":["Hemokinesis","True Grit"],"picked":"SKIP","floor":29},{"not_picked":["Double Tap"],"picked":"Offering","floor":33},{"not_picked":["Iron Wave","Perfected Strike"],"picked":"SKIP","floor":35},{"not_picked":["Bloodletting","Cleave+1"],"picked":"SKIP","floor":38},{"not_picked":["Heavy Blade+1","Searing Blow"],"picked":"SKIP","floor":39},{"not_picked":["Fiend Fire","Intimidate"],"picked":"SKIP","floor":40},{"not_picked":["Body Slam"],"picked":"Fire Breathing+1","floor":44},{"not_picked":["Sword Boomerang+1","Wild Strike+1"],"picked":"SKIP","floor":45},{"not_picked":["Perfected Strike+1","Anger"],"picked":"SKIP","floor":46},{"not_picked":["Pommel Strike+1","True Grit"],"picked":"SKIP","floor":47},{"not_picked":["Combust","Intimidate+1"],"picked":"SKIP","floor":48}],"player_experience":24091,"relics_obtained":[{"floor":6,"key":"Orichalcum"},{"floor":9,"key":"Lantern"},{"floor":11,"key":"Juzu Bracelet"},{"floor":24,"key":"Peace Pipe"},{"floor":26,"key":"Gremlin Horn"},{"floor":27,"key":"Mercury Hourglass"},{"floor":29,"key":"Centennial Puzzle"},{"floor":30,"key":"Nilry\u0027s Codex"},{"floor":40,"key":"War Paint"},{"floor":42,"key":"Blue Candle"},{"floor":43,"key":"Oddly Smooth Stone"},{"floor":44,"key":"PreservedInsect"},{"floor":46,"key":"Pantograph"}],"event_choices":[{"damage_healed":0,"gold_gain":0,"player_choice":"Box","damage_taken":0,"relics_obtained":["Sundial"],"max_hp_gain":0,"max_hp_loss":0,"event_name":"Big Fish","floor":2,"gold_loss":0,"cards_obtained":["Regret"]},{"cards_removed":["Regret"],"damage_healed":0,"gold_gain":0,"player_choice":"Card Removal","damage_taken":0,"max_hp_gain":0,"max_hp_loss":0,"event_name":"The Cleric","floor":4,"gold_loss":50},{"damage_healed":0,"gold_gain":0,"player_choice":"Searched \u00272\u0027 times","damage_taken":0,"max_hp_gain":0,"max_hp_loss":0,"event_name":"Dead Adventurer","floor":11,"gold_loss":0},{"damage_healed":0,"gold_gain":0,"player_choice":"Joined the Cult","damage_taken":6,"max_hp_gain":0,"max_hp_loss":0,"event_name":"Nest","floor":19,"gold_loss":0,"cards_obtained":["RitualDagger"]},{"damage_healed":0,"gold_gain":0,"player_choice":"Copied","damage_taken":0,"max_hp_gain":0,"max_hp_loss":0,"event_name":"Duplicator","floor":21,"gold_loss":0,"cards_obtained":["Havoc"]},{"damage_healed":0,"gold_gain":0,"player_choice":"Ignored","damage_taken":0,"max_hp_gain":0,"max_hp_loss":0,"event_name":"Vampires","floor":22,"gold_loss":0},{"damage_healed":0,"gold_gain":0,"player_choice":"Became a Ghost","damage_taken":0,"max_hp_gain":0,"max_hp_loss":44,"event_name":"Ghosts","floor":25,"gold_loss":0,"cards_obtained":["Ghostly","Ghostly","Ghostly","Ghostly","Ghostly"]},{"damage_healed":0,"gold_gain":0,"player_choice":"Obtained Book","damage_taken":16,"max_hp_gain":0,"max_hp_loss":0,"event_name":"Cursed Tome","floor":30,"gold_loss":0},{"damage_healed":0,"gold_gain":0,"player_choice":"Opened","damage_taken":0,"relics_obtained":["Blood Vial"],"max_hp_gain":0,"max_hp_loss":0,"event_name":"The Mausoleum","floor":31,"gold_loss":0},{"damage_healed":0,"gold_gain":0,"player_choice":"Embrace Madness","damage_taken":6,"max_hp_gain":0,"max_hp_loss":0,"event_name":"Winding Halls","floor":37,"gold_loss":0,"cards_obtained":["Madness","Madness"]}],"is_beta":false,"boss_relics":[{"not_picked":["Snecko Eye","Mark of Pain"],"picked":"Sozu"},{"not_picked":["Runic Dome","Coffee Dripper"],"picked":"Black Blood"}],"items_purged_floors":[],"is_endless":false,"potions_floor_spawned":[1,6,7,11,14,20,27,28,39,44,47,48],"ascension_level":0}