{"gold_per_floor":[144,319,349,349,4,4,94,94,94,187,247,280,310,385,385,700,700,751,790,844,217,316,403,403,478,478,478,478],"floor_reached":28,"playtime":559,"items_purged":[],"score":476,"play_id":"e637d15e-ace2-44e0-ae89-ba19e004fdf6","local_time":"20190919211606","daily_mods":["DeadlyEvents","Binary","Cursed Run","Elite Swarm","Lethality","Midas","Night Terrors","Terminal","Uncertain Future","Binary"],"is_ascension_mode":false,"campfire_choices":[{"floor":6.0,"key":"REST"},{"data":"Doubt","floor":8.0,"key":"PURGE"},{"floor":15.0,"key":"REST"},{"data":"Shame","floor":24.0,"key":"PURGE"}],"neow_cost":"","seed_source_timestamp":0,"circlet_count":0,"master_deck":["Strike_R","Defend_R","Defend_R","Bash","Iron Wave","Injury","Iron Wave+1","Thunderclap+1","Havoc+1","True Grit","Pummel","PanicButton","Second Wind","Injury","Intimidate","Flex"],"special_seed":0,"relics":["Cursed Key","Darkstone Periapt","Du-Vu Doll","Busted Crown","Thread and Needle","Peace Pipe","Charon\u0027s Ashes","Kunai","Happy Flower","Astrolabe","Vajra","Bronze Scales","Regal Pillow","Akabeko","Mummified Hand"],"potions_floor_usage":[],"damage_taken":[{"damage":0.0,"enemies":"Jaw Worm","floor":1.0,"turns":2.0},{"damage":0.0,"enemies":"2 Louse","floor":3.0,"turns":2.0},{"damage":0.0,"enemies":"Gremlin Nob","floor":7.0,"turns":3.0},{"damage":0.0,"enemies":"3 Sentries","floor":10.0,"turns":4.0},{"damage":0.0,"enemies":"Cultist","floor":11.0,"turns":1.0},{"damage":0.0,"enemies":"Large Slime","floor":12.0,"turns":2.0},{"damage":0.0,"enemies":"Exordium Wildlife","floor":13.0,"turns":3.0},{"damage":0.0,"enemies":"Lagavulin","floor":14.0,"turns":4.0},{"damage":0.0,"enemies":"Slime Boss","floor":16.0,"turns":6.0},{"damage":0.0,"enemies":"Chosen","floor":18.0,"turns":3.0},{"damage":0.0,"enemies":"Shell Parasite","floor":19.0,"turns":2.0},{"damage":0.0,"enemies":"3 Cultists","floor":20.0,"turns":4.0},{"damage":0.0,"enemies":"Slavers","floor":23.0,"turns":4.0},{"damage":0.0,"enemies":"Book of Stabbing","floor":25.0,"turns":4.0},{"damage":5,"enemies":"Slavers","floor":28,"turns":1}],"seed_played":"-5004850006469675749","potions_obtained":[{"floor":1.0,"key":"Fire Potion"},{"floor":7.0,"key":"AttackPotion"},{"floor":12.0,"key":"Regen Potion"},{"floor":16.0,"key":"Energy Potion"},{"floor":18.0,"key":"Energy Potion"},{"floor":19.0,"key":"Weak Potion"},{"floor":23.0,"key":"Regen Potion"}],"is_trial":true,"path_per_floor":["M","?","M","?","$","R","E","R","T","E","M","M","M","E","R","B",null,"M","M","M","$","?","E","R","E","T","?","E"],"character_chosen":"IRONCLAD","items_purchased":["Thread and Needle","SkillPotion","Vajra","Bronze Scales","True Grit","Pummel","PanicButton","Second Wind","Ancient Potion"],"campfire_rested":2,"item_purchase_floors":[5,5,21,21,21,21,21,21,21],"current_hp_per_floor":[1,6,5,4,3,1,1,1,6,5,4,3,2,1,1,6,5,4,3,2,1,1,1,1,1,6,5,0],"gold":478,"neow_bonus":"","is_prod":false,"is_daily":false,"chose_seed":false,"campfire_upgraded":0,"win_rate":0,"timestamp":1568945766,"path_taken":["M","?","M","?","$","R","E","R","T","E","M","?","M","E","R","BOSS","M","M","M","$","?","E","R","E","T","?","?"],"build_version":"2019-09-18","purchased_purges":0,"victory":false,"max_hp_per_floor":[1,6,5,4,3,1,1,1,6,5,4,3,2,1,1,6,5,4,3,2,1,1,1,1,1,6,5,5],"card_choices":[],"player_experience":1408330,"relics_obtained":[{"floor":7.0,"key":"Peace Pipe"},{"floor":9.0,"key":"Charon\u0027s Ashes"},{"floor":10.0,"key":"Kunai"},{"floor":14.0,"key":"Happy Flower"},{"floor":23.0,"key":"Regal Pillow"},{"floor":25.0,"key":"Akabeko"},{"floor":26.0,"key":"Mummified Hand"}],"event_choices":[{"damage_healed":0.0,"max_hp_gain":0.0,"max_hp_loss":0.0,"gold_gain":175.0,"event_name":"Liars Game","player_choice":"AGREE","floor":2.0,"gold_loss":0.0,"damage_taken":0.0,"cards_obtained":["Doubt"]},{"damage_healed":0.0,"max_hp_gain":0.0,"max_hp_loss":0.0,"gold_gain":0.0,"cards_transformed":["Strike_R"],"event_name":"Living Wall","player_choice":"Change","floor":4.0,"gold_loss":0.0,"damage_taken":0.0,"cards_obtained":["Iron Wave"]},{"damage_healed":0.0,"max_hp_gain":0.0,"max_hp_loss":0.0,"gold_gain":99.0,"event_name":"Nest","player_choice":"Stole From Cult","floor":22.0,"gold_loss":0.0,"damage_taken":0.0},{"damage_healed":0.0,"max_hp_gain":0.0,"max_hp_loss":0.0,"gold_gain":0.0,"cards_transformed":["Strike_R","Defend_R"],"event_name":"Drug Dealer","player_choice":"Became Test Subject","floor":27.0,"gold_loss":0.0,"damage_taken":0.0,"cards_obtained":["Intimidate","Flex"]}],"is_beta":true,"boss_relics":[{"not_picked":["Velvet Choker","Runic Pyramid"],"picked":"Astrolabe"}],"items_purged_floors":[],"is_endless":false,"potions_floor_spawned":[1,7,12,16,18,19,23],"killed_by":"Slavers","ascension_level":0}