{"gold_per_floor":[117,117,137,149,99,132,132,132,132,132,152,169,201,201,201,303,303,317,317,333,258,269,269,169,169],"floor_reached":25,"playtime":1299,"items_purged":["Strike_B","Strike_B"],"score":211,"play_id":"855bf761-4bb3-438b-8227-83437c2b49da","local_time":"20190929143932","is_ascension_mode":false,"campfire_choices":[{"data":"Sweeping Beam","floor":8,"key":"SMITH"},{"data":"Lockon","floor":10,"key":"SMITH"},{"data":"Doom and Gloom","floor":15,"key":"SMITH"},{"data":"Zap","floor":23,"key":"SMITH"}],"neow_cost":"NONE","seed_source_timestamp":1425334059749100,"circlet_count":0,"master_deck":["Strike_B","Defend_B","Defend_B","Zap+1","Dualcast","Lockon+1","Sweeping Beam+1","FTL","Ball Lightning+1","Doom and Gloom+1","Streamline"],"relics":["Cracked Core","Dodecahedron","Strawberry","Oddly Smooth Stone","Lizard Tail"],"potions_floor_usage":[6,13,16,16,25],"damage_taken":[{"damage":2,"enemies":"2 Louse","floor":1,"turns":2},{"damage":0,"enemies":"Small Slimes","floor":3,"turns":3},{"damage":1,"enemies":"Cultist","floor":4,"turns":3},{"damage":40,"enemies":"3 Sentries","floor":6,"turns":6},{"damage":0,"enemies":"2 Fungi Beasts","floor":11,"turns":2},{"damage":12,"enemies":"Blue Slaver","floor":12,"turns":2},{"damage":6,"enemies":"Gremlin Nob","floor":13,"turns":3},{"damage":46,"enemies":"Hexaghost","floor":16,"turns":5},{"damage":10,"enemies":"Chosen","floor":18,"turns":3},{"damage":10,"enemies":"Spheric Guardian","floor":20,"turns":3},{"damage":40,"enemies":"Shelled Parasite and Fungi","floor":22,"turns":4},{"damage":29,"enemies":"Book of Stabbing","floor":25,"turns":4}],"seed_played":"9103681021420404837","potions_obtained":[{"floor":1,"key":"SkillPotion"},{"floor":3,"key":"PowerPotion"},{"floor":11,"key":"Fire Potion"},{"floor":13,"key":"FearPotion"},{"floor":18,"key":"Weak Potion"}],"is_trial":false,"path_per_floor":["M","?","M","M","?","E","?","R","T","R","M","M","E","?","R","B",null,"M","?","M","$","M","R","$","E"],"character_chosen":"DEFECT","items_purchased":[],"campfire_rested":0,"item_purchase_floors":[],"current_hp_per_floor":[80,73,73,72,72,32,59,59,66,66,66,54,48,48,48,2,89,79,79,69,69,29,29,29,44],"gold":169,"neow_bonus":"TEN_PERCENT_HP_BONUS","is_prod":false,"is_daily":false,"chose_seed":false,"campfire_upgraded":4,"win_rate":0.0,"timestamp":1569739172,"path_taken":["M","?","M","M","?","E","?","R","T","R","M","M","E","?","R","BOSS","M","?","M","$","M","R","$","E"],"build_version":"2019-07-17","purchased_purges":2,"victory":false,"max_hp_per_floor":[82,82,82,82,82,82,82,82,89,89,89,89,89,89,89,89,89,89,89,89,89,89,89,89,89],"card_choices":[{"not_picked":["Static Discharge","Darkness"],"picked":"Lockon","floor":1},{"not_picked":["Double Energy","Go for the Eyes"],"picked":"Sweeping Beam","floor":3},{"not_picked":["Blizzard","Stack","Conserve Battery"],"picked":"SKIP","floor":4},{"not_picked":["Steam","Redo"],"picked":"FTL","floor":6},{"not_picked":["Rebound","Gash"],"picked":"Ball Lightning","floor":11},{"not_picked":["Cold Snap","Redo","Stack"],"picked":"SKIP","floor":12},{"not_picked":["Heatsinks","Reprogram"],"picked":"Doom and Gloom","floor":13},{"not_picked":["Force Field","Conserve Battery"],"picked":"Streamline","floor":18},{"not_picked":["Gash+1","Steam","Reprogram"],"picked":"SKIP","floor":20},{"not_picked":["Cold Snap","Rebound","Machine Learning"],"picked":"SKIP","floor":22}],"player_experience":48929,"relics_obtained":[{"floor":6,"key":"Dodecahedron"},{"floor":9,"key":"Strawberry"},{"floor":13,"key":"Oddly Smooth Stone"}],"event_choices":[{"cards_removed":["Defend_B"],"damage_healed":0,"gold_gain":0,"player_choice":"Card Removal","damage_taken":7,"max_hp_gain":0,"max_hp_loss":0,"event_name":"Golden Wing","floor":2,"gold_loss":0},{"cards_removed":["Defend_B"],"damage_healed":0,"gold_gain":0,"player_choice":"Card Removal","damage_taken":0,"max_hp_gain":0,"max_hp_loss":0,"event_name":"The Cleric","floor":5,"gold_loss":50},{"damage_healed":27,"gold_gain":0,"player_choice":"Banana","damage_taken":0,"max_hp_gain":0,"max_hp_loss":0,"event_name":"Big Fish","floor":7,"gold_loss":0},{"damage_healed":0,"gold_gain":0,"player_choice":"Upgraded","damage_taken":0,"max_hp_gain":0,"max_hp_loss":0,"event_name":"Upgrade Shrine","floor":14,"gold_loss":0,"cards_upgraded":["Ball Lightning"]},{"cards_removed":["Strike_B"],"damage_healed":0,"gold_gain":0,"player_choice":"Elegance","damage_taken":0,"max_hp_gain":0,"max_hp_loss":0,"event_name":"Back to Basics","floor":19,"gold_loss":0}],"is_beta":false,"boss_relics":[{"not_picked":["Busted Crown","Snecko Eye"],"picked":"Lizard Tail"}],"items_purged_floors":[21,24],"is_endless":false,"potions_floor_spawned":[1,3,11,13,18],"killed_by":"Book of Stabbing","ascension_level":0}