{"gold_per_floor":[114,114,124,143,159,191,191,168,237,247,275,275,290,303,303,402,402,413,153,153,178,188,218,218,231,231,231,258,268,300,300,300,300],"floor_reached":33,"playtime":2777,"items_purged":["Injury"],"score":342,"play_id":"aade97a2-5800-4f50-8669-79d704464974","local_time":"20190920210143","is_ascension_mode":false,"campfire_choices":[{"data":"Twin Strike","floor":7,"key":"SMITH"},{"data":"Double Tap","floor":15,"key":"SMITH"},{"data":"Apotheosis","floor":24,"key":"SMITH"},{"floor":27,"key":"REST"},{"floor":32,"key":"REST"}],"neow_cost":"NONE","seed_source_timestamp":0,"circlet_count":0,"master_deck":["Strike_R","Strike_R","Strike_R","Strike_R","Strike_R","Defend_R","Defend_R+1","Defend_R","Defend_R+1","Bash+1","Seeing Red+1","Pummel","Battle Trance","Twin Strike+1","Reaper","Clash","Second Wind","Headbutt","Double Tap+1","Inflame","Feed","Parasite","Twin Strike","Apotheosis+1","Clash","Battle Trance+1","Berserk+1","Fiend Fire"],"special_seed":0,"relics":["Burning Blood","Torii","Shuriken","Lantern","Darkstone Periapt","Calling Bell","Boot","Mummified Hand","Calipers","Red Mask","PreservedInsect","Bottled Flame","War Paint","Bronze Scales"],"potions_floor_usage":[6,11,18,23,28,29,30],"damage_taken":[{"damage":0,"enemies":"Small Slimes","floor":1,"turns":3},{"damage":1,"enemies":"Cultist","floor":3,"turns":3},{"damage":11,"enemies":"Jaw Worm","floor":4,"turns":3},{"damage":3,"enemies":"3 Louse","floor":5,"turns":5},{"damage":31,"enemies":"3 Sentries","floor":6,"turns":6},{"damage":0,"enemies":"Large Slime","floor":10,"turns":3},{"damage":14,"enemies":"Lagavulin","floor":11,"turns":4},{"damage":1,"enemies":"Lots of Slimes","floor":13,"turns":3},{"damage":0,"enemies":"3 Louse","floor":14,"turns":2},{"damage":1,"enemies":"Slime Boss","floor":16,"turns":7},{"damage":19,"enemies":"3 Byrds","floor":18,"turns":4},{"damage":53,"enemies":"Masked Bandits","floor":21,"turns":5},{"damage":1,"enemies":"Chosen","floor":22,"turns":2},{"damage":15,"enemies":"Book of Stabbing","floor":23,"turns":3},{"damage":36,"enemies":"Snake Plant","floor":25,"turns":4},{"damage":27,"enemies":"Slavers","floor":28,"turns":6},{"damage":28,"enemies":"Snecko","floor":29,"turns":5},{"damage":3,"enemies":"Book of Stabbing","floor":30,"turns":3},{"damage":70,"enemies":"Automaton","floor":33,"turns":6}],"seed_played":"2582861222752262624","potions_obtained":[{"floor":4,"key":"SkillPotion"},{"floor":5,"key":"Explosive Potion"},{"floor":6,"key":"AttackPotion"},{"floor":13,"key":"Weak Potion"},{"floor":18,"key":"PowerPotion"},{"floor":22,"key":"LiquidBronze"},{"floor":28,"key":"AttackPotion"}],"is_trial":false,"path_per_floor":["M","?","M","M","M","E","R","$","T","M","E","T","M","M","R","B",null,"M","$","?","?","M","E","R","M","T","R","E","M","E","?","R","B"],"character_chosen":"IRONCLAD","items_purchased":["Clash","Apotheosis"],"campfire_rested":2,"item_purchase_floors":[8,19],"current_hp_per_floor":[80,80,80,75,78,53,53,53,53,59,51,51,76,80,80,80,98,88,88,88,52,57,48,48,23,23,53,47,29,32,32,63,0],"gold":300,"neow_bonus":"UPGRADE_CARD","is_prod":false,"is_daily":false,"chose_seed":false,"campfire_upgraded":3,"win_rate":0.0,"timestamp":1568984503,"path_taken":["M","?","M","M","?","E","R","$","T","M","E","?","?","M","R","BOSS","M","$","?","?","M","E","R","M","T","R","E","M","E","?","R","BOSS"],"build_version":"2019-07-17","purchased_purges":1,"victory":false,"max_hp_per_floor":[80,80,80,80,80,80,80,80,80,80,80,80,80,80,80,80,98,101,101,101,101,101,101,101,101,101,101,101,105,105,105,105,105],"card_choices":[{"not_picked":["Clash","Body Slam"],"picked":"Seeing Red","floor":1},{"not_picked":["Flex","Heavy Blade"],"picked":"Pummel","floor":3},{"not_picked":["Armaments","True Grit"],"picked":"Battle Trance","floor":4},{"not_picked":["Entrench","Clothesline"],"picked":"Twin Strike","floor":5},{"not_picked":["Clothesline","Iron Wave"],"picked":"Reaper","floor":6},{"not_picked":["Shrug It Off","Rupture"],"picked":"Second Wind","floor":10},{"not_picked":["Clothesline","Pommel Strike"],"picked":"Headbutt","floor":11},{"not_picked":["Clash","Headbutt"],"picked":"Double Tap","floor":13},{"not_picked":["Dual Wield","Thunderclap"],"picked":"Inflame","floor":14},{"not_picked":["Offering","Demon Form"],"picked":"Feed","floor":16},{"not_picked":["Cleave+1","Heavy Blade+1"],"picked":"Twin Strike","floor":18},{"not_picked":["Disarm","Entrench"],"picked":"Clash","floor":22},{"not_picked":["Bloodletting+1","Spot Weakness"],"picked":"Battle Trance+1","floor":23},{"not_picked":["Metallicize","Uppercut","Pommel Strike+1"],"picked":"SKIP","floor":25},{"not_picked":["Iron Wave+1","Cleave"],"picked":"Berserk","floor":28},{"not_picked":["Ghostly Armor","Hemokinesis","Sword Boomerang"],"picked":"SKIP","floor":29},{"not_picked":["Metallicize","Blood for Blood"],"picked":"Fiend Fire","floor":30}],"player_experience":14004,"relics_obtained":[{"floor":6,"key":"Torii"},{"floor":9,"key":"Shuriken"},{"floor":11,"key":"Lantern"},{"floor":12,"key":"Darkstone Periapt"},{"floor":17,"key":"Boot"},{"floor":17,"key":"Mummified Hand"},{"floor":17,"key":"Calipers"},{"floor":21,"key":"Red Mask"},{"floor":23,"key":"PreservedInsect"},{"floor":26,"key":"Bottled Flame"},{"floor":28,"key":"War Paint"},{"floor":30,"key":"Bronze Scales"}],"event_choices":[{"damage_healed":0,"gold_gain":0,"player_choice":"Upgraded","damage_taken":0,"max_hp_gain":0,"max_hp_loss":0,"event_name":"Upgrade Shrine","floor":2,"gold_loss":0,"cards_upgraded":["Seeing Red"]},{"cards_removed":["Decay"],"damage_healed":0,"gold_gain":0,"player_choice":"Elegance","damage_taken":0,"max_hp_gain":0,"max_hp_loss":0,"event_name":"Back to Basics","floor":20,"gold_loss":0},{"damage_healed":0,"gold_gain":0,"player_choice":"Fought Bandits","damage_taken":0,"max_hp_gain":0,"max_hp_loss":0,"event_name":"Masked Bandits","floor":21,"gold_loss":0},{"damage_healed":0,"gold_gain":0,"player_choice":"Forge","damage_taken":0,"max_hp_gain":0,"max_hp_loss":0,"event_name":"Accursed Blacksmith","floor":31,"gold_loss":0,"cards_upgraded":["Berserk"]}],"is_beta":false,"boss_relics":[{"not_picked":["Ectoplasm","Runic Pyramid"],"picked":"Calling Bell"}],"items_purged_floors":[19],"is_endless":false,"potions_floor_spawned":[4,5,6,13,18,22,28],"killed_by":"Automaton","ascension_level":0}