{"gold_per_floor":[118,43,43,56,56,116,116,151,175,194,208,208,237,253,253,356,356,371,387,387,486,386,386],"floor_reached":23,"playtime":1153,"items_purged":["Shame","Strike_R"],"score":251,"play_id":"32230e84-9577-459c-9909-06878ddc7ed2","local_time":"20191010050432","is_ascension_mode":true,"campfire_choices":[{"data":"Demon Form","floor":12,"key":"SMITH"},{"data":"Sword Boomerang","floor":15,"key":"SMITH"}],"neow_cost":"CURSE","seed_source_timestamp":2341381012892100,"circlet_count":0,"master_deck":["Strike_R","Strike_R","Strike_R","Strike_R","Defend_R","Defend_R","Defend_R","Defend_R","Bash","Demon Form+1","Sword Boomerang+1","Feed","Barricade","True Grit+1","Iron Wave+1"],"relics":["Burning Blood","Tiny Chest","Mercury Hourglass","Bottled Flame","Runic Dome"],"potions_floor_usage":[6,16,23],"damage_taken":[{"damage":19,"enemies":"2 Louse","floor":1,"turns":3},{"damage":1,"enemies":"Cultist","floor":4,"turns":3},{"damage":26,"enemies":"Gremlin Nob","floor":6,"turns":4},{"damage":20,"enemies":"Lagavulin","floor":8,"turns":4},{"damage":4,"enemies":"Jaw Worm","floor":10,"turns":3},{"damage":12,"enemies":"Looter","floor":11,"turns":3},{"damage":31,"enemies":"Gremlin Nob","floor":13,"turns":4},{"damage":14,"enemies":"Blue Slaver","floor":14,"turns":4},{"damage":28,"enemies":"Hexaghost","floor":16,"turns":8},{"damage":42,"enemies":"2 Thieves","floor":18,"turns":4},{"damage":27,"enemies":"Shell Parasite","floor":19,"turns":4},{"damage":25,"enemies":"Slavers","floor":23,"turns":1}],"seed_played":"-1193959870499767595","potions_obtained":[{"floor":4,"key":"SkillPotion"},{"floor":6,"key":"Ancient Potion"},{"floor":10,"key":"Ancient Potion"},{"floor":13,"key":"Block Potion"}],"is_trial":false,"path_per_floor":["M","$","?","M","$","E","?","E","T","M","M","R","E","M","R","B",null,"M","M","?","?","$","E"],"character_chosen":"IRONCLAD","items_purchased":[],"campfire_rested":0,"item_purchase_floors":[],"current_hp_per_floor":[67,67,67,72,72,52,80,66,66,71,68,68,43,35,35,13,86,53,32,15,15,15,0],"gold":386,"neow_bonus":"THREE_RARE_CARDS","is_prod":false,"is_daily":false,"chose_seed":false,"campfire_upgraded":2,"win_rate":0,"timestamp":1570655072,"path_taken":["M","$","?","M","$","E","?","E","T","M","?","R","E","M","R","BOSS","M","M","?","?","$","E"],"build_version":"2019-07-17","purchased_purges":2,"victory":false,"max_hp_per_floor":[80,80,80,80,80,80,80,80,80,83,86,86,86,86,86,86,86,89,89,94,94,94,94],"card_choices":[{"not_picked":["Reaper","Fiend Fire"],"picked":"Demon Form","floor":0},{"not_picked":["Pommel Strike","Fire Breathing"],"picked":"Sword Boomerang","floor":1},{"not_picked":["Armaments","Clothesline"],"picked":"Intimidate","floor":4},{"not_picked":["Rampage","Inflame","Perfected Strike"],"picked":"SKIP","floor":6},{"not_picked":["Dropkick","Sentinel"],"picked":"Feed","floor":8},{"not_picked":["Clothesline","Shrug It Off","Seeing Red"],"picked":"SKIP","floor":10},{"not_picked":["Clothesline","Shrug It Off","Seeing Red"],"picked":"SKIP","floor":10},{"not_picked":["Armaments","Anger","Shrug It Off"],"picked":"SKIP","floor":11},{"not_picked":["Second Wind","Brutality","Uppercut"],"picked":"SKIP","floor":13},{"not_picked":["Flex","Headbutt","Cleave"],"picked":"SKIP","floor":14},{"not_picked":["Berserk","Fiend Fire"],"picked":"Barricade","floor":16},{"not_picked":["Cleave","Iron Wave"],"picked":"True Grit+1","floor":18},{"not_picked":["Headbutt+1","Infernal Blade+1"],"picked":"Iron Wave+1","floor":19}],"player_experience":141179,"relics_obtained":[{"floor":6,"key":"Tiny Chest"},{"floor":8,"key":"Mercury Hourglass"},{"floor":13,"key":"Bottled Flame"}],"event_choices":[{"damage_healed":0,"gold_gain":0,"player_choice":"Ignored","damage_taken":0,"max_hp_gain":0,"max_hp_loss":0,"event_name":"Liars Game","floor":3,"gold_loss":0},{"cards_removed":["Intimidate"],"damage_healed":28,"gold_gain":0,"player_choice":"Offered Uncommon","damage_taken":0,"max_hp_gain":0,"max_hp_loss":0,"event_name":"Bonfire Elementals","floor":7,"gold_loss":0},{"damage_healed":0,"gold_gain":0,"player_choice":"Shed Blood","damage_taken":22,"max_hp_gain":5,"max_hp_loss":0,"event_name":"Forgotten Altar","floor":20,"gold_loss":0},{"damage_healed":0,"gold_gain":99,"player_choice":"Stole From Cult","damage_taken":0,"max_hp_gain":0,"max_hp_loss":0,"event_name":"Nest","floor":21,"gold_loss":0}],"is_beta":false,"boss_relics":[{"not_picked":["Velvet Choker","Orrery"],"picked":"Runic Dome"}],"items_purged_floors":[2,22],"is_endless":false,"potions_floor_spawned":[4,6,10,13],"killed_by":"Slavers","ascension_level":4}