{"gold_per_floor":[118,118,133,133,149,149,178,190,270,270,285,385,398,415,415,510,510,435],"floor_reached":18,"playtime":1085,"items_purged":[],"score":172,"play_id":"dfa100be-be35-4a69-875a-2ae1c72b6ea8","local_time":"20191005175218","is_ascension_mode":true,"campfire_choices":[{"data":"Neutralize","floor":6,"key":"SMITH"},{"data":"Survivor","floor":10,"key":"SMITH"},{"floor":15,"key":"REST"}],"neow_cost":"TEN_PERCENT_HP_LOSS","seed_source_timestamp":1955511932035600,"circlet_count":0,"master_deck":["Strike_G","Strike_G","Strike_G","Strike_G","Strike_G","Defend_G","Defend_G","Defend_G","Survivor+1","Neutralize+1","Poisoned Stab","Accuracy","Poisoned Stab","Infinite Blades","Eviscerate+1","Doppelganger"],"relics":["Ring of the Snake","Tough Bandages","Bag of Preparation","Molten Egg 2","White Beast Statue"],"potions_floor_usage":[7,8,16,16],"damage_taken":[{"damage":2,"enemies":"Small Slimes","floor":1,"turns":3},{"damage":0,"enemies":"2 Louse","floor":3,"turns":2},{"damage":0,"enemies":"Cultist","floor":5,"turns":3},{"damage":27,"enemies":"Lagavulin","floor":7,"turns":6},{"damage":0,"enemies":"Gremlin Gang","floor":8,"turns":3},{"damage":0,"enemies":"2 Fungi Beasts","floor":11,"turns":4},{"damage":10,"enemies":"Looter","floor":13,"turns":3},{"damage":4,"enemies":"3 Louse","floor":14,"turns":4},{"damage":3,"enemies":"Hexaghost","floor":16,"turns":9},{"damage":33,"enemies":"2 Thieves","floor":18,"turns":4}],"seed_played":"-3588212314181701340","potions_obtained":[{"floor":1,"key":"Explosive Potion"},{"floor":3,"key":"EssenceOfSteel"},{"floor":7,"key":"SteroidPotion"},{"floor":13,"key":"Energy Potion"}],"is_trial":false,"path_per_floor":["M","?","M","?","M","R","E","M","T","R","M","?","M","M","R","B",null,"M"],"character_chosen":"THE_SILENT","items_purchased":[],"campfire_rested":1,"item_purchase_floors":[],"current_hp_per_floor":[61,54,54,54,54,54,27,27,27,27,27,27,17,13,31,28,63,30],"gold":435,"neow_bonus":"TRANSFORM_TWO_CARDS","is_prod":false,"is_daily":false,"chose_seed":false,"campfire_upgraded":2,"win_rate":0,"timestamp":1570269138,"path_taken":["M","?","M","?","M","R","E","M","T","R","M","?","?","M","R","BOSS","M"],"build_version":"2019-07-17","purchased_purges":0,"victory":false,"max_hp_per_floor":[63,63,63,63,63,63,63,63,63,63,63,63,63,63,63,63,63,63],"card_choices":[{"not_picked":["Expertise","Eviscerate","Flechettes"],"picked":"SKIP","floor":1},{"not_picked":["Dash","Endless Agony","Outmaneuver"],"picked":"SKIP","floor":3},{"not_picked":["Predator","Bane","Leg Sweep"],"picked":"SKIP","floor":5},{"not_picked":["Flechettes","Dagger Throw"],"picked":"Poisoned Stab","floor":7},{"not_picked":["PiercingWail","Doppelganger"],"picked":"Infinite Blades","floor":8},{"not_picked":["Backflip","Flying Knee+1","Slice+1"],"picked":"SKIP","floor":11},{"not_picked":["Acrobatics","Caltrops"],"picked":"Eviscerate+1","floor":13},{"not_picked":["Flechettes+1","Underhanded Strike+1","Quick Slash+1"],"picked":"SKIP","floor":14},{"not_picked":["Tools of the Trade","Burst"],"picked":"Doppelganger","floor":16}],"player_experience":90801,"relics_obtained":[{"floor":7,"key":"Bag of Preparation"},{"floor":9,"key":"Molten Egg 2"}],"event_choices":[{"damage_healed":0,"gold_gain":0,"player_choice":"Success","damage_taken":7,"relics_obtained":["Tough Bandages"],"max_hp_gain":0,"max_hp_loss":0,"event_name":"Scrap Ooze","floor":2,"gold_loss":0},{"damage_healed":0,"gold_gain":0,"player_choice":"Ignored","damage_taken":0,"max_hp_gain":0,"max_hp_loss":0,"event_name":"Liars Game","floor":4,"gold_loss":0},{"damage_healed":0,"gold_gain":100,"player_choice":"Pray","damage_taken":0,"max_hp_gain":0,"max_hp_loss":0,"event_name":"Golden Shrine","floor":12,"gold_loss":0}],"is_beta":false,"boss_relics":[{"not_picked":["Fusion Hammer","Sozu"],"picked":"White Beast Statue"}],"items_purged_floors":[],"is_endless":false,"potions_floor_spawned":[1,3,7,13],"killed_by":"2 Thieves","ascension_level":1}