{"gold_per_floor":[117,131,131,81,81,81,122,122,122,135,156,156,156,28,28,28],"floor_reached":16,"playtime":917,"items_purged":["Defend_R"],"score":123,"play_id":"48a8fc99-a95e-41fa-bfb6-8a53fc9030d8","local_time":"20191010112312","is_ascension_mode":true,"campfire_choices":[{"data":"Strike_R","floor":6,"key":"SMITH"},{"floor":15,"key":"REST"}],"neow_cost":"NONE","seed_source_timestamp":2364337387845200,"circlet_count":0,"master_deck":["Strike_R","Strike_R","Strike_R","Strike_R","Strike_R+1","Defend_R","Bash","Impervious","Heavy Blade","Metallicize","Evolve","Flame Barrier","Flex"],"relics":["Burning Blood","Golden Idol","Centennial Puzzle","Bird Faced Urn"],"potions_floor_usage":[16,16],"damage_taken":[{"damage":1,"enemies":"Cultist","floor":1,"turns":3},{"damage":11,"enemies":"Small Slimes","floor":2,"turns":4},{"damage":52,"enemies":"3 Sentries","floor":7,"turns":12},{"damage":0,"enemies":"2 Louse","floor":10,"turns":4},{"damage":29,"enemies":"Large Slime","floor":11,"turns":8},{"damage":46,"enemies":"Hexaghost","floor":16,"turns":11}],"seed_played":"199335075703993922","potions_obtained":[{"floor":1,"key":"SmokeBomb"},{"floor":10,"key":"LiquidBronze"},{"floor":11,"key":"Strength Potion"}],"is_trial":false,"path_per_floor":["M","M","?","?","?","R","E","?","T","M","M","?","?","$","R","B"],"character_chosen":"IRONCLAD","items_purchased":["Flex"],"campfire_rested":1,"item_purchase_floors":[14],"current_hp_per_floor":[80,75,55,55,80,80,34,34,34,42,23,16,16,16,40,0],"gold":28,"neow_bonus":"ONE_RANDOM_RARE_CARD","is_prod":false,"is_daily":false,"chose_seed":false,"campfire_upgraded":1,"win_rate":0,"timestamp":1570677792,"path_taken":["M","M","?","?","?","R","E","?","T","?","M","?","?","$","R","BOSS"],"build_version":"2019-07-17","purchased_purges":1,"victory":false,"max_hp_per_floor":[80,80,80,80,80,80,80,80,80,80,80,80,80,80,80,80],"card_choices":[{"not_picked":["Ghostly Armor","True Grit"],"picked":"Heavy Blade","floor":1},{"not_picked":["Havoc","Pommel Strike"],"picked":"Metallicize","floor":2},{"not_picked":["Juggernaut","Clash"],"picked":"Evolve","floor":7},{"not_picked":["Iron Wave","Infernal Blade","Wild Strike"],"picked":"SKIP","floor":10},{"not_picked":["Cleave","Sentinel"],"picked":"Flame Barrier","floor":11}],"player_experience":155558,"relics_obtained":[{"floor":7,"key":"Centennial Puzzle"}],"event_choices":[{"damage_healed":0,"gold_gain":0,"player_choice":"Take Damage","damage_taken":20,"relics_obtained":["Golden Idol"],"max_hp_gain":0,"max_hp_loss":0,"event_name":"Golden Idol","floor":3,"gold_loss":0},{"cards_removed":["Defend_R"],"damage_healed":0,"gold_gain":0,"player_choice":"Card Removal","damage_taken":0,"max_hp_gain":0,"max_hp_loss":0,"event_name":"The Cleric","floor":4,"gold_loss":50},{"damage_healed":26,"gold_gain":0,"player_choice":"Banana","damage_taken":0,"max_hp_gain":0,"max_hp_loss":0,"event_name":"Big Fish","floor":5,"gold_loss":0},{"damage_healed":0,"gold_gain":0,"player_choice":"Gave Potion","damage_taken":0,"relics_obtained":["Bird Faced Urn"],"max_hp_gain":0,"max_hp_loss":0,"event_name":"WeMeetAgain","floor":8,"gold_loss":0},{"cards_removed":["Defend_R"],"damage_healed":0,"gold_gain":0,"player_choice":"Card Removal","damage_taken":7,"max_hp_gain":0,"max_hp_loss":0,"event_name":"Golden Wing","floor":12,"gold_loss":0},{"damage_healed":0,"gold_gain":0,"player_choice":"Ignored","damage_taken":0,"max_hp_gain":0,"max_hp_loss":0,"event_name":"Shining Light","floor":13,"gold_loss":0}],"is_beta":false,"boss_relics":[],"items_purged_floors":[14],"is_endless":false,"potions_floor_spawned":[1,10,11],"killed_by":"Hexaghost","ascension_level":5}