{"gold_per_floor":[113,38,213,233,249,249,279,279,279,279,289,304,324,78,78,78],"floor_reached":16,"playtime":728,"items_purged":["Strike_R","Doubt"],"score":107,"play_id":"a383f208-ab66-4053-9f18-2aacd6e315d8","local_time":"20191002163613","is_ascension_mode":true,"campfire_choices":[{"data":"Bash","floor":6.0,"key":"SMITH"},{"floor":8.0,"key":"REST"},{"data":"Finesse","floor":15.0,"key":"SMITH"}],"neow_cost":"NONE","seed_source_timestamp":1562874235621900,"circlet_count":0,"master_deck":["Strike_R","Strike_R","Strike_R","Strike_R","Defend_R","Defend_R","Defend_R","Defend_R","Bash+1","Finesse+1"],"special_seed":0,"relics":["Burning Blood","Akabeko","Turnip","Meat on the Bone","Thread and Needle"],"potions_floor_usage":[16,16],"damage_taken":[{"damage":3.0,"enemies":"Small Slimes","floor":1.0,"turns":3.0},{"damage":0.0,"enemies":"2 Louse","floor":4.0,"turns":2.0},{"damage":1.0,"enemies":"Cultist","floor":5.0,"turns":3.0},{"damage":25.0,"enemies":"3 Sentries","floor":7.0,"turns":14.0},{"damage":3.0,"enemies":"3 Louse","floor":11.0,"turns":4.0},{"damage":9.0,"enemies":"2 Fungi Beasts","floor":12.0,"turns":3.0},{"damage":18.0,"enemies":"Large Slime","floor":13.0,"turns":8.0},{"damage":70,"enemies":"Hexaghost","floor":16,"turns":16}],"seed_played":"-1530808060594411482","potions_obtained":[{"floor":1.0,"key":"SkillPotion"},{"floor":4.0,"key":"Weak Potion"},{"floor":7.0,"key":"EssenceOfSteel"}],"is_trial":false,"path_per_floor":["M","$","?","M","M","R","E","R","T","?","M","M","M","$","R","B"],"character_chosen":"IRONCLAD","items_purchased":["Finesse","PowerPotion"],"campfire_rested":1,"item_purchase_floors":[14,14],"current_hp_per_floor":[80,80,80,80,80,80,61,80,80,80,80,77,65,65,65,0],"gold":78,"neow_bonus":"RANDOM_COMMON_RELIC","is_prod":false,"is_daily":false,"chose_seed":false,"campfire_upgraded":2,"win_rate":0,"timestamp":1570026973,"path_taken":["M","$","?","M","M","R","E","R","T","?","?","M","M","$","R","BOSS"],"build_version":"2019-10-01","purchased_purges":2,"victory":false,"max_hp_per_floor":[80,80,80,80,80,80,80,80,80,80,80,80,80,80,80,80],"card_choices":[{"not_picked":["True Grit","Clothesline","Sentinel"],"picked":"SKIP","floor":1.0},{"not_picked":["Clash","Perfected Strike","Cleave"],"picked":"SKIP","floor":4.0},{"not_picked":["Infernal Blade","Juggernaut","Havoc"],"picked":"SKIP","floor":5.0},{"not_picked":["Carnage","Battle Trance","Spot Weakness"],"picked":"SKIP","floor":7.0},{"not_picked":["Flex","Shockwave","Cleave"],"picked":"SKIP","floor":11.0},{"not_picked":["Rage","Thunderclap","Power Through"],"picked":"SKIP","floor":12.0},{"not_picked":["Pommel Strike","Inflame","Clash"],"picked":"SKIP","floor":13.0}],"player_experience":333682,"relics_obtained":[{"floor":7.0,"key":"Turnip"},{"floor":9.0,"key":"Meat on the Bone"}],"event_choices":[{"damage_healed":0.0,"max_hp_gain":0.0,"max_hp_loss":0.0,"gold_gain":175.0,"event_name":"Liars Game","player_choice":"AGREE","floor":3.0,"gold_loss":0.0,"damage_taken":0.0,"cards_obtained":["Doubt"]},{"damage_healed":0.0,"max_hp_gain":0.0,"max_hp_loss":0.0,"gold_gain":0.0,"event_name":"WeMeetAgain","player_choice":"Gave Potion","floor":10.0,"gold_loss":0.0,"damage_taken":0.0,"relics_obtained":["Thread and Needle"]}],"is_beta":true,"boss_relics":[],"items_purged_floors":[2,14],"is_endless":false,"potions_floor_spawned":[1,4,7],"killed_by":"Hexaghost","ascension_level":1}