{"gold_per_floor":[111,125,151,151,171,201,201,233,285,295,49,76,88,113,113,217,217,230,240,255,255,255],"floor_reached":22,"playtime":2044,"items_purged":["Defend_R"],"score":259,"play_id":"084ded69-9c71-40f7-bee5-cf3d42ca86e7","local_time":"20191009214254","is_ascension_mode":true,"campfire_choices":[{"data":"Bash","floor":7.0,"key":"SMITH"},{"data":"Wild Strike","floor":15.0,"key":"SMITH"}],"neow_cost":"PERCENT_DAMAGE","seed_source_timestamp":2313964254027900,"circlet_count":0,"master_deck":["Strike_R","Strike_R","Strike_R","Bash+1","Second Wind","Blind","Sentinel","Exhume","Wild Strike+1","Berserk","Searing Blow+1","Bludgeon+1","Barricade+1"],"special_seed":0,"relics":["Burning Blood","Centennial Puzzle","Bag of Marbles","Thread and Needle","Smiling Mask","Membership Card","Red Skull","Toxic Egg 2","Astrolabe"],"potions_floor_usage":[],"damage_taken":[{"damage":6.0,"enemies":"Cultist","floor":1.0,"turns":3.0},{"damage":7.0,"enemies":"Jaw Worm","floor":2.0,"turns":3.0},{"damage":0.0,"enemies":"Small Slimes","floor":5.0,"turns":3.0},{"damage":41.0,"enemies":"3 Sentries","floor":6.0,"turns":11.0},{"damage":4.0,"enemies":"Gremlin Nob","floor":8.0,"turns":4.0},{"damage":3.0,"enemies":"3 Louse","floor":10.0,"turns":3.0},{"damage":1.0,"enemies":"Lagavulin","floor":12.0,"turns":3.0},{"damage":2.0,"enemies":"2 Fungi Beasts","floor":13.0,"turns":2.0},{"damage":8.0,"enemies":"3 Sentries","floor":14.0,"turns":6.0},{"damage":35.0,"enemies":"Hexaghost","floor":16.0,"turns":9.0},{"damage":15.0,"enemies":"2 Thieves","floor":18.0,"turns":3.0},{"damage":12.0,"enemies":"Spheric Guardian","floor":19.0,"turns":3.0},{"damage":35.0,"enemies":"Centurion and Healer","floor":20.0,"turns":5.0},{"damage":22,"enemies":"Sentry and Sphere","floor":22,"turns":3}],"seed_played":"-5822500017449416084","potions_obtained":[{"floor":2.0,"key":"Block Potion"},{"floor":5.0,"key":"Ancient Potion"},{"floor":10.0,"key":"AttackPotion"},{"floor":13.0,"key":"Swift Potion"},{"floor":14.0,"key":"Poison Potion"},{"floor":18.0,"key":"SneckoOil"},{"floor":20.0,"key":"PowerPotion"}],"is_trial":false,"path_per_floor":["M","M","T","?","M","E","R","E","T","M","$","E","M","E","R","B",null,"M","M","M","?","M"],"character_chosen":"IRONCLAD","items_purchased":["Membership Card"],"campfire_rested":0,"item_purchase_floors":[11],"current_hp_per_floor":[56,55,55,55,61,26,26,28,28,31,31,36,40,38,38,9,80,71,65,36,21,0],"gold":255,"neow_bonus":"REMOVE_TWO","is_prod":false,"is_daily":false,"chose_seed":false,"campfire_upgraded":2,"win_rate":0,"timestamp":1570628574,"path_taken":["M","M","?","?","M","E","R","E","T","?","$","E","M","E","R","BOSS","M","M","?","?","M"],"build_version":"2019-07-17","purchased_purges":1,"victory":false,"max_hp_per_floor":[80,80,80,80,80,80,80,80,80,80,80,80,80,80,80,80,80,80,80,80,85,85],"card_choices":[{"not_picked":["Clash","Sentinel"],"picked":"Second Wind","floor":1.0},{"not_picked":["Pummel","Sword Boomerang","Rupture"],"picked":"SKIP","floor":2.0},{"not_picked":["Havoc","Headbutt","Clothesline"],"picked":"SKIP","floor":5.0},{"not_picked":["Exhume","Evolve"],"picked":"Sentinel","floor":6.0},{"not_picked":["Heavy Blade","Disarm"],"picked":"Exhume","floor":8.0},{"not_picked":["Clash","Heavy Blade","Body Slam"],"picked":"SKIP","floor":10.0},{"not_picked":["Havoc","Rage"],"picked":"Wild Strike","floor":12.0},{"not_picked":["Havoc","Ghostly Armor","Flex"],"picked":"SKIP","floor":13.0},{"not_picked":["Shockwave","Anger","Flex"],"picked":"SKIP","floor":14.0},{"not_picked":["Reaper","Bludgeon"],"picked":"Berserk","floor":16.0},{"not_picked":["Shrug It Off+1","Clash","Carnage+1"],"picked":"SKIP","floor":18.0},{"not_picked":["Clothesline+1","Shrug It Off+1","Body Slam"],"picked":"SKIP","floor":19.0},{"not_picked":["Pommel Strike+1","Dual Wield+1","Dropkick+1"],"picked":"SKIP","floor":20.0}],"player_experience":132161,"relics_obtained":[{"floor":3.0,"key":"Centennial Puzzle"},{"floor":6.0,"key":"Bag of Marbles"},{"floor":8.0,"key":"Thread and Needle"},{"floor":9.0,"key":"Smiling Mask"},{"floor":12.0,"key":"Red Skull"},{"floor":14.0,"key":"Toxic Egg 2"}],"event_choices":[{"damage_healed":0.0,"max_hp_gain":0.0,"max_hp_loss":0.0,"gold_gain":0.0,"event_name":"Match and Keep!","player_choice":"1 cards matched","floor":4.0,"gold_loss":0.0,"damage_taken":0.0,"cards_obtained":["Blind"]},{"damage_healed":0,"gold_gain":0,"player_choice":"Shed Blood","damage_taken":20,"max_hp_gain":5,"max_hp_loss":0,"event_name":"Forgotten Altar","floor":21,"gold_loss":0}],"is_beta":false,"boss_relics":[{"not_picked":["Busted Crown","Sozu"],"picked":"Astrolabe"}],"items_purged_floors":[11],"is_endless":false,"potions_floor_spawned":[2,5,10,13,14,18,20],"killed_by":"Sentry and Sphere","ascension_level":4}