{"gold_per_floor":[116,131,131,155,169,199,211,223,235,247,274,304,331,377,389,500,512,541,652,265,279,279,305,305,338,415,415,415],"floor_reached":28,"playtime":1450,"items_purged":["Defend_R"],"score":319,"play_id":"e1d2e23c-da5f-451d-a279-dd6364a10afe","local_time":"20191010101309","is_ascension_mode":true,"campfire_choices":[{"data":"Hemokinesis","floor":8,"key":"SMITH"},{"data":"Metallicize","floor":15,"key":"SMITH"},{"floor":24,"key":"REST"},{"data":"Feed","floor":27,"key":"SMITH"}],"neow_cost":"PERCENT_DAMAGE","seed_source_timestamp":2359601294866200,"circlet_count":0,"master_deck":["Strike_R","Strike_R","Strike_R","Strike_R","Strike_R","Defend_R+1","Defend_R+1","Bash","Reaper","Headbutt","Hemokinesis+1","Feed+1","Metallicize+1","Demon Form","Hemokinesis","Pain","Seeing Red","Limit Break"],"relics":["Burning Blood","Bird Faced Urn","Red Skull","MawBank","Pantograph","Turnip","Runic Dome","Matryoshka","WarpedTongs","War Paint","Happy Flower","Bag of Marbles","Molten Egg 2"],"potions_floor_usage":[6,14,16,23,25],"damage_taken":[{"damage":6,"enemies":"Cultist","floor":1,"turns":3},{"damage":7,"enemies":"Jaw Worm","floor":2,"turns":3},{"damage":0,"enemies":"2 Louse","floor":5,"turns":2},{"damage":21,"enemies":"Gremlin Nob","floor":6,"turns":4},{"damage":39,"enemies":"Gremlin Gang","floor":11,"turns":4},{"damage":13,"enemies":"Looter","floor":12,"turns":2},{"damage":8,"enemies":"Exordium Thugs","floor":13,"turns":3},{"damage":32,"enemies":"3 Sentries","floor":14,"turns":6},{"damage":42,"enemies":"Hexaghost","floor":16,"turns":9},{"damage":29,"enemies":"Shell Parasite","floor":18,"turns":4},{"damage":12,"enemies":"Chosen","floor":21,"turns":4},{"damage":78,"enemies":"Slavers","floor":23,"turns":5},{"damage":32,"enemies":"Book of Stabbing","floor":25,"turns":3},{"damage":22,"enemies":"Shelled Parasite and Fungi","floor":28,"turns":2}],"seed_played":"2013754224509381062","potions_obtained":[{"floor":1,"key":"SteroidPotion"},{"floor":6,"key":"SkillPotion"},{"floor":11,"key":"LiquidBronze"},{"floor":13,"key":"EssenceOfSteel"},{"floor":21,"key":"Fire Potion"},{"floor":25,"key":"FearPotion"}],"is_trial":false,"path_per_floor":["M","M","T","T","M","E","$","R","T","?","M","M","M","E","R","B",null,"M","?","$","M","?","E","R","E","T","R","M"],"character_chosen":"IRONCLAD","items_purchased":["Hemokinesis","Matryoshka"],"campfire_rested":1,"item_purchase_floors":[20,20],"current_hp_per_floor":[56,55,55,55,67,52,52,52,52,52,38,34,49,37,37,32,89,84,84,84,84,84,16,43,19,19,19,0],"gold":415,"neow_bonus":"THREE_RARE_CARDS","is_prod":false,"is_daily":false,"chose_seed":false,"campfire_upgraded":3,"win_rate":0,"timestamp":1570673589,"path_taken":["M","M","?","?","M","E","?","R","T","?","M","?","M","E","R","BOSS","M","?","?","M","?","E","R","E","T","R","M"],"build_version":"2019-07-17","purchased_purges":1,"victory":false,"max_hp_per_floor":[80,80,80,80,80,80,80,80,80,80,83,86,89,89,89,89,89,92,92,92,92,92,92,92,92,92,92,92],"card_choices":[{"not_picked":["Limit Break","Immolate"],"picked":"Reaper","floor":0},{"not_picked":["Infernal Blade","Searing Blow"],"picked":"Headbutt","floor":1},{"not_picked":["Anger","Wild Strike","Clash"],"picked":"SKIP","floor":2},{"not_picked":["Sever Soul","Anger","Carnage"],"picked":"SKIP","floor":5},{"not_picked":["Warcry","Pummel"],"picked":"Hemokinesis","floor":6},{"not_picked":["True Grit","Iron Wave","Anger"],"picked":"SKIP","floor":11},{"not_picked":["Combust","Havoc","Sword Boomerang"],"picked":"SKIP","floor":12},{"not_picked":["Wild Strike","Blood for Blood"],"picked":"Metallicize","floor":13},{"not_picked":["Body Slam","Headbutt","Clash"],"picked":"SKIP","floor":14},{"not_picked":["Fiend Fire","Brutality"],"picked":"Demon Form","floor":16},{"not_picked":["Armaments+1","Warcry","Havoc"],"picked":"SKIP","floor":18},{"not_picked":["Uppercut","Whirlwind","Fire Breathing+1"],"picked":"SKIP","floor":21},{"not_picked":["Thunderclap","Twin Strike"],"picked":"Seeing Red","floor":23},{"not_picked":["Warcry","Sever Soul"],"picked":"Limit Break","floor":25}],"player_experience":151241,"relics_obtained":[{"floor":3,"key":"Bird Faced Urn"},{"floor":4,"key":"Red Skull"},{"floor":6,"key":"MawBank"},{"floor":9,"key":"Pantograph"},{"floor":14,"key":"Turnip"},{"floor":23,"key":"War Paint"},{"floor":25,"key":"Happy Flower"},{"floor":26,"key":"Bag of Marbles"},{"floor":26,"key":"Molten Egg 2"}],"event_choices":[{"damage_healed":0,"gold_gain":0,"cards_transformed":["Defend_R"],"player_choice":"Transformed","damage_taken":0,"max_hp_gain":0,"max_hp_loss":0,"event_name":"Transmorgrifier","floor":10,"gold_loss":0,"cards_obtained":["Feed"]},{"damage_healed":0,"gold_gain":99,"player_choice":"Stole From Cult","damage_taken":0,"max_hp_gain":0,"max_hp_loss":0,"event_name":"Nest","floor":19,"gold_loss":0},{"damage_healed":0,"gold_gain":0,"player_choice":"Rummage","damage_taken":0,"relics_obtained":["WarpedTongs"],"max_hp_gain":0,"max_hp_loss":0,"event_name":"Accursed Blacksmith","floor":22,"gold_loss":0,"cards_obtained":["Pain"]}],"is_beta":false,"boss_relics":[{"not_picked":["Fusion Hammer","Empty Cage"],"picked":"Runic Dome"}],"items_purged_floors":[20],"is_endless":false,"potions_floor_spawned":[1,6,11,13,21,25],"killed_by":"Shelled Parasite and Fungi","ascension_level":4}