{"gold_per_floor":[111,111,125,142,142,142,173,173,249,270,290,131,150,50,50,50],"floor_reached":16,"playtime":514,"items_purged":["Strike_R","Strike_R"],"score":107,"play_id":"605b306d-5fd0-4cb5-bd7b-160af98ca6e8","local_time":"20191002160904","is_ascension_mode":true,"campfire_choices":[{"data":"Bash","floor":6.0,"key":"SMITH"},{"data":"Deep Breath","floor":15.0,"key":"SMITH"}],"neow_cost":"NONE","seed_source_timestamp":1561417059289500,"circlet_count":0,"master_deck":["Strike_R","Strike_R+1","Strike_R+1","Defend_R","Defend_R","Defend_R","Defend_R","Bash+1","Armaments+1","Whirlwind","Deep Breath+1"],"special_seed":0,"relics":["Burning Blood","NeowsBlessing","Whetstone","Golden Idol","Question Card"],"potions_floor_usage":[16,16],"damage_taken":[{"damage":0.0,"enemies":"Small Slimes","floor":1.0,"turns":1.0},{"damage":0.0,"enemies":"Cultist","floor":3.0,"turns":1.0},{"damage":0.0,"enemies":"2 Louse","floor":4.0,"turns":1.0},{"damage":18.0,"enemies":"Lagavulin","floor":7.0,"turns":5.0},{"damage":13.0,"enemies":"Exordium Thugs","floor":10.0,"turns":4.0},{"damage":5.0,"enemies":"Looter","floor":11.0,"turns":3.0},{"damage":16.0,"enemies":"Blue Slaver","floor":13.0,"turns":4.0},{"damage":39,"enemies":"Hexaghost","floor":16,"turns":12}],"seed_played":"7363243653608663794","potions_obtained":[{"floor":4.0,"key":"PowerPotion"},{"floor":7.0,"key":"Block Potion"},{"floor":10.0,"key":"Dexterity Potion"}],"is_trial":false,"path_per_floor":["M","?","M","M","?","R","E","?","T","M","M","$","M","$","R","B"],"character_chosen":"IRONCLAD","items_purchased":["Deep Breath"],"campfire_rested":0,"item_purchase_floors":[12],"current_hp_per_floor":[80,80,80,80,85,85,73,52,52,45,46,46,36,36,36,0],"gold":50,"neow_bonus":"THREE_ENEMY_KILL","is_prod":false,"is_daily":false,"chose_seed":false,"campfire_upgraded":2,"win_rate":0,"timestamp":1570025344,"path_taken":["M","?","M","?","?","R","E","?","T","M","M","$","M","$","R","BOSS"],"build_version":"2019-10-01","purchased_purges":2,"victory":false,"max_hp_per_floor":[80,80,80,80,85,85,85,85,85,85,85,85,85,85,85,85],"card_choices":[{"not_picked":["Perfected Strike","Warcry"],"picked":"Armaments","floor":1.0},{"not_picked":["Sword Boomerang","Clothesline","Anger"],"picked":"SKIP","floor":3.0},{"not_picked":["Anger","Thunderclap","Blood for Blood"],"picked":"SKIP","floor":4.0},{"not_picked":["Clash","Disarm"],"picked":"Whirlwind","floor":7.0},{"not_picked":["Shrug It Off","Twin Strike","Flex","Rupture"],"picked":"SKIP","floor":10.0},{"not_picked":["Corruption","Rupture","Clothesline","Blood for Blood"],"picked":"SKIP","floor":11.0},{"not_picked":["Perfected Strike","Metallicize","Flame Barrier","Sword Boomerang"],"picked":"SKIP","floor":13.0}],"player_experience":332393,"relics_obtained":[{"floor":7.0,"key":"Whetstone"},{"floor":9.0,"key":"Question Card"}],"event_choices":[{"damage_healed":0.0,"max_hp_gain":0.0,"max_hp_loss":0.0,"gold_gain":0.0,"event_name":"Upgrade Shrine","player_choice":"Upgraded","floor":2.0,"gold_loss":0.0,"damage_taken":0.0,"cards_upgraded":["Armaments"]},{"damage_healed":0.0,"max_hp_gain":5.0,"max_hp_loss":0.0,"gold_gain":0.0,"event_name":"Big Fish","player_choice":"Donut","floor":5.0,"gold_loss":0.0,"damage_taken":0.0},{"damage_healed":0.0,"max_hp_gain":0.0,"max_hp_loss":0.0,"gold_gain":0.0,"event_name":"Golden Idol","player_choice":"Take Damage","floor":8.0,"gold_loss":0.0,"damage_taken":21.0,"relics_obtained":["Golden Idol"]}],"is_beta":true,"boss_relics":[],"items_purged_floors":[12,14],"is_endless":false,"potions_floor_spawned":[4,7,10],"killed_by":"Hexaghost","ascension_level":1}