{"gold_per_floor":[112,129,129,129,147,178,178,206,255,36,50,70,103,159,159,260,260,277,81,112,131,131,165,165,180,180,210,54,70,96,96,96,192,192,202,220,52,52,63,63,91,91,165,21,38,73,85,117,117,117,117,117,43,73,73],"floor_reached":56,"playtime":2924,"items_purged":["Disarm"],"score":1772,"play_id":"934249ac-625b-4be0-827b-605deb997421","local_time":"20191010123742","is_ascension_mode":true,"campfire_choices":[{"data":"Inflame","floor":7.0,"key":"SMITH"},{"data":"Pummel","floor":15.0,"key":"SMITH"},{"floor":24.0,"key":"REST"},{"floor":32.0,"key":"RECALL"},{"floor":40.0,"key":"REST"},{"floor":42.0,"key":"REST"},{"floor":49.0,"key":"REST"},{"floor":52.0,"key":"REST"}],"neow_cost":"NONE","seed_source_timestamp":452191980300,"circlet_count":0,"master_deck":["Strike_R","Strike_R+1","Strike_R","Strike_R","Defend_R","Defend_R","Defend_R","Defend_R","Bash","Inflame+1","Battle Trance","Rupture","Flex","Bloodletting","Shrug It Off","Uppercut+1","Heavy Blade","Pummel+1","Offering","Bloodletting+1","Feel No Pain","Sentinel","Second Wind","Whirlwind","J.A.X.+1","Double Tap+1","Warcry+1","Armaments+1","Pummel","Sword Boomerang+1","Brutality","Reaper","Blood for Blood","Violence","Pummel+1","Warcry","Exhume","Heavy Blade+1","Body Slam+1","Rupture+1","Warcry+1"],"special_seed":0,"relics":["Burning Blood","Eternal Feather","Toy Ornithopter","Pen Nib","Dream Catcher","Brimstone","HornCleat","Whetstone","Fusion Hammer","Red Mask","Akabeko","Meat on the Bone","Shuriken","Anchor","Kunai","SlaversCollar","Pear","OrangePellets","War Paint","Omamori","StoneCalendar"],"potions_floor_usage":[55,55],"damage_taken":[{"damage":4.0,"enemies":"Jaw Worm","floor":1.0,"turns":4.0},{"damage":6.0,"enemies":"Cultist","floor":2.0,"turns":4.0},{"damage":6.0,"enemies":"2 Louse","floor":5.0,"turns":2.0},{"damage":35.0,"enemies":"Gremlin Nob","floor":6.0,"turns":5.0},{"damage":36.0,"enemies":"Lagavulin","floor":8.0,"turns":6.0},{"damage":2.0,"enemies":"Exordium Wildlife","floor":11.0,"turns":2.0},{"damage":6.0,"enemies":"Looter","floor":12.0,"turns":3.0},{"damage":10.0,"enemies":"Gremlin Nob","floor":13.0,"turns":3.0},{"damage":0.0,"enemies":"Gremlin Nob","floor":14.0,"turns":3.0},{"damage":36.0,"enemies":"The Guardian","floor":16.0,"turns":5.0},{"damage":15.0,"enemies":"2 Thieves","floor":18.0,"turns":3.0},{"damage":6.0,"enemies":"Masked Bandits","floor":20.0,"turns":3.0},{"damage":11.0,"enemies":"Shell Parasite","floor":21.0,"turns":2.0},{"damage":31.0,"enemies":"Slavers","floor":23.0,"turns":3.0},{"damage":0.0,"enemies":"Snecko","floor":25.0,"turns":3.0},{"damage":5.0,"enemies":"Book of Stabbing","floor":27.0,"turns":3.0},{"damage":0.0,"enemies":"Sentry and Sphere","floor":29.0,"turns":2.0},{"damage":12.0,"enemies":"Gremlin Leader","floor":30.0,"turns":3.0},{"damage":24.0,"enemies":"Champ","floor":33.0,"turns":4.0},{"damage":5.0,"enemies":"Orb Walker","floor":35.0,"turns":2.0},{"damage":7.0,"enemies":"3 Shapes","floor":36.0,"turns":2.0},{"damage":20.0,"enemies":"Writhing Mass","floor":39.0,"turns":3.0},{"damage":15.0,"enemies":"Giant Head","floor":41.0,"turns":5.0},{"damage":3.0,"enemies":"Jaw Worm Horde","floor":45.0,"turns":1.0},{"damage":16.0,"enemies":"Nemesis","floor":46.0,"turns":3.0},{"damage":6.0,"enemies":"Spire Growth","floor":47.0,"turns":2.0},{"damage":9.0,"enemies":"Giant Head","floor":48.0,"turns":3.0},{"damage":98.0,"enemies":"Awakened One","floor":50.0,"turns":7.0},{"damage":12.0,"enemies":"Shield and Spear","floor":54.0,"turns":3.0},{"damage":87,"enemies":"The Heart","floor":55,"turns":4}],"seed_played":"8361396962413943785","potions_obtained":[{"floor":1.0,"key":"ElixirPotion"},{"floor":5.0,"key":"Block Potion"},{"floor":8.0,"key":"Dexterity Potion"},{"floor":11.0,"key":"Ancient Potion"},{"floor":13.0,"key":"Strength Potion"},{"floor":21.0,"key":"Ancient Potion"},{"floor":27.0,"key":"Weak Potion"},{"floor":29.0,"key":"SkillPotion"},{"floor":35.0,"key":"LiquidBronze"},{"floor":47.0,"key":"SteroidPotion"}],"is_trial":false,"path_per_floor":["M","M","?","?","M","E","R","E","T","$","M","M","E","?","R","B",null,"M","$","?","M","?","E","R","M","T","E","$","M","E","?","R","B",null,"M","M","$","?","M","R","E","R","T","$","M","E","M","E","R","B",null,"R","$","E","B",null],"character_chosen":"IRONCLAD","items_purchased":["Brimstone","Bloodletting","Feel No Pain","Sentinel","Anchor","Violence","OrangePellets","DuplicationPotion"],"campfire_rested":5,"item_purchase_floors":[10,10,19,19,28,37,44,53],"current_hp_per_floor":[82,82,75,72,72,43,49,19,19,19,23,23,24,35,44,14,70,61,61,61,56,56,31,72,78,78,79,79,85,84,84,88,70,84,85,84,84,84,85,88,98,98,98,98,98,88,88,85,98,53,87,98,98,92,58],"gold":73,"neow_bonus":"TEN_PERCENT_HP_BONUS","is_prod":false,"is_daily":false,"chose_seed":false,"campfire_upgraded":2,"win_rate":0,"timestamp":1570703862,"path_taken":["M","M","?","?","M","E","R","E","T","?","M","?","E","?","R","BOSS","M","$","?","M","?","E","R","M","T","E","?","M","E","?","R","BOSS","M","M","$","?","?","R","E","R","T","$","M","E","M","E","R","BOSS","R","$","E","BOSS"],"build_version":"2019-10-09","purchased_purges":1,"victory":true,"max_hp_per_floor":[88,88,88,88,88,88,88,88,88,88,88,88,88,88,88,88,88,88,88,88,88,88,88,88,88,88,88,88,88,88,88,88,88,88,88,88,88,88,88,88,98,98,98,98,98,98,98,98,98,98,98,98,98,98,98],"card_choices":[{"not_picked":["True Grit","Rampage"],"picked":"Inflame","floor":1.0},{"not_picked":["Flex","Clash"],"picked":"Battle Trance","floor":2.0},{"not_picked":["True Grit","Sentinel"],"picked":"Disarm","floor":5.0},{"not_picked":["Warcry","Armaments"],"picked":"Rupture","floor":6.0},{"not_picked":["Armaments","Rampage"],"picked":"Flex","floor":8.0},{"not_picked":["Body Slam","Warcry"],"picked":"Shrug It Off","floor":11.0},{"not_picked":["Body Slam","Pommel Strike"],"picked":"Uppercut","floor":12.0},{"not_picked":["Burning Pact","Metallicize"],"picked":"Heavy Blade","floor":13.0},{"not_picked":["Armaments","Clash"],"picked":"Pummel","floor":14.0},{"not_picked":["Feed","Juggernaut"],"picked":"Offering","floor":16.0},{"not_picked":["Flex","Seeing Red"],"picked":"Bloodletting+1","floor":18.0},{"not_picked":["Warcry","Cleave"],"picked":"Second Wind","floor":20.0},{"not_picked":["Carnage","Rampage+1"],"picked":"Whirlwind","floor":21.0},{"not_picked":["Dropkick+1","Flex"],"picked":"Double Tap","floor":23.0},{"not_picked":["Flex","Clothesline"],"picked":"Warcry+1","floor":24.0},{"not_picked":["True Grit","Perfected Strike"],"picked":"Armaments+1","floor":25.0},{"not_picked":["Cleave","Headbutt"],"picked":"Pummel","floor":27.0},{"not_picked":["Clothesline","Iron Wave"],"picked":"Sword Boomerang+1","floor":29.0},{"not_picked":["Disarm","Thunderclap","Evolve"],"picked":"SKIP","floor":30.0},{"not_picked":["Fiend Fire","Barricade"],"picked":"Reaper","floor":33.0},{"not_picked":["Havoc+1","Heavy Blade","Shrug It Off+1"],"picked":"SKIP","floor":35.0},{"not_picked":["Dropkick+1","Fire Breathing"],"picked":"Blood for Blood","floor":36.0},{"not_picked":["Pommel Strike+1","Flame Barrier+1","Rupture"],"picked":"SKIP","floor":39.0},{"not_picked":["Clash+1","Entrench"],"picked":"Warcry","floor":40.0},{"not_picked":["Clothesline+1","Pommel Strike","Twin Strike"],"picked":"SKIP","floor":41.0},{"not_picked":["Twin Strike+1","Whirlwind+1"],"picked":"Exhume","floor":42.0},{"not_picked":["Headbutt","Clothesline+1"],"picked":"Heavy Blade+1","floor":45.0},{"not_picked":["Barricade","Headbutt"],"picked":"Body Slam+1","floor":46.0},{"not_picked":["Clothesline","Twin Strike","Clash+1"],"picked":"SKIP","floor":47.0},{"not_picked":["Corruption","Entrench+1","Sever Soul+1"],"picked":"SKIP","floor":48.0},{"not_picked":["Inflame+1","Flex+1"],"picked":"Rupture+1","floor":49.0},{"not_picked":["Barricade","Burning Pact+1"],"picked":"Warcry+1","floor":54.0}],"player_experience":340190,"relics_obtained":[{"floor":6.0,"key":"Toy Ornithopter"},{"floor":8.0,"key":"Pen Nib"},{"floor":9.0,"key":"Dream Catcher"},{"floor":13.0,"key":"HornCleat"},{"floor":14.0,"key":"Whetstone"},{"floor":20.0,"key":"Red Mask"},{"floor":23.0,"key":"Akabeko"},{"floor":26.0,"key":"Meat on the Bone"},{"floor":27.0,"key":"Shuriken"},{"floor":30.0,"key":"Kunai"},{"floor":41.0,"key":"Pear"},{"floor":46.0,"key":"War Paint"},{"floor":48.0,"key":"Omamori"},{"floor":54.0,"key":"StoneCalendar"}],"event_choices":[{"cards_removed":["Strike_R"],"damage_healed":0.0,"max_hp_gain":0.0,"max_hp_loss":0.0,"gold_gain":0.0,"event_name":"Golden Wing","player_choice":"Card Removal","floor":3.0,"gold_loss":0.0,"damage_taken":7.0},{"damage_healed":0.0,"max_hp_gain":0.0,"max_hp_loss":0.0,"gold_gain":0.0,"event_name":"Scrap Ooze","player_choice":"Success","floor":4.0,"gold_loss":0.0,"damage_taken":3.0,"relics_obtained":["Eternal Feather"]},{"damage_healed":0.0,"max_hp_gain":0.0,"max_hp_loss":0.0,"gold_gain":30.0,"event_name":"Dead Adventurer","player_choice":"Searched \u00273\u0027 times","floor":14.0,"gold_loss":0.0,"damage_taken":0.0},{"damage_healed":0.0,"max_hp_gain":0.0,"max_hp_loss":0.0,"gold_gain":0.0,"event_name":"Masked Bandits","player_choice":"Fought Bandits","floor":20.0,"gold_loss":0.0,"damage_taken":0.0},{"damage_healed":0.0,"max_hp_gain":0.0,"max_hp_loss":0.0,"gold_gain":0.0,"event_name":"Drug Dealer","player_choice":"Obtain J.A.X.","floor":22.0,"gold_loss":0.0,"damage_taken":0.0,"cards_obtained":["J.A.X."]},{"damage_healed":0.0,"max_hp_gain":0.0,"max_hp_loss":0.0,"gold_gain":0.0,"event_name":"The Library","player_choice":"Read","floor":31.0,"gold_loss":0.0,"damage_taken":0.0,"cards_obtained":["Brutality"]},{"damage_healed":0.0,"max_hp_gain":0.0,"max_hp_loss":0.0,"gold_gain":0.0,"event_name":"Duplicator","player_choice":"Copied","floor":38.0,"gold_loss":0.0,"damage_taken":0.0,"cards_obtained":["Pummel"]}],"is_beta":true,"boss_relics":[{"not_picked":["Ectoplasm","Velvet Choker"],"picked":"Fusion Hammer"},{"not_picked":["Runic Pyramid","Coffee Dripper"],"picked":"SlaversCollar"}],"items_purged_floors":[19],"is_endless":false,"potions_floor_spawned":[1,5,8,11,13,21,27,29,35,39,41,45,47],"ascension_level":6}