{"gold_per_floor":[118,118,130,55,75,109,109,134,134,34,52,52,78,93,93,190,190,209,84,84,84,84,84],"floor_reached":23,"playtime":2250,"items_purged":["Defend_R","Strike_R","Defend_R"],"score":259,"play_id":"75f55851-32dd-4a8b-9f5a-fb6603630347","local_time":"20191011075054","is_ascension_mode":true,"campfire_choices":[{"data":"Hemokinesis","floor":7,"key":"SMITH"},{"data":"Bash","floor":12,"key":"SMITH"},{"data":"Perfected Strike","floor":15,"key":"SMITH"}],"neow_cost":"TEN_PERCENT_HP_LOSS","seed_source_timestamp":2436665120336300,"circlet_count":0,"master_deck":["Strike_R","Strike_R","Strike_R","Bash+1","Battle Trance","Shrug It Off","Hemokinesis+1","Perfected Strike+1","Brutality","Feed","Rupture","Necronomicurse"],"relics":["Burning Blood","WingedGreaves","Meat on the Bone","Bottled Lightning","Dream Catcher","Mark of Pain","Necronomicon"],"potions_floor_usage":[16,16,23],"damage_taken":[{"damage":0,"enemies":"Small Slimes","floor":1,"turns":3},{"damage":6,"enemies":"2 Louse","floor":3,"turns":3},{"damage":7,"enemies":"Jaw Worm","floor":5,"turns":3},{"damage":20,"enemies":"Gremlin Nob","floor":6,"turns":4},{"damage":33,"enemies":"Lagavulin","floor":8,"turns":4},{"damage":13,"enemies":"Looter","floor":11,"turns":2},{"damage":10,"enemies":"Gremlin Nob","floor":13,"turns":3},{"damage":16,"enemies":"Red Slaver","floor":14,"turns":2},{"damage":42,"enemies":"Hexaghost","floor":16,"turns":7},{"damage":25,"enemies":"2 Thieves","floor":18,"turns":3},{"damage":44,"enemies":"Gremlin Leader","floor":23,"turns":4}],"seed_played":"-1357321995555213981","potions_obtained":[{"floor":1,"key":"EssenceOfSteel"},{"floor":13,"key":"Block Potion"},{"floor":16,"key":"SteroidPotion"}],"is_trial":false,"path_per_floor":["M","?","M","$","M","E","R","E","T","$","M","R","E","M","R","B",null,"M","$","?","?","?","E"],"character_chosen":"IRONCLAD","items_purchased":[],"campfire_rested":0,"item_purchase_floors":[],"current_hp_per_floor":[72,72,72,72,71,57,57,30,30,30,35,35,43,45,45,21,59,55,55,55,55,39,0],"gold":84,"neow_bonus":"REMOVE_TWO","is_prod":false,"is_daily":false,"chose_seed":false,"campfire_upgraded":3,"win_rate":0,"timestamp":1570751454,"path_taken":["M","?","M","$","M","E","R","E","T","$","M","R","E","M","R","BOSS","M","$","?","?","?","E"],"build_version":"2019-07-17","purchased_purges":3,"victory":false,"max_hp_per_floor":[72,72,72,72,72,72,72,72,72,72,72,72,72,72,72,72,72,75,75,75,75,75,75],"card_choices":[{"not_picked":["Clash","Twin Strike"],"picked":"Battle Trance","floor":1},{"not_picked":["Cleave","Perfected Strike"],"picked":"Shrug It Off","floor":3},{"not_picked":["Clothesline","Shrug It Off","Battle Trance"],"picked":"SKIP","floor":5},{"not_picked":["Twin Strike","Havoc"],"picked":"Hemokinesis","floor":6},{"not_picked":["Pommel Strike","Body Slam"],"picked":"Perfected Strike","floor":8},{"not_picked":["Rampage","Inflame","Sword Boomerang"],"picked":"SKIP","floor":11},{"not_picked":["Wild Strike","Clothesline","Body Slam"],"picked":"SKIP","floor":13},{"not_picked":["Heavy Blade","Wild Strike"],"picked":"Brutality","floor":14},{"not_picked":["Juggernaut","Barricade"],"picked":"Feed","floor":16},{"not_picked":["Flex","Burning Pact"],"picked":"Rupture","floor":18}],"player_experience":161185,"relics_obtained":[{"floor":6,"key":"WingedGreaves"},{"floor":8,"key":"Meat on the Bone"},{"floor":9,"key":"Bottled Lightning"},{"floor":13,"key":"Dream Catcher"},{"floor":22,"key":"Necronomicon"}],"event_choices":[{"damage_healed":0,"gold_gain":0,"player_choice":"Ignored","damage_taken":0,"max_hp_gain":0,"max_hp_loss":0,"event_name":"Liars Game","floor":2,"gold_loss":0},{"cards_removed":["Strike_R"],"damage_healed":0,"gold_gain":0,"player_choice":"Elegance","damage_taken":0,"max_hp_gain":0,"max_hp_loss":0,"event_name":"Back to Basics","floor":21,"gold_loss":0},{"damage_healed":0,"gold_gain":0,"player_choice":"Obtained Book","damage_taken":16,"max_hp_gain":0,"max_hp_loss":0,"event_name":"Cursed Tome","floor":22,"gold_loss":0}],"is_beta":false,"boss_relics":[{"not_picked":["Eternal Feather","Tiny House"],"picked":"Mark of Pain"}],"items_purged_floors":[4,10,19],"is_endless":false,"potions_floor_spawned":[1,13,16],"killed_by":"Gremlin Leader","ascension_level":5}