{"gold_per_floor":[109,109,134,146,158,191,270,301,301,23,34,58,8,42,42,141,141,151,168,168,188,113,139,139,154,177,211,211,245,245,263,263,358,358,373,400,415,426,441,471,489,518,518,536,551,580,580,0,0,0],"floor_reached":51,"playtime":4136,"items_purged":[],"score":1114,"play_id":"f98003bb-3f04-413e-b2cf-0e5d2cd85823","local_time":"20190929163706","is_ascension_mode":true,"campfire_choices":[{"data":"Wish","floor":15.0,"key":"SMITH"},{"floor":28.0,"key":"REST"},{"data":"Omniscience","floor":30.0,"key":"SMITH"},{"data":"Devotion","floor":32.0,"key":"SMITH"},{"data":"SandsOfTime","floor":47.0,"key":"SMITH"},{"data":"DevaForm","floor":49.0,"key":"SMITH"}],"neow_cost":"NONE","seed_source_timestamp":1299454954072000,"circlet_count":0,"master_deck":["Strike_P","Strike_P","Strike_P","Defend_P","Defend_P","Defend_P","Defend_P","Eruption+1","Vigilance","MasterReality","Crescendo","Wish+1","SandsOfTime+1","Pray","The Bomb","Bandage Up","BattleHymn","Protect","FlyingSleeves","WaveOfTheHand","Establishment","Protect","Omniscience+1","Wallop","ClearTheMind+1","WreathOfFlame+1","WindmillStrike","Devotion+1","Consecrate","Vault","CrushJoints+1","SpiritShield+1","DevaForm+1"],"special_seed":0,"relics":["SlaversCollar","Vajra","Pear","Pen Nib","Blood Vial","Odd Mushroom","Bronze Scales","Philosopher\u0027s Stone","Orichalcum","Toy Ornithopter","Bottled Lightning","InkBottle","Snecko Eye","Strawberry","Singing Bowl","Yang","Shuriken","Mango","Red Mask"],"potions_floor_usage":[],"damage_taken":[{"damage":2.0,"enemies":"Cultist","floor":1.0,"turns":3.0},{"damage":1.0,"enemies":"Jaw Worm","floor":4.0,"turns":4.0},{"damage":0.0,"enemies":"Small Slimes","floor":5.0,"turns":2.0},{"damage":21.0,"enemies":"Lagavulin","floor":6.0,"turns":25.0},{"damage":19.0,"enemies":"3 Sentries","floor":8.0,"turns":4.0},{"damage":0.0,"enemies":"Blue Slaver","floor":11.0,"turns":3.0},{"damage":7.0,"enemies":"The Mushroom Lair","floor":12.0,"turns":3.0},{"damage":10.0,"enemies":"Lagavulin","floor":14.0,"turns":4.0},{"damage":9.0,"enemies":"Slime Boss","floor":16.0,"turns":4.0},{"damage":37.0,"enemies":"2 Thieves","floor":18.0,"turns":3.0},{"damage":0.0,"enemies":"Spheric Guardian","floor":19.0,"turns":3.0},{"damage":32.0,"enemies":"Centurion and Healer","floor":21.0,"turns":6.0},{"damage":0.0,"enemies":"Gremlin Leader","floor":23.0,"turns":6.0},{"damage":10.0,"enemies":"Snecko","floor":25.0,"turns":3.0},{"damage":27.0,"enemies":"Slavers","floor":27.0,"turns":3.0},{"damage":25.0,"enemies":"Book of Stabbing","floor":29.0,"turns":5.0},{"damage":14.0,"enemies":"Shelled Parasite and Fungi","floor":31.0,"turns":3.0},{"damage":1.0,"enemies":"Champ","floor":33.0,"turns":6.0},{"damage":11.0,"enemies":"Orb Walker","floor":35.0,"turns":3.0},{"damage":18.0,"enemies":"3 Shapes","floor":37.0,"turns":4.0},{"damage":14.0,"enemies":"3 Darklings","floor":38.0,"turns":3.0},{"damage":0.0,"enemies":"Sphere and 2 Shapes","floor":39.0,"turns":4.0},{"damage":25.0,"enemies":"Reptomancer","floor":40.0,"turns":2.0},{"damage":0.0,"enemies":"4 Shapes","floor":41.0,"turns":3.0},{"damage":9.0,"enemies":"Nemesis","floor":42.0,"turns":5.0},{"damage":5.0,"enemies":"Maw","floor":44.0,"turns":6.0},{"damage":0.0,"enemies":"Sphere and 2 Shapes","floor":45.0,"turns":3.0},{"damage":56.0,"enemies":"Reptomancer","floor":46.0,"turns":4.0},{"damage":13,"enemies":"Time Eater","floor":50,"turns":7}],"seed_played":"-3264560153079252929","potions_obtained":[{"floor":1.0,"key":"Explosive Potion"},{"floor":5.0,"key":"SkillPotion"},{"floor":11.0,"key":"SpeedPotion"},{"floor":14.0,"key":"SpeedPotion"},{"floor":21.0,"key":"Explosive Potion"},{"floor":23.0,"key":"BottledMiracle"},{"floor":27.0,"key":"Block Potion"},{"floor":31.0,"key":"Block Potion"},{"floor":35.0,"key":"DuplicationPotion"},{"floor":39.0,"key":"LiquidBronze"},{"floor":41.0,"key":"Block Potion"},{"floor":46.0,"key":"Strength Potion"}],"is_trial":false,"path_per_floor":["M","?","T","M","M","E","?","E","T","$","M","?","$","E","R","B",null,"M","M","?","M","?","E","?","M","T","E","R","E","R","M","R","B",null,"M","T","M","M","M","E","M","E","T","M","M","E","R","?","R","B",null],"character_chosen":"WATCHER","items_purchased":["The Bomb","Bandage Up","FlyingSleeves"],"campfire_rested":1,"item_purchase_floors":[10,10,13],"current_hp_per_floor":[70,70,70,69,69,58,58,39,39,39,41,40,40,36,36,33,82,45,51,51,25,25,31,31,27,27,7,31,17,17,5,5,15,82,75,82,66,54,56,37,41,34,34,37,46,17,17,17,17,6],"gold":0,"neow_bonus":"BOSS_RELIC","is_prod":false,"is_daily":false,"chose_seed":false,"campfire_upgraded":5,"win_rate":0,"timestamp":1569767826,"path_taken":["M","?","?","M","?","E","?","E","T","$","M","?","?","E","R","BOSS","M","M","?","M","?","E","?","M","T","E","R","E","R","M","R","BOSS","M","?","M","M","M","E","M","E","T","M","M","E","R","?","R","BOSS"],"build_version":"2019-09-27","purchased_purges":0,"victory":true,"max_hp_per_floor":[72,72,72,72,72,82,82,82,82,82,82,82,82,82,82,82,82,82,82,82,82,82,82,82,82,82,82,82,82,82,82,82,82,82,82,89,89,89,89,89,91,91,91,93,95,111,111,111,111,111],"card_choices":[{"not_picked":["Wireheading","Protect"],"picked":"MasterReality","floor":1.0},{"not_picked":["Prostrate","EmptyFist"],"picked":"Crescendo","floor":4.0},{"not_picked":["ForeignInfluence","Swivel"],"picked":"Wish","floor":5.0},{"not_picked":["Collect","Halt"],"picked":"SandsOfTime","floor":6.0},{"not_picked":["Protect","ClearTheMind"],"picked":"Pray","floor":8.0},{"not_picked":["MasterReality","BowlingBash"],"picked":"BattleHymn","floor":11.0},{"not_picked":["WheelKick","Halt"],"picked":"Protect","floor":12.0},{"not_picked":["Indignation","Wireheading"],"picked":"WaveOfTheHand","floor":14.0},{"not_picked":["DevaForm","Pray"],"picked":"Establishment","floor":16.0},{"not_picked":["ClearTheMind","ThirdEye"],"picked":"Protect","floor":18.0},{"not_picked":["SashWhip","Crescendo"],"picked":"Omniscience","floor":19.0},{"not_picked":["Crescendo+1","FollowUp"],"picked":"ClearTheMind+1","floor":21.0},{"not_picked":["Crescendo","Consecrate"],"picked":"WreathOfFlame+1","floor":23.0},{"not_picked":["BowlingBash","Halt+1"],"picked":"WindmillStrike","floor":25.0},{"not_picked":["DeusExMachina","FollowUp"],"picked":"Devotion","floor":27.0},{"not_picked":["Wish","Wireheading"],"picked":"Consecrate","floor":29.0},{"not_picked":["BowlingBash","BattleHymn","SashWhip"],"picked":"SKIP","floor":31.0},{"not_picked":["BowlingBash","BattleHymn","SashWhip"],"picked":"SKIP","floor":31.0},{"not_picked":["Wish","Omniscience"],"picked":"Vault","floor":33.0},{"not_picked":["EmptyFist+1","WaveOfTheHand"],"picked":"CrushJoints+1","floor":35.0},{"not_picked":["Scrawl+1","CrushJoints+1","FollowUp+1"],"picked":"SKIP","floor":37.0},{"not_picked":["BowlingBash+1","Wireheading","Halt+1"],"picked":"SKIP","floor":38.0},{"not_picked":["JustLucky","CrushJoints+1","ClearTheMind"],"picked":"SKIP","floor":39.0},{"not_picked":["ConjureBlade","Scrawl+1"],"picked":"SpiritShield+1","floor":40.0},{"not_picked":["Wireheading","MasterReality+1","SashWhip+1"],"picked":"Singing Bowl","floor":41.0},{"not_picked":["ThirdEye","Crescendo"],"picked":"DevaForm","floor":42.0},{"not_picked":["FollowUp","Protect+1","Wallop+1"],"picked":"Singing Bowl","floor":44.0},{"not_picked":["Sanctity+1","FearNoEvil+1","BowlingBash+1"],"picked":"Singing Bowl","floor":45.0},{"not_picked":["Consecrate","Crescendo","ThirdEye"],"picked":"Singing Bowl","floor":46.0}],"player_experience":319215,"relics_obtained":[{"floor":3.0,"key":"Vajra"},{"floor":6.0,"key":"Pear"},{"floor":8.0,"key":"Pen Nib"},{"floor":9.0,"key":"Blood Vial"},{"floor":12.0,"key":"Odd Mushroom"},{"floor":14.0,"key":"Bronze Scales"},{"floor":23.0,"key":"Orichalcum"},{"floor":26.0,"key":"Toy Ornithopter"},{"floor":27.0,"key":"Bottled Lightning"},{"floor":29.0,"key":"InkBottle"},{"floor":36.0,"key":"Strawberry"},{"floor":40.0,"key":"Singing Bowl"},{"floor":42.0,"key":"Yang"},{"floor":43.0,"key":"Shuriken"},{"floor":46.0,"key":"Mango"}],"event_choices":[{"damage_healed":0.0,"max_hp_gain":0.0,"max_hp_loss":0.0,"gold_gain":0.0,"event_name":"Living Wall","player_choice":"Grow","floor":2.0,"gold_loss":0.0,"damage_taken":0.0,"cards_upgraded":["Eruption"]},{"damage_healed":0.0,"max_hp_gain":0.0,"max_hp_loss":0.0,"gold_gain":79.0,"event_name":"Golden Wing","player_choice":"Gained Gold","floor":7.0,"gold_loss":0.0,"damage_taken":0.0},{"damage_healed":0.0,"max_hp_gain":0.0,"max_hp_loss":0.0,"gold_gain":0.0,"event_name":"Mushrooms","player_choice":"Fought Mushrooms","floor":12.0,"gold_loss":0.0,"damage_taken":0.0},{"damage_healed":0.0,"max_hp_gain":0.0,"max_hp_loss":0.0,"gold_gain":0.0,"event_name":"The Library","player_choice":"Read","floor":20.0,"gold_loss":0.0,"damage_taken":0.0,"cards_obtained":["Wallop"]},{"cards_removed":["Strike_P"],"damage_healed":0.0,"max_hp_gain":0.0,"max_hp_loss":0.0,"gold_gain":0.0,"event_name":"Beggar","player_choice":"Gave Gold","floor":22.0,"gold_loss":75.0,"damage_taken":0.0},{"damage_healed":0.0,"max_hp_gain":0.0,"max_hp_loss":0.0,"gold_gain":0.0,"event_name":"N\u0027loth","player_choice":"Ignored","floor":24.0,"gold_loss":0.0,"damage_taken":0.0},{"damage_healed":0.0,"max_hp_gain":0.0,"max_hp_loss":0.0,"gold_gain":0.0,"event_name":"Tomb of Lord Red Mask","player_choice":"Paid","floor":48.0,"gold_loss":580.0,"damage_taken":0.0,"relics_obtained":["Red Mask"]}],"is_beta":true,"boss_relics":[{"not_picked":["Sozu","Calling Bell"],"picked":"Philosopher\u0027s Stone"},{"not_picked":["Astrolabe","Empty Cage"],"picked":"Snecko Eye"}],"items_purged_floors":[],"is_endless":false,"potions_floor_spawned":[1,5,11,14,21,23,27,31,35,39,41,46],"ascension_level":2}