{"gold_per_floor":[117,117,117,129,129,155,155,180,225,225,175,190,201,230,230,328,328,345,359,269,279,279],"floor_reached":22,"playtime":1065,"items_purged":["Defend_R"],"score":275,"play_id":"46b42f71-017a-4acf-87c3-869905910b80","local_time":"20191010070811","is_ascension_mode":true,"campfire_choices":[{"data":"Armaments","floor":7,"key":"SMITH"},{"data":"Twin Strike","floor":10,"key":"SMITH"},{"data":"Sword Boomerang","floor":15,"key":"SMITH"}],"neow_cost":"NONE","seed_source_timestamp":2348888338382800,"circlet_count":0,"master_deck":["Strike_R","Strike_R+1","Strike_R","Strike_R","Defend_R","Defend_R+1","Bash+1","Pummel","Armaments+1","Heavy Blade","Twin Strike+1","Impervious","Sword Boomerang+1","Demon Form","Thunderclap+1"],"relics":["Burning Blood","NeowsBlessing","PreservedInsect","Shuriken","Pen Nib","Smiling Mask","Kunai","Black Star"],"potions_floor_usage":[18,21,21,21,21,22],"damage_taken":[{"damage":0,"enemies":"Jaw Worm","floor":1,"turns":1},{"damage":0,"enemies":"2 Louse","floor":4,"turns":1},{"damage":0,"enemies":"Gremlin Nob","floor":6,"turns":1},{"damage":20,"enemies":"3 Sentries","floor":8,"turns":6},{"damage":1,"enemies":"Cultist","floor":12,"turns":3},{"damage":6,"enemies":"Looter","floor":13,"turns":3},{"damage":13,"enemies":"Gremlin Nob","floor":14,"turns":3},{"damage":54,"enemies":"Slime Boss","floor":16,"turns":9},{"damage":25,"enemies":"Spheric Guardian","floor":18,"turns":4},{"damage":50,"enemies":"3 Byrds","floor":19,"turns":5},{"damage":9,"enemies":"Centurion and Healer","floor":21,"turns":4},{"damage":6,"enemies":"Snake Plant","floor":22,"turns":1}],"seed_played":"-497471321224265796","potions_obtained":[{"floor":1,"key":"AttackPotion"},{"floor":12,"key":"Weak Potion"},{"floor":13,"key":"PowerPotion"},{"floor":14,"key":"Regen Potion"},{"floor":16,"key":"EntropicBrew"}],"is_trial":false,"path_per_floor":["M","?","?","M","?","E","R","E","T","R","$","M","M","E","R","B",null,"M","M","?","M","M"],"character_chosen":"IRONCLAD","items_purchased":[],"campfire_rested":0,"item_purchase_floors":[],"current_hp_per_floor":[80,64,64,70,70,76,76,62,62,62,62,67,67,60,60,12,80,65,21,21,18,12],"gold":279,"neow_bonus":"THREE_ENEMY_KILL","is_prod":false,"is_daily":false,"chose_seed":false,"campfire_upgraded":3,"win_rate":0,"timestamp":1570662491,"path_taken":["M","?","?","?","?","E","R","E","T","R","$","M","M","E","R","BOSS","M","?","?","M","?"],"build_version":"2019-07-17","purchased_purges":1,"victory":false,"max_hp_per_floor":[80,80,80,80,80,80,80,80,80,80,80,80,80,80,80,80,80,80,80,80,80,80],"card_choices":[{"not_picked":["Disarm","True Grit"],"picked":"Pummel","floor":1},{"not_picked":["Body Slam","Clash"],"picked":"Armaments","floor":4},{"not_picked":["Uppercut","Flame Barrier"],"picked":"Twin Strike","floor":6},{"not_picked":["Perfected Strike","Anger"],"picked":"Impervious","floor":8},{"not_picked":["Thunderclap","Clothesline","Sever Soul"],"picked":"SKIP","floor":12},{"not_picked":["Wild Strike","Limit Break"],"picked":"Sword Boomerang","floor":13},{"not_picked":["Second Wind","Warcry","Shrug It Off"],"picked":"SKIP","floor":14},{"not_picked":["Immolate","Reaper"],"picked":"Demon Form","floor":16},{"not_picked":["Rampage","Anger","Pommel Strike+1"],"picked":"SKIP","floor":18},{"not_picked":["Shrug It Off","Flex"],"picked":"Thunderclap+1","floor":19},{"not_picked":["Reckless Charge","Body Slam","Dual Wield"],"picked":"SKIP","floor":21}],"player_experience":147599,"relics_obtained":[{"floor":6,"key":"Shuriken"},{"floor":8,"key":"Pen Nib"},{"floor":9,"key":"Smiling Mask"},{"floor":14,"key":"Kunai"}],"event_choices":[{"damage_healed":0,"gold_gain":0,"player_choice":"Entered Light","damage_taken":16,"max_hp_gain":0,"max_hp_loss":0,"event_name":"Shining Light","floor":2,"gold_loss":0,"cards_upgraded":["Defend_R","Strike_R"]},{"damage_healed":0,"gold_gain":0,"player_choice":"Gave Potion","damage_taken":0,"relics_obtained":["PreservedInsect"],"max_hp_gain":0,"max_hp_loss":0,"event_name":"WeMeetAgain","floor":3,"gold_loss":0},{"damage_healed":0,"gold_gain":0,"cards_transformed":["Defend_R"],"player_choice":"Transformed","damage_taken":0,"max_hp_gain":0,"max_hp_loss":0,"event_name":"Transmorgrifier","floor":5,"gold_loss":0,"cards_obtained":["Heavy Blade"]},{"cards_removed":["Strike_R"],"damage_healed":0,"gold_gain":0,"player_choice":"Upgrade and Remove","damage_taken":0,"max_hp_gain":0,"max_hp_loss":0,"event_name":"Designer","floor":20,"gold_loss":90,"cards_upgraded":["Bash"]}],"is_beta":false,"boss_relics":[{"not_picked":["White Beast Statue","Runic Dome"],"picked":"Black Star"}],"items_purged_floors":[11],"is_endless":false,"potions_floor_spawned":[1,12,13,14,16],"killed_by":"Snake Plant","ascension_level":4}