{"gold_per_floor":[118,42,117,136,136,136,171,171,243,243,278,50,76,76,76,172,172,188,203,215,33,33,33,43,53,53,153,153,166,177,177,177,177],"floor_reached":33,"playtime":1278,"items_purged":["Strike_R","Strike_R"],"score":302,"play_id":"5e0229e2-98d1-409d-8eaf-919cb6db548b","local_time":"20191002170306","is_ascension_mode":true,"campfire_choices":[{"data":"Dropkick","floor":6,"key":"SMITH"},{"data":"Defend_R","floor":8,"key":"SMITH"},{"data":"Defend_R","floor":10,"key":"SMITH"},{"data":"Thunderclap","floor":15,"key":"SMITH"},{"floor":23,"key":"REST"},{"floor":32,"key":"REST"}],"neow_cost":"NONE","seed_source_timestamp":1564028293794600,"circlet_count":0,"master_deck":["Strike_R+1","Strike_R+1","Defend_R","Defend_R","Defend_R+1","Defend_R+1","Bash+1","Dropkick+1","Thunderclap+1","Impatience+1"],"special_seed":0,"relics":["Burning Blood","NeowsBlessing","Question Card","Dodecahedron","Letter Opener","Juzu Bracelet","Happy Flower","Fusion Hammer","Frozen Egg 2","The Courier"],"potions_floor_usage":[16,16,24,33],"damage_taken":[{"damage":0.0,"enemies":"2 Louse","floor":1.0,"turns":1.0},{"damage":0,"enemies":"Cultist","floor":4,"turns":1},{"damage":0,"enemies":"Gremlin Nob","floor":7,"turns":1},{"damage":15,"enemies":"Lagavulin","floor":11,"turns":5},{"damage":21,"enemies":"3 Sentries","floor":13,"turns":7},{"damage":50,"enemies":"Slime Boss","floor":16,"turns":11},{"damage":8,"enemies":"Shell Parasite","floor":18,"turns":4},{"damage":20,"enemies":"Spheric Guardian","floor":19,"turns":4},{"damage":18,"enemies":"Chosen and Byrds","floor":20,"turns":5},{"damage":12,"enemies":"Snake Plant","floor":24,"turns":3},{"damage":22,"enemies":"Snecko","floor":25,"turns":4},{"damage":10,"enemies":"Chosen and Byrds","floor":29,"turns":4},{"damage":8,"enemies":"Cultist and Chosen","floor":30,"turns":5},{"damage":83,"enemies":"Champ","floor":33,"turns":11}],"seed_played":"-2320879425295671671","potions_obtained":[{"floor":1.0,"key":"BloodPotion"},{"floor":11,"key":"SkillPotion"},{"floor":16,"key":"SkillPotion"},{"floor":29,"key":"SpeedPotion"},{"floor":30,"key":"LiquidBronze"}],"is_trial":false,"path_per_floor":["M","$","?","M","?","R","E","R","T","R","E","$","E","?","R","B",null,"M","M","M","$","?","R","M","M","T","?","T","M","M","?","R","B"],"character_chosen":"IRONCLAD","items_purchased":["Dropkick","Juzu Bracelet","Impatience"],"campfire_rested":2,"item_purchase_floors":[2,12,21],"current_hp_per_floor":[80,80,72,78,78,78,80,80,80,80,71,71,56,40,40,12,80,78,64,52,52,52,76,70,54,54,54,54,50,48,48,72,0],"gold":177,"neow_bonus":"THREE_ENEMY_KILL","is_prod":false,"is_daily":false,"chose_seed":false,"campfire_upgraded":4,"win_rate":0,"timestamp":1570028586,"path_taken":["M","$","?","?","?","R","E","R","T","R","E","?","E","?","R","BOSS","M","M","M","$","?","R","M","M","T","?","?","M","M","?","R","BOSS"],"build_version":"2019-10-01","purchased_purges":2,"victory":false,"max_hp_per_floor":[80,80,80,80,80,80,80,80,80,80,80,80,80,80,80,80,80,80,80,80,80,80,80,80,80,80,80,80,80,80,80,80,80],"card_choices":[{"not_picked":["Clash","Wild Strike","Power Through"],"picked":"SKIP","floor":1.0},{"not_picked":["Rupture","Fire Breathing","Shrug It Off"],"picked":"SKIP","floor":4},{"not_picked":["Anger","Metallicize","Clothesline"],"picked":"SKIP","floor":7},{"not_picked":["Brutality","Heavy Blade","Iron Wave"],"picked":"Thunderclap","floor":11},{"not_picked":["Sever Soul","Corruption","Anger","Reaper"],"picked":"SKIP","floor":13},{"not_picked":["Armaments","Sentinel+1","Thunderclap","Body Slam"],"picked":"SKIP","floor":18},{"not_picked":["Body Slam+1","Armaments","Immolate","Havoc+1"],"picked":"SKIP","floor":19},{"not_picked":["Whirlwind","Bloodletting","Anger+1","Disarm"],"picked":"SKIP","floor":20},{"not_picked":["Corruption","Uppercut","Whirlwind+1","Havoc"],"picked":"SKIP","floor":24},{"not_picked":["Rage+1","Pommel Strike","True Grit","Searing Blow"],"picked":"SKIP","floor":25},{"not_picked":["Pommel Strike","Armaments","Sword Boomerang","Ghostly Armor"],"picked":"SKIP","floor":29},{"not_picked":["Rage","Hemokinesis+1","Corruption+1","Iron Wave"],"picked":"SKIP","floor":30}],"player_experience":334715,"relics_obtained":[{"floor":7,"key":"Question Card"},{"floor":9,"key":"Dodecahedron"},{"floor":11,"key":"Letter Opener"},{"floor":13,"key":"Happy Flower"},{"floor":26,"key":"Frozen Egg 2"},{"floor":28,"key":"The Courier"}],"event_choices":[{"damage_healed":0,"gold_gain":75,"player_choice":"Touch","damage_taken":8,"max_hp_gain":0,"max_hp_loss":0,"event_name":"FaceTrader","floor":3,"gold_loss":0},{"damage_healed":0,"gold_gain":0,"player_choice":"Forge","damage_taken":0,"max_hp_gain":0,"max_hp_loss":0,"event_name":"Accursed Blacksmith","floor":5,"gold_loss":0,"cards_upgraded":["Bash"]},{"damage_healed":0,"gold_gain":0,"player_choice":"Entered Light","damage_taken":16,"max_hp_gain":0,"max_hp_loss":0,"event_name":"Shining Light","floor":14,"gold_loss":0,"cards_upgraded":["Strike_R","Strike_R"]},{"damage_healed":0,"gold_gain":0,"player_choice":"Upgraded","damage_taken":0,"max_hp_gain":0,"max_hp_loss":0,"event_name":"Upgrade Shrine","floor":22,"gold_loss":0,"cards_upgraded":["Impatience"]},{"damage_healed":0,"gold_gain":100,"player_choice":"Pray","damage_taken":0,"max_hp_gain":0,"max_hp_loss":0,"event_name":"Golden Shrine","floor":27,"gold_loss":0},{"cards_removed":["Strike_R"],"damage_healed":0,"gold_gain":0,"player_choice":"Elegance","damage_taken":0,"max_hp_gain":0,"max_hp_loss":0,"event_name":"Back to Basics","floor":31,"gold_loss":0}],"is_beta":true,"boss_relics":[{"not_picked":["Runic Pyramid","Sozu"],"picked":"Fusion Hammer"}],"items_purged_floors":[12,21],"is_endless":false,"potions_floor_spawned":[1,11,16,29,30],"killed_by":"Champ","ascension_level":1}