{"gold_per_floor":[153,210,252,212,245,332,332,437,437,437,467,467,14,113,113,404,404,434,243,243,294,345,450,489,585,639,720,720,750,750,750,750,1044,1044,1077,1077,1110,516,612,702,702],"floor_reached":41,"playtime":908,"items_purged":["Decay","Shame"],"score":779,"play_id":"71539691-c0d8-475c-8dc3-9e1c5fd7bef0","local_time":"20190919013139","daily_mods":["DeadlyEvents","Binary","Cursed Run","Elite Swarm","Lethality","Midas","Night Terrors","Terminal","Uncertain Future","Binary"],"is_ascension_mode":false,"campfire_choices":[{"floor":7.0,"key":"REST"},{"floor":10.0,"key":"REST"},{"floor":15.0,"key":"REST"},{"floor":28.0,"key":"REST"},{"floor":30.0,"key":"REST"},{"floor":32.0,"key":"REST"}],"neow_cost":"","seed_source_timestamp":558404755300,"circlet_count":0,"master_deck":["Strike_R","Strike_R+1","Strike_R","Strike_R+1","Strike_R","Defend_R","Defend_R","Defend_R","Defend_R","Bash+1","Parasite","Feel No Pain","Pummel","Pommel Strike","CurseOfTheBell","Metallicize","Clothesline","RitualDagger","Injury","Whirlwind","Ghostly Armor","Havoc"],"special_seed":0,"relics":["Cursed Key","Darkstone Periapt","Du-Vu Doll","Busted Crown","Whetstone","Kunai","Eternal Feather","Dead Branch","Dodecahedron","Calling Bell","Anchor","White Beast Statue","Mango","Thread and Needle","StrikeDummy","Tiny Chest","Unceasing Top","Fusion Hammer","Girya","MealTicket","Charon\u0027s Ashes"],"potions_floor_usage":[41],"damage_taken":[{"damage":0.0,"enemies":"2 Louse","floor":1.0,"turns":2.0},{"damage":0.0,"enemies":"Cultist","floor":2.0,"turns":2.0},{"damage":0.0,"enemies":"Small Slimes","floor":3.0,"turns":2.0},{"damage":0.0,"enemies":"Exordium Wildlife","floor":5.0,"turns":2.0},{"damage":0.0,"enemies":"Gremlin Nob","floor":6.0,"turns":3.0},{"damage":0.0,"enemies":"Lagavulin","floor":8.0,"turns":3.0},{"damage":0.0,"enemies":"Large Slime","floor":11.0,"turns":2.0},{"damage":0.0,"enemies":"3 Sentries","floor":14.0,"turns":5.0},{"damage":0.0,"enemies":"Slime Boss","floor":16.0,"turns":2.0},{"damage":0.0,"enemies":"3 Byrds","floor":18.0,"turns":3.0},{"damage":0.0,"enemies":"Shell Parasite","floor":21.0,"turns":2.0},{"damage":0.0,"enemies":"Centurion and Healer","floor":22.0,"turns":3.0},{"damage":0.0,"enemies":"Gremlin Leader","floor":23.0,"turns":3.0},{"damage":1.0,"enemies":"Sentry and Sphere","floor":24.0,"turns":3.0},{"damage":0.0,"enemies":"Slavers","floor":25.0,"turns":3.0},{"damage":12.0,"enemies":"Gremlin Leader","floor":27.0,"turns":3.0},{"damage":0.0,"enemies":"Cultist and Chosen","floor":29.0,"turns":3.0},{"damage":13.0,"enemies":"Collector","floor":33.0,"turns":5.0},{"damage":0.0,"enemies":"3 Shapes","floor":35.0,"turns":2.0},{"damage":0.0,"enemies":"Orb Walker","floor":37.0,"turns":2.0},{"damage":0.0,"enemies":"Nemesis","floor":39.0,"turns":1.0},{"damage":0.0,"enemies":"Giant Head","floor":40.0,"turns":6.0},{"damage":2,"enemies":"Maw","floor":41,"turns":2}],"seed_played":"3493017977475624563","potions_obtained":[{"floor":3.0,"key":"SteroidPotion"},{"floor":4.0,"key":"SneckoOil"},{"floor":4.0,"key":"Poison Potion"},{"floor":4.0,"key":"Regen Potion"},{"floor":6.0,"key":"FairyPotion"},{"floor":8.0,"key":"SkillPotion"},{"floor":11.0,"key":"AttackPotion"},{"floor":18.0,"key":"Energy Potion"},{"floor":21.0,"key":"Poison Potion"},{"floor":22.0,"key":"FearPotion"},{"floor":23.0,"key":"Strength Potion"},{"floor":25.0,"key":"EssenceOfSteel"},{"floor":27.0,"key":"Strength Potion"},{"floor":33.0,"key":"FearPotion"},{"floor":35.0,"key":"SteroidPotion"},{"floor":37.0,"key":"Dexterity Potion"},{"floor":39.0,"key":"Regen Potion"},{"floor":40.0,"key":"Weak Potion"}],"is_trial":true,"path_per_floor":["M","M","M","?","M","E","R","E","T","R","M","?","$","E","R","B",null,"M","$","?","M","M","E","M","E","T","E","R","M","R","T","R","B",null,"M","?","M","$","E","E","M"],"character_chosen":"IRONCLAD","items_purchased":["Feel No Pain","Pummel","Pommel Strike","Dead Branch","Metallicize","Clothesline","Whirlwind","Girya","Ghostly Armor","Havoc"],"campfire_rested":6,"item_purchase_floors":[13,13,13,13,19,19,38,38,38,38],"current_hp_per_floor":[1,1,1,1,1,1,1,1,6,1,1,1,1,1,1,6,25,24,23,17,17,17,17,16,16,22,10,15,14,8,7,1,6,5,4,3,2,1,1,1,0],"gold":702,"neow_bonus":"","is_prod":false,"is_daily":false,"chose_seed":false,"campfire_upgraded":0,"win_rate":0,"timestamp":1568874699,"path_taken":["M","M","M","?","?","E","R","E","T","R","M","?","$","E","R","BOSS","M","$","?","M","M","E","?","E","T","E","R","M","R","?","R","BOSS","M","?","M","$","?","E","?"],"build_version":"2019-09-18","purchased_purges":2,"victory":false,"max_hp_per_floor":[1,1,1,1,1,1,1,1,6,1,1,1,1,1,1,6,25,24,23,22,21,20,19,18,17,22,21,15,14,8,7,1,6,5,4,3,2,1,1,1,1],"card_choices":[],"player_experience":1400001,"relics_obtained":[{"floor":6.0,"key":"Whetstone"},{"floor":8.0,"key":"Kunai"},{"floor":9.0,"key":"Eternal Feather"},{"floor":14.0,"key":"Dodecahedron"},{"floor":17.0,"key":"Anchor"},{"floor":17.0,"key":"White Beast Statue"},{"floor":17.0,"key":"Mango"},{"floor":23.0,"key":"Thread and Needle"},{"floor":25.0,"key":"StrikeDummy"},{"floor":26.0,"key":"Tiny Chest"},{"floor":27.0,"key":"Unceasing Top"},{"floor":39.0,"key":"MealTicket"},{"floor":40.0,"key":"Charon\u0027s Ashes"}],"event_choices":[{"damage_healed":0.0,"max_hp_gain":0.0,"max_hp_loss":0.0,"gold_gain":0.0,"event_name":"The Woman in Blue","player_choice":"Bought 3 Potions","floor":4.0,"gold_loss":0.0,"damage_taken":0.0},{"damage_healed":0.0,"max_hp_gain":0.0,"max_hp_loss":0.0,"gold_gain":0.0,"event_name":"Golden Wing","player_choice":"Ignored","floor":12.0,"gold_loss":0.0,"damage_taken":0.0},{"damage_healed":0.0,"max_hp_gain":0.0,"max_hp_loss":0.0,"gold_gain":0.0,"event_name":"Nest","player_choice":"Joined the Cult","floor":20.0,"gold_loss":0.0,"damage_taken":6.0,"cards_obtained":["RitualDagger"]},{"damage_healed":0.0,"max_hp_gain":0.0,"max_hp_loss":0.0,"gold_gain":0.0,"event_name":"Accursed Blacksmith","player_choice":"Forge","floor":36.0,"gold_loss":0.0,"damage_taken":0.0,"cards_upgraded":["Bash"]}],"is_beta":true,"boss_relics":[{"not_picked":["Empty Cage","SacredBark"],"picked":"Calling Bell"},{"not_picked":["Mark of Pain","Runic Pyramid"],"picked":"Fusion Hammer"}],"items_purged_floors":[19,38],"is_endless":false,"potions_floor_spawned":[3,6,8,11,18,21,22,23,24,25,27,29,33,35,37,39,40],"killed_by":"Maw","ascension_level":0}