{"gold_per_floor":[116,116,46,63,79,114,114,139,215,235,235,24,24,35,35,175,175,191,101,111,130,130,130],"floor_reached":23,"playtime":1416,"items_purged":[],"score":276,"play_id":"5ed463cc-7210-4413-8d64-4fd2d14fcb11","local_time":"20190929151151","is_ascension_mode":true,"campfire_choices":[{"data":"TalkToTheHand","floor":7.0,"key":"SMITH"},{"floor":13.0,"key":"REST"},{"data":"Fasting","floor":15,"key":"SMITH"}],"neow_cost":"NONE","seed_source_timestamp":1297936376318200,"circlet_count":0,"master_deck":["Strike_P","Strike_P","Strike_P","Defend_P","Defend_P","Defend_P","Defend_P","Eruption","Vigilance+1","Adaptation","Protect+1","TalkToTheHand+1","BowlingBash","Omniscience","Crescendo","Weave","Fasting+1","Transmutation","SpiritShield","Consecrate","ConjureBlade","ClearTheMind+1","Halt","SandsOfTime"],"special_seed":0,"relics":["PureWater","GoldenEye","War Paint","Ornamental Fan","Philosopher\u0027s Stone","MutagenicStrength"],"potions_floor_usage":[16,20],"damage_taken":[{"damage":2.0,"enemies":"Jaw Worm","floor":1.0,"turns":3.0},{"damage":0.0,"enemies":"Cultist","floor":4.0,"turns":3.0},{"damage":0.0,"enemies":"2 Louse","floor":5.0,"turns":2.0},{"damage":32.0,"enemies":"3 Sentries","floor":6.0,"turns":12.0},{"damage":10.0,"enemies":"Lagavulin","floor":8.0,"turns":10.0},{"damage":10.0,"enemies":"Gremlin Gang","floor":10.0,"turns":3.0},{"damage":6,"enemies":"Looter","floor":14,"turns":4},{"damage":0,"enemies":"Slime Boss","floor":16,"turns":8},{"damage":1,"enemies":"Shell Parasite","floor":18,"turns":4},{"damage":18,"enemies":"3 Byrds","floor":20,"turns":6},{"damage":31,"enemies":"3 Cultists","floor":21,"turns":6},{"damage":27,"enemies":"Slavers","floor":23,"turns":1}],"seed_played":"336402693879137612","potions_obtained":[{"floor":5.0,"key":"Weak Potion"},{"floor":8.0,"key":"SteroidPotion"},{"floor":14,"key":"Fire Potion"},{"floor":18,"key":"Explosive Potion"}],"is_trial":false,"path_per_floor":["M","?","$","M","M","E","R","E","T","M","?","$","R","M","R","B",null,"M","?","M","M","?","E"],"character_chosen":"WATCHER","items_purchased":["TalkToTheHand","Transmutation","SpiritShield"],"campfire_rested":1,"item_purchase_floors":[3,12,12],"current_hp_per_floor":[70,70,70,70,70,38,38,28,28,18,23,23,46,40,40,40,77,76,76,58,27,27,0],"gold":130,"neow_bonus":"ONE_RANDOM_RARE_CARD","is_prod":false,"is_daily":false,"chose_seed":false,"campfire_upgraded":2,"win_rate":0,"timestamp":1569762711,"path_taken":["M","?","$","?","M","E","R","E","T","M","?","$","R","M","R","BOSS","M","?","M","?","?","E"],"build_version":"2019-09-27","purchased_purges":0,"victory":false,"max_hp_per_floor":[72,72,72,72,72,72,72,72,72,72,77,77,77,77,77,77,77,77,77,77,77,77,77],"card_choices":[{"not_picked":["FollowUp","Crescendo"],"picked":"Protect","floor":1.0},{"not_picked":["FollowUp","CrushJoints"],"picked":"BowlingBash","floor":4.0},{"not_picked":["ClearTheMind","Prostrate"],"picked":"Omniscience","floor":5.0},{"not_picked":["WheelKick","ClearTheMind"],"picked":"Crescendo","floor":6.0},{"not_picked":["Vengeance","CrushJoints"],"picked":"Weave","floor":8.0},{"not_picked":["Sanctity","EmptyFist"],"picked":"Fasting","floor":10.0},{"not_picked":["ClearTheMind","Weave"],"picked":"Consecrate","floor":14},{"not_picked":["ReachHeaven","DeusExMachina"],"picked":"ConjureBlade","floor":16},{"not_picked":["FollowUp","EmptyBody"],"picked":"ClearTheMind","floor":18},{"not_picked":["FollowUp","ThirdEye+1"],"picked":"Halt","floor":20},{"not_picked":["Fasting","Scrawl"],"picked":"SandsOfTime","floor":21}],"player_experience":317799,"relics_obtained":[{"floor":6.0,"key":"GoldenEye"},{"floor":8.0,"key":"War Paint"},{"floor":9.0,"key":"Ornamental Fan"}],"event_choices":[{"damage_healed":0.0,"max_hp_gain":0.0,"max_hp_loss":0.0,"gold_gain":0.0,"event_name":"WeMeetAgain","player_choice":"Ignored","floor":2.0,"gold_loss":0.0,"damage_taken":0.0},{"damage_healed":0.0,"max_hp_gain":5.0,"max_hp_loss":0.0,"gold_gain":0.0,"event_name":"Big Fish","player_choice":"Donut","floor":11.0,"gold_loss":0.0,"damage_taken":0.0},{"cards_removed":["Strike_P"],"damage_healed":0,"gold_gain":0,"player_choice":"Upgrade and Remove","damage_taken":0,"max_hp_gain":0,"max_hp_loss":0,"event_name":"Designer","floor":19,"gold_loss":90,"cards_upgraded":["ClearTheMind"]},{"damage_healed":0,"gold_gain":0,"player_choice":"Inject Mutagens","damage_taken":0,"relics_obtained":["MutagenicStrength"],"max_hp_gain":0,"max_hp_loss":0,"event_name":"Drug Dealer","floor":22,"gold_loss":0}],"is_beta":true,"boss_relics":[{"not_picked":["Ectoplasm","Pandora\u0027s Box"],"picked":"Philosopher\u0027s Stone"}],"items_purged_floors":[],"is_endless":false,"potions_floor_spawned":[5,8,14,18],"killed_by":"Slavers","ascension_level":2}