{"gold_per_floor":[111,111,111,134,8,46,66,109,109,109],"floor_reached":10,"playtime":527,"items_purged":["Defend_G"],"score":131,"play_id":"6a6b540b-e407-42ee-9e54-da9e146a731d","local_time":"20191002152816","is_ascension_mode":true,"campfire_choices":[],"neow_cost":"NONE","seed_source_timestamp":1559104315236800,"circlet_count":0,"master_deck":["Strike_G","Strike_G","Strike_G","Strike_G","Strike_G","Defend_G","Defend_G","Defend_G","Defend_G","Survivor","Neutralize","Distraction+1","Expertise","Sucker Punch","Acrobatics","Riddle With Holes","Endless Agony"],"relics":["Ring of the Snake","NeowsBlessing","Golden Idol","Happy Flower","White Beast Statue","Bag of Preparation"],"potions_floor_usage":[8,8,10],"damage_taken":[{"damage":0,"enemies":"2 Louse","floor":1,"turns":1},{"damage":0,"enemies":"Jaw Worm","floor":4,"turns":1},{"damage":0,"enemies":"Lagavulin","floor":6,"turns":1},{"damage":3,"enemies":"Small Slimes","floor":7,"turns":4},{"damage":49,"enemies":"3 Sentries","floor":8,"turns":14},{"damage":9,"enemies":"Gremlin Nob","floor":10,"turns":3}],"seed_played":"7493607462013572053","potions_obtained":[{"floor":1,"key":"Regen Potion"},{"floor":4,"key":"Weak Potion"},{"floor":7,"key":"Weak Potion"}],"is_trial":false,"path_per_floor":["M","?","?","M","$","E","M","E","T","E"],"character_chosen":"THE_SILENT","items_purchased":["Sucker Punch"],"campfire_rested":0,"item_purchase_floors":[5],"current_hp_per_floor":[63,46,46,46,46,46,43,9,9,0],"gold":109,"neow_bonus":"THREE_ENEMY_KILL","is_prod":false,"is_daily":false,"chose_seed":false,"campfire_upgraded":0,"win_rate":0,"timestamp":1570022896,"path_taken":["M","?","?","M","$","E","M","E","T","E"],"build_version":"2019-10-01","purchased_purges":1,"victory":false,"max_hp_per_floor":[70,70,70,70,70,70,70,70,70,70],"card_choices":[{"not_picked":["Dodge and Roll","PiercingWail"],"picked":"Distraction","floor":1},{"not_picked":["Endless Agony","Deflect"],"picked":"Expertise","floor":4},{"not_picked":["Deadly Poison","Flying Knee"],"picked":"Acrobatics","floor":6},{"not_picked":["Slice","Outmaneuver"],"picked":"Riddle With Holes","floor":7},{"not_picked":["Outmaneuver","Slice"],"picked":"Endless Agony","floor":8}],"player_experience":330250,"relics_obtained":[{"floor":6,"key":"Happy Flower"},{"floor":8,"key":"White Beast Statue"},{"floor":9,"key":"Bag of Preparation"}],"event_choices":[{"damage_healed":0,"gold_gain":0,"player_choice":"Take Damage","damage_taken":17,"relics_obtained":["Golden Idol"],"max_hp_gain":0,"max_hp_loss":0,"event_name":"Golden Idol","floor":2,"gold_loss":0},{"damage_healed":0,"gold_gain":0,"player_choice":"Grow","damage_taken":0,"max_hp_gain":0,"max_hp_loss":0,"event_name":"Living Wall","floor":3,"gold_loss":0,"cards_upgraded":["Distraction"]}],"is_beta":true,"boss_relics":[],"items_purged_floors":[5],"is_endless":false,"potions_floor_spawned":[1,4,7],"killed_by":"Gremlin Nob","ascension_level":6}