{"gold_per_floor":[119,129,129,146,71,71,96,112,137,137,154,179,179,196,196],"floor_reached":15,"playtime":573,"items_purged":["Defend_B"],"score":118,"play_id":"9f23eec0-afdf-4ca9-b27d-0325a64966f7","local_time":"20191006174056","is_ascension_mode":true,"campfire_choices":[{"data":"Zap","floor":6.0,"key":"SMITH"},{"data":"Dualcast","floor":10,"key":"SMITH"}],"neow_cost":"NONE","seed_source_timestamp":2041555739069700,"circlet_count":0,"master_deck":["Strike_B","Strike_B","Strike_B","Strike_B","Defend_B","Defend_B","Zap+1","Dualcast+1","Conserve Battery","Rebound","Reprogram","Beam Cell","Darkness","Glacier"],"special_seed":0,"relics":["Cracked Core","NeowsBlessing","Ancient Tea Set","Anchor","Juzu Bracelet"],"potions_floor_usage":[12,12],"damage_taken":[{"damage":0.0,"enemies":"Small Slimes","floor":1.0,"turns":1.0},{"damage":0.0,"enemies":"Cultist","floor":2.0,"turns":1.0},{"damage":0.0,"enemies":"2 Louse","floor":4.0,"turns":1.0},{"damage":12.0,"enemies":"Gremlin Nob","floor":7.0,"turns":3.0},{"damage":4,"enemies":"Blue Slaver","floor":8,"turns":3},{"damage":1,"enemies":"3 Louse","floor":11,"turns":2},{"damage":22,"enemies":"Lagavulin","floor":12,"turns":4},{"damage":4,"enemies":"2 Fungi Beasts","floor":14,"turns":3}],"seed_played":"-7525743283682875805","potions_obtained":[{"floor":2.0,"key":"EssenceOfSteel"},{"floor":4.0,"key":"SteroidPotion"},{"floor":12,"key":"EntropicBrew"},{"floor":14,"key":"SpeedPotion"}],"is_trial":false,"path_per_floor":["M","M","?","M","$","R","E","M","T","R","M","E","?","M","R"],"character_chosen":"DEFECT","items_purchased":[],"campfire_rested":0,"item_purchase_floors":[],"current_hp_per_floor":[75,75,75,75,75,75,63,59,59,59,58,36,36,32,32],"gold":196,"neow_bonus":"THREE_ENEMY_KILL","is_prod":false,"is_daily":false,"chose_seed":false,"campfire_upgraded":2,"win_rate":0,"timestamp":1570354856,"path_taken":["M","M","?","?","$","R","E","M","T","R","M","E","?","M","R"],"build_version":"2019-07-17","purchased_purges":1,"victory":false,"max_hp_per_floor":[75,75,75,75,75,75,75,75,75,75,75,75,75,75,75],"card_choices":[{"not_picked":["Stack","Coolheaded"],"picked":"Conserve Battery","floor":1.0},{"not_picked":["Heatsinks","Scrape","Auto Shields"],"picked":"SKIP","floor":2.0},{"not_picked":["Heatsinks","Cold Snap"],"picked":"Rebound","floor":4.0},{"not_picked":["Reinforced Body","Skim"],"picked":"Reprogram","floor":7},{"not_picked":["Lockon","Chaos","Cold Snap"],"picked":"SKIP","floor":8},{"not_picked":["Defragment","Tempest"],"picked":"Beam Cell","floor":11},{"not_picked":["Hologram","Rainbow"],"picked":"Darkness","floor":12},{"not_picked":["Leap","Rip and Tear"],"picked":"Glacier","floor":14}],"player_experience":128434,"relics_obtained":[{"floor":7,"key":"Ancient Tea Set"},{"floor":9,"key":"Anchor"},{"floor":12,"key":"Juzu Bracelet"}],"event_choices":[{"cards_removed":["Defend_B"],"damage_healed":0.0,"max_hp_gain":0.0,"max_hp_loss":0.0,"gold_gain":0.0,"event_name":"Bonfire Elementals","player_choice":"Offered Basic","floor":3.0,"gold_loss":0.0,"damage_taken":0.0},{"damage_healed":0,"gold_gain":0,"player_choice":"Ignored","damage_taken":0,"max_hp_gain":0,"max_hp_loss":0,"event_name":"Liars Game","floor":13,"gold_loss":0}],"is_beta":false,"boss_relics":[],"items_purged_floors":[5],"is_endless":false,"potions_floor_spawned":[2,4,12,14],"ascension_level":2}