{"gold_per_floor":[114,126,145,163,88,118,118,151,178,178,192,212,242,253,253,350,350,368,378,391,205,205,233,247,276,276,276,309,309,325,337,337,432,432,449,75,75,91,191,226,226,259,259,259,273,322,338,356,356,356],"floor_reached":50,"playtime":5052,"items_purged":["Defend_B","Defend_B","Defend_B"],"score":647,"play_id":"9cc32cae-3c6c-4d50-8080-0d0930782cda","local_time":"20191005093248","is_ascension_mode":true,"campfire_choices":[{"floor":10.0,"key":"REST"},{"floor":15.0,"key":"REST"},{"data":"Seek","floor":27.0,"key":"SMITH"},{"data":"Seek","floor":29.0,"key":"SMITH"},{"data":"Redo","floor":32.0,"key":"SMITH"},{"data":"Enlightenment","floor":41.0,"key":"SMITH"},{"floor":44.0,"key":"RECALL"},{"floor":49,"key":"REST"}],"neow_cost":"NONE","seed_source_timestamp":0,"circlet_count":0,"master_deck":["Strike_B","Strike_B","Zap","Dualcast+1","Sunder","Cold Snap","Rainbow","Redo+1","Seek+1","Echo Form","Echo Form+1","Glacier+1","Sweeping Beam+1","Enlightenment+1","Chaos+1","Seek+1","Defragment+1","Coolheaded+1","Capacitor+1"],"special_seed":0,"relics":["Cracked Core","Oddly Smooth Stone","Vajra","Centennial Puzzle","Juzu Bracelet","Astrolabe","Bronze Scales","Pen Nib","Toxic Egg 2","Red Mask","Lizard Tail","Frozen Egg 2","Ginger","Nunchaku","Bottled Tornado","Shovel"],"potions_floor_usage":[50],"damage_taken":[{"damage":1.0,"enemies":"Cultist","floor":1.0,"turns":3.0},{"damage":10.0,"enemies":"Small Slimes","floor":2.0,"turns":2.0},{"damage":0.0,"enemies":"2 Louse","floor":3.0,"turns":1.0},{"damage":0.0,"enemies":"Exordium Wildlife","floor":4.0,"turns":2.0},{"damage":28.0,"enemies":"Lagavulin","floor":6.0,"turns":6.0},{"damage":35.0,"enemies":"Gremlin Nob","floor":8.0,"turns":5.0},{"damage":4.0,"enemies":"Looter","floor":11.0,"turns":3.0},{"damage":0.0,"enemies":"2 Fungi Beasts","floor":12.0,"turns":2.0},{"damage":14.0,"enemies":"3 Sentries","floor":13.0,"turns":5.0},{"damage":7.0,"enemies":"3 Louse","floor":14.0,"turns":2.0},{"damage":24.0,"enemies":"The Guardian","floor":16.0,"turns":9.0},{"damage":3.0,"enemies":"3 Byrds","floor":18.0,"turns":4.0},{"damage":10.0,"enemies":"Spheric Guardian","floor":19.0,"turns":5.0},{"damage":17.0,"enemies":"Snake Plant","floor":20.0,"turns":5.0},{"damage":6.0,"enemies":"Gremlin Leader","floor":23.0,"turns":5.0},{"damage":15.0,"enemies":"Snecko","floor":24.0,"turns":4.0},{"damage":37.0,"enemies":"Book of Stabbing","floor":25.0,"turns":5.0},{"damage":0.0,"enemies":"Masked Bandits","floor":28.0,"turns":3.0},{"damage":0.0,"enemies":"Cultist and Chosen","floor":30.0,"turns":4.0},{"damage":6.0,"enemies":"Shelled Parasite and Fungi","floor":31.0,"turns":6.0},{"damage":0.0,"enemies":"Collector","floor":33.0,"turns":8.0},{"damage":7.0,"enemies":"3 Darklings","floor":35.0,"turns":6.0},{"damage":25.0,"enemies":"Orb Walker","floor":38.0,"turns":4.0},{"damage":0.0,"enemies":"Mind Bloom Boss Battle","floor":39.0,"turns":4.0},{"damage":27.0,"enemies":"Giant Head","floor":40.0,"turns":9.0},{"damage":10.0,"enemies":"Reptomancer","floor":42.0,"turns":6.0},{"damage":11.0,"enemies":"3 Darklings","floor":45.0,"turns":3.0},{"damage":0.0,"enemies":"2 Orb Walkers","floor":46.0,"turns":4.0},{"damage":0,"enemies":"Jaw Worm Horde","floor":47,"turns":4},{"damage":38,"enemies":"4 Shapes","floor":48,"turns":6},{"damage":38,"enemies":"Donu and Deca","floor":50,"turns":4}],"seed_played":"5833950201466413271","potions_obtained":[{"floor":1.0,"key":"SpeedPotion"},{"floor":4.0,"key":"Energy Potion"},{"floor":11.0,"key":"SpeedPotion"},{"floor":13.0,"key":"SneckoOil"},{"floor":18.0,"key":"Block Potion"},{"floor":20.0,"key":"AttackPotion"},{"floor":28.0,"key":"PowerPotion"},{"floor":31.0,"key":"Block Potion"},{"floor":39.0,"key":"SteroidPotion"},{"floor":45.0,"key":"EssenceOfSteel"},{"floor":46.0,"key":"Poison Potion"},{"floor":48,"key":"EssenceOfSteel"}],"is_trial":false,"path_per_floor":["M","M","M","M","$","E","?","E","T","R","M","M","E","M","R","B",null,"M","M","M","$","?","E","M","E","T","R","?","R","M","M","R","B",null,"M","$","?","M","?","E","R","E","T","R","M","?","M","M","R","B"],"character_chosen":"DEFECT","items_purchased":["Enlightenment","Frozen Egg 2"],"campfire_rested":3,"item_purchase_floors":[21,36],"current_hp_per_floor":[81,71,71,71,71,43,43,8,8,32,28,28,14,7,31,7,82,79,69,52,52,79,73,58,21,21,21,21,21,21,15,15,15,82,75,75,75,50,50,23,23,13,13,13,2,2,2,10,33,0],"gold":356,"neow_bonus":"TEN_PERCENT_HP_BONUS","is_prod":false,"is_daily":false,"chose_seed":false,"campfire_upgraded":4,"win_rate":0,"timestamp":1570239168,"path_taken":["M","M","?","M","$","E","?","E","T","R","M","?","E","M","R","BOSS","M","M","M","$","?","E","M","E","T","R","?","R","M","M","R","BOSS","M","$","?","M","?","E","R","E","T","R","M","?","M","M","R","BOSS"],"build_version":"2019-07-17","purchased_purges":3,"victory":false,"max_hp_per_floor":[82,82,82,82,82,82,82,82,82,82,82,82,82,82,82,82,82,82,82,82,82,82,82,82,82,82,82,82,82,82,82,82,82,82,82,82,78,78,78,78,78,78,78,78,78,78,78,78,78,78],"card_choices":[{"not_picked":["Genetic Algorithm","Leap"],"picked":"Sunder","floor":1.0},{"not_picked":["Leap","Barrage"],"picked":"Cold Snap","floor":2.0},{"not_picked":["Barrage","Gash","Steam"],"picked":"SKIP","floor":3.0},{"not_picked":["Go for the Eyes","Stack","Turbo"],"picked":"SKIP","floor":4.0},{"not_picked":["Sweeping Beam","Sunder"],"picked":"Rainbow","floor":6.0},{"not_picked":["Steam Power","Doom and Gloom"],"picked":"Redo","floor":8.0},{"not_picked":["Double Energy","Hologram","Cold Snap"],"picked":"SKIP","floor":11.0},{"not_picked":["Leap","Capacitor","Skim"],"picked":"SKIP","floor":12.0},{"not_picked":["Rebound","Genetic Algorithm"],"picked":"Seek","floor":13.0},{"not_picked":["Compile Driver","Stack","Cold Snap"],"picked":"SKIP","floor":14.0},{"not_picked":["Compile Driver","Stack","Cold Snap"],"picked":"SKIP","floor":14.0},{"not_picked":["Reboot","Fission"],"picked":"Echo Form","floor":16.0},{"not_picked":["Rip and Tear","Turbo","Auto Shields"],"picked":"SKIP","floor":18.0},{"not_picked":["Redo","Gash+1","Stack+1"],"picked":"SKIP","floor":19.0},{"not_picked":["Go for the Eyes","Hologram","Leap"],"picked":"SKIP","floor":20.0},{"not_picked":["Coolheaded","Steam+1","Beam Cell"],"picked":"SKIP","floor":23.0},{"not_picked":["Lockon","Beam Cell"],"picked":"Chaos+1","floor":24.0},{"not_picked":["Gash","Glacier"],"picked":"Seek","floor":25.0},{"not_picked":["Consume+1","Beam Cell","Cold Snap"],"picked":"SKIP","floor":30.0},{"not_picked":["Consume+1","Beam Cell","Cold Snap"],"picked":"SKIP","floor":30.0},{"not_picked":["Steam+1","Chill+1"],"picked":"Defragment+1","floor":31.0},{"not_picked":["Compile Driver","Barrage+1","Gash"],"picked":"SKIP","floor":35.0},{"not_picked":["Rebound+1","Scrape+1","Hologram+1"],"picked":"SKIP","floor":38.0},{"not_picked":["Beam Cell","Sweeping Beam","Hello World+1"],"picked":"SKIP","floor":40.0},{"not_picked":["Hologram+1","Aggregate+1","Melter+1"],"picked":"SKIP","floor":42.0},{"not_picked":["Sweeping Beam","Scrape+1"],"picked":"Coolheaded+1","floor":45.0},{"not_picked":["Rip and Tear+1","Compile Driver"],"picked":"Capacitor+1","floor":46.0},{"not_picked":["Compile Driver","Conserve Battery+1","Rebound+1"],"picked":"SKIP","floor":47},{"not_picked":["Undo+1","Hello World+1","Skim+1"],"picked":"SKIP","floor":48}],"player_experience":76475,"relics_obtained":[{"floor":6.0,"key":"Oddly Smooth Stone"},{"floor":8.0,"key":"Vajra"},{"floor":9.0,"key":"Centennial Puzzle"},{"floor":13.0,"key":"Juzu Bracelet"},{"floor":23.0,"key":"Bronze Scales"},{"floor":25.0,"key":"Pen Nib"},{"floor":26.0,"key":"Toxic Egg 2"},{"floor":28.0,"key":"Red Mask"},{"floor":39.0,"key":"Ginger"},{"floor":40.0,"key":"Nunchaku"},{"floor":42.0,"key":"Bottled Tornado"},{"floor":46.0,"key":"Shovel"}],"event_choices":[{"damage_healed":0.0,"max_hp_gain":0.0,"max_hp_loss":0.0,"gold_gain":0.0,"event_name":"Upgrade Shrine","player_choice":"Upgraded","floor":7.0,"gold_loss":0.0,"damage_taken":0.0,"cards_upgraded":["Dualcast"]},{"damage_healed":27.0,"max_hp_gain":0.0,"max_hp_loss":0.0,"gold_gain":0.0,"event_name":"The Library","player_choice":"Heal","floor":22.0,"gold_loss":0.0,"damage_taken":0.0},{"damage_healed":0.0,"max_hp_gain":0.0,"max_hp_loss":0.0,"gold_gain":0.0,"event_name":"Masked Bandits","player_choice":"Fought Bandits","floor":28.0,"gold_loss":0.0,"damage_taken":0.0},{"damage_healed":0.0,"max_hp_gain":0.0,"max_hp_loss":4.0,"gold_gain":0.0,"event_name":"Winding Halls","player_choice":"Max HP","floor":37.0,"gold_loss":0.0,"damage_taken":0.0},{"damage_healed":0.0,"max_hp_gain":0.0,"max_hp_loss":0.0,"gold_gain":0.0,"event_name":"MindBloom","player_choice":"Fight","floor":39.0,"gold_loss":0.0,"damage_taken":0.0},{"damage_healed":0.0,"max_hp_gain":0.0,"max_hp_loss":0.0,"gold_gain":0.0,"event_name":"Mysterious Sphere","player_choice":"Fight","floor":46.0,"gold_loss":0.0,"damage_taken":0.0}],"is_beta":false,"boss_relics":[{"not_picked":["Busted Crown","Orrery"],"picked":"Astrolabe"},{"not_picked":["Tiny House","Snecko Eye"],"picked":"Lizard Tail"}],"items_purged_floors":[5,21,36],"is_endless":false,"potions_floor_spawned":[1,4,11,13,18,20,28,31,39,45,46,48],"killed_by":"Donu and Deca","ascension_level":1}