{"gold_per_floor":[147,195,228,403,20,20,62,62,62,158,200,200],"floor_reached":12,"playtime":203,"items_purged":[],"score":105,"play_id":"20dbb6b3-156a-4b06-9a17-3c1391ec4c36","local_time":"20190918175604","daily_mods":["DeadlyEvents","Binary","Cursed Run","Elite Swarm","Lethality","Midas","Night Terrors","Terminal","Uncertain Future","Binary"],"is_ascension_mode":false,"campfire_choices":[{"floor":6,"key":"REST"},{"floor":8,"key":"REST"}],"neow_cost":"","seed_source_timestamp":262164177300,"circlet_count":0,"master_deck":["Strike_R","Strike_R","Strike_R","Strike_R","Strike_R","Defend_R","Defend_R","Defend_R","Defend_R","Bash","Doubt","Pummel","Decay"],"relics":["Cursed Key","Darkstone Periapt","Du-Vu Doll","Busted Crown","Orichalcum","Cauldron","Ornamental Fan","Pantograph"],"potions_floor_usage":[7,7],"damage_taken":[{"damage":0,"enemies":"Cultist","floor":1,"turns":2},{"damage":0,"enemies":"Small Slimes","floor":2,"turns":2},{"damage":0,"enemies":"2 Louse","floor":3,"turns":2},{"damage":0,"enemies":"Lots of Slimes","floor":7,"turns":3},{"damage":0,"enemies":"Lagavulin","floor":10,"turns":3},{"damage":1,"enemies":"Red Slaver","floor":11,"turns":2},{"damage":4,"enemies":"3 Sentries","floor":12,"turns":3}],"seed_played":"-4294369967449191470","potions_obtained":[{"floor":2,"key":"Fire Potion"},{"floor":5,"key":"Fire Potion"},{"floor":5,"key":"DuplicationPotion"},{"floor":5,"key":"Block Potion"},{"floor":7,"key":"Dexterity Potion"},{"floor":11,"key":"SmokeBomb"}],"is_trial":true,"path_per_floor":["M","M","M","?","$","R","M","R","T","E","M","E"],"character_chosen":"IRONCLAD","items_purchased":["Orichalcum","Pummel","Cauldron"],"campfire_rested":2,"item_purchase_floors":[5,5,5],"current_hp_per_floor":[1,1,1,6,5,1,1,1,6,5,4,0],"gold":200,"neow_bonus":"","is_prod":false,"is_daily":false,"chose_seed":false,"campfire_upgraded":0,"win_rate":0,"timestamp":1568847364,"path_taken":["M","M","?","?","$","R","M","R","T","E","M","E"],"build_version":"2019-09-18","purchased_purges":0,"victory":false,"max_hp_per_floor":[1,1,1,6,5,1,1,1,6,5,4,4],"card_choices":[],"player_experience":1394171,"relics_obtained":[{"floor":9,"key":"Ornamental Fan"},{"floor":10,"key":"Pantograph"}],"event_choices":[{"damage_healed":0,"gold_gain":175,"player_choice":"AGREE","damage_taken":0,"max_hp_gain":0,"max_hp_loss":0,"event_name":"Liars Game","floor":4,"gold_loss":0,"cards_obtained":["Doubt"]}],"is_beta":true,"boss_relics":[],"items_purged_floors":[],"is_endless":false,"potions_floor_spawned":[2,7,11],"killed_by":"3 Sentries","ascension_level":0}