{"gold_per_floor":[110,110,35,35,53,85,35,69,96,111,111,121,121,134,134,233,233,252,57,69,69,69,69,69],"floor_reached":24,"playtime":1943,"items_purged":["Defend_G"],"score":214,"play_id":"99544da4-25d9-48c3-9d98-566505ab40e3","local_time":"20191005182450","is_ascension_mode":true,"campfire_choices":[{"data":"Neutralize","floor":11,"key":"SMITH"},{"data":"Well Laid Plans","floor":13,"key":"SMITH"},{"floor":15,"key":"REST"},{"data":"Tools of the Trade","floor":23,"key":"SMITH"}],"neow_cost":"NONE","seed_source_timestamp":1956606096687400,"circlet_count":0,"master_deck":["Strike_G","Strike_G","Strike_G+1","Strike_G","Defend_G","Defend_G+1","Survivor","Neutralize+1","Choke","Underhanded Strike","Well Laid Plans+1","Tactician","Tactician","Tools of the Trade+1"],"relics":["White Beast Statue","Blood Vial","Pen Nib","Regal Pillow","Empty Cage","MealTicket"],"potions_floor_usage":[6,8,8,14,16,16,18,24],"damage_taken":[{"damage":0,"enemies":"Small Slimes","floor":1,"turns":5},{"damage":4,"enemies":"Jaw Worm","floor":5,"turns":4},{"damage":13,"enemies":"3 Sentries","floor":6,"turns":10},{"damage":28,"enemies":"Lagavulin","floor":8,"turns":5},{"damage":0,"enemies":"2 Louse","floor":10,"turns":3},{"damage":4,"enemies":"Blue Slaver","floor":12,"turns":4},{"damage":0,"enemies":"Lots of Slimes","floor":14,"turns":5},{"damage":38,"enemies":"The Guardian","floor":16,"turns":14},{"damage":34,"enemies":"2 Thieves","floor":18,"turns":4},{"damage":5,"enemies":"Chosen","floor":20,"turns":4},{"damage":27,"enemies":"Book of Stabbing","floor":24,"turns":6}],"seed_played":"4117953796587243004","potions_obtained":[{"floor":1,"key":"PowerPotion"},{"floor":5,"key":"GhostInAJar"},{"floor":6,"key":"FearPotion"},{"floor":8,"key":"SkillPotion"},{"floor":10,"key":"AttackPotion"},{"floor":12,"key":"PowerPotion"},{"floor":14,"key":"SmokeBomb"},{"floor":16,"key":"Explosive Potion"},{"floor":18,"key":"GhostInAJar"},{"floor":20,"key":"SteroidPotion"}],"is_trial":false,"path_per_floor":["M","?","$","?","M","E","?","E","T","M","R","M","R","M","R","B",null,"M","$","M","?","?","R","E"],"character_chosen":"THE_SILENT","items_purchased":["MealTicket"],"campfire_rested":1,"item_purchase_floors":[19],"current_hp_per_floor":[70,56,56,56,52,39,39,13,13,15,15,13,13,15,51,15,70,36,36,33,33,33,33,8],"gold":69,"neow_bonus":"BOSS_RELIC","is_prod":false,"is_daily":false,"chose_seed":false,"campfire_upgraded":3,"win_rate":0,"timestamp":1570271090,"path_taken":["M","?","$","?","M","E","?","E","T","M","R","M","R","M","R","BOSS","M","$","M","?","?","R","E"],"build_version":"2019-07-17","purchased_purges":1,"victory":false,"max_hp_per_floor":[70,70,70,70,70,70,70,70,70,70,70,70,70,70,70,70,70,70,70,70,70,70,70,70],"card_choices":[{"not_picked":["Noxious Fumes","Heel Hook"],"picked":"Choke","floor":1},{"not_picked":["Bane","Catalyst"],"picked":"Underhanded Strike","floor":5},{"not_picked":["Outmaneuver","Predator","Flying Knee"],"picked":"SKIP","floor":6},{"not_picked":["Poisoned Stab","Flying Knee"],"picked":"Well Laid Plans","floor":8},{"not_picked":["All Out Attack","Backflip"],"picked":"Tactician","floor":10},{"not_picked":["Escape Plan","Outmaneuver"],"picked":"Tactician","floor":12},{"not_picked":["Choke","Bouncing Flask","Outmaneuver"],"picked":"SKIP","floor":14},{"not_picked":["Glass Knife","A Thousand Cuts"],"picked":"Tools of the Trade","floor":16},{"not_picked":["Dagger Spray","Deflect","Sucker Punch"],"picked":"SKIP","floor":18},{"not_picked":["Dagger Spray","Expertise","Underhanded Strike"],"picked":"SKIP","floor":20}],"player_experience":91886,"relics_obtained":[{"floor":6,"key":"Blood Vial"},{"floor":8,"key":"Pen Nib"},{"floor":9,"key":"Regal Pillow"}],"event_choices":[{"damage_healed":0,"gold_gain":0,"player_choice":"Entered Light","damage_taken":14,"max_hp_gain":0,"max_hp_loss":0,"event_name":"Shining Light","floor":2,"gold_loss":0,"cards_upgraded":["Defend_G","Strike_G"]},{"damage_healed":0,"gold_gain":0,"player_choice":"Ignored","damage_taken":0,"max_hp_gain":0,"max_hp_loss":0,"event_name":"Liars Game","floor":4,"gold_loss":0},{"cards_removed":["Defend_G"],"damage_healed":0,"gold_gain":0,"player_choice":"Card Removal","damage_taken":0,"max_hp_gain":0,"max_hp_loss":0,"event_name":"The Cleric","floor":7,"gold_loss":50},{"damage_healed":0,"gold_gain":0,"player_choice":"Ignored","damage_taken":0,"max_hp_gain":0,"max_hp_loss":0,"event_name":"Duplicator","floor":22,"gold_loss":0}],"is_beta":false,"boss_relics":[{"not_picked":["Coffee Dripper","Eternal Feather"],"picked":"Empty Cage"}],"items_purged_floors":[3],"is_endless":false,"potions_floor_spawned":[1,5,6,8,10,12,14,16,18,20],"killed_by":"Book of Stabbing","ascension_level":1}