{"gold_per_floor":[111,111,111,36,53,83,96,129,202,102,102,117,117],"floor_reached":13,"playtime":727,"items_purged":["Regret","Defend_B"],"score":93,"play_id":"dbb68225-76cf-4938-8057-0d0bcd77d64c","local_time":"20190929141742","is_ascension_mode":false,"campfire_choices":[],"neow_cost":"NONE","seed_source_timestamp":1424595954948700,"circlet_count":0,"master_deck":["Strike_B","Strike_B","Strike_B","Strike_B","Defend_B","Defend_B","Zap","Dualcast","Ball Lightning","Double Energy","Darkness","Streamline+1"],"relics":["Cracked Core","Ice Cream","Boot","Unceasing Top","Question Card"],"potions_floor_usage":[6,8,13],"damage_taken":[{"damage":10,"enemies":"Small Slimes","floor":1,"turns":3},{"damage":6,"enemies":"Jaw Worm","floor":5,"turns":2},{"damage":19,"enemies":"3 Sentries","floor":6,"turns":5},{"damage":6,"enemies":"Cultist","floor":7,"turns":3},{"damage":16,"enemies":"Gremlin Nob","floor":8,"turns":3},{"damage":6,"enemies":"Exordium Thugs","floor":12,"turns":3},{"damage":13,"enemies":"3 Sentries","floor":13,"turns":2}],"seed_played":"-6413078613219903668","potions_obtained":[{"floor":5,"key":"Block Potion"},{"floor":6,"key":"Fire Potion"},{"floor":8,"key":"LiquidBronze"},{"floor":12,"key":"FearPotion"}],"is_trial":false,"path_per_floor":["M","?","?","$","M","E","M","E","T","$","?","M","E"],"character_chosen":"DEFECT","items_purchased":[],"campfire_rested":0,"item_purchase_floors":[],"current_hp_per_floor":[72,65,65,65,59,40,34,18,18,18,18,12,0],"gold":117,"neow_bonus":"TEN_PERCENT_HP_BONUS","is_prod":false,"is_daily":false,"chose_seed":false,"campfire_upgraded":0,"win_rate":0.0,"timestamp":1569737862,"path_taken":["M","?","?","?","M","E","?","E","T","$","?","M","E"],"build_version":"2019-07-17","purchased_purges":2,"victory":false,"max_hp_per_floor":[82,82,82,82,82,82,82,82,82,82,82,82,82],"card_choices":[{"not_picked":["Barrage","Leap"],"picked":"Ball Lightning","floor":1},{"not_picked":["Barrage","Heatsinks"],"picked":"Double Energy","floor":5},{"not_picked":["Leap","Glacier"],"picked":"Darkness","floor":6},{"not_picked":["Sweeping Beam","Compile Driver","Steam"],"picked":"SKIP","floor":7},{"not_picked":["Loop","Cold Snap"],"picked":"Streamline","floor":8},{"not_picked":["Rebound","Reinforced Body","BootSequence","Steam"],"picked":"SKIP","floor":12}],"player_experience":48202,"relics_obtained":[{"floor":6,"key":"Boot"},{"floor":8,"key":"Unceasing Top"},{"floor":9,"key":"Question Card"}],"event_choices":[{"cards_removed":["Defend_B"],"damage_healed":0,"gold_gain":0,"player_choice":"Card Removal","damage_taken":7,"max_hp_gain":0,"max_hp_loss":0,"event_name":"Golden Wing","floor":2,"gold_loss":0},{"damage_healed":0,"gold_gain":0,"player_choice":"Box","damage_taken":0,"relics_obtained":["Ice Cream"],"max_hp_gain":0,"max_hp_loss":0,"event_name":"Big Fish","floor":3,"gold_loss":0,"cards_obtained":["Regret"]},{"damage_healed":0,"gold_gain":0,"player_choice":"Upgraded","damage_taken":0,"max_hp_gain":0,"max_hp_loss":0,"event_name":"Upgrade Shrine","floor":11,"gold_loss":0,"cards_upgraded":["Streamline"]}],"is_beta":false,"boss_relics":[],"items_purged_floors":[4,10],"is_endless":false,"potions_floor_spawned":[5,6,8,12],"killed_by":"3 Sentries","ascension_level":0}