{"gold_per_floor":[132,132,22,22,64,151,176,251,251,332,392,434,434,479,479,779,779,836,890,322,61,61,154,154,256,256,358,358,394,439,496,496,790,790,835,871,913,913,280,376,376,436,518,620,701,417,417,522,522,522],"floor_reached":51,"playtime":1195,"items_purged":["Clumsy"],"score":1193,"play_id":"2aaa7900-e01f-4ef3-bc06-e89a00dfd69e","local_time":"20190920013904","daily_mods":["DeadlyEvents","Binary","Cursed Run","Elite Swarm","Lethality","Midas","Night Terrors","Terminal","Uncertain Future","Binary"],"is_ascension_mode":false,"campfire_choices":[{"data":"Doubt","floor":13.0,"key":"PURGE"},{"data":"Injury","floor":15.0,"key":"PURGE"},{"data":"Shame","floor":24.0,"key":"PURGE"},{"data":"Decay","floor":28.0,"key":"PURGE"},{"floor":32.0,"key":"REST"},{"data":"Decay","floor":41.0,"key":"PURGE"},{"data":"Parasite","floor":47.0,"key":"PURGE"},{"floor":49.0,"key":"REST"}],"neow_cost":"","seed_source_timestamp":0,"circlet_count":0,"master_deck":["Strike_R","Strike_R","Defend_R","Defend_R","Defend_R","Defend_R+1","Bash+1","Pummel","Carnage","Apotheosis","Heavy Blade+1","Disarm","The Bomb","Infernal Blade+1","Spot Weakness+1","Power Through+1","Second Wind+1","Burning Pact+1","Thinking Ahead","Armaments+1","Parasite"],"special_seed":0,"relics":["Cursed Key","Darkstone Periapt","Du-Vu Doll","Busted Crown","Molten Egg 2","Bag of Marbles","Orichalcum","Pear","Peace Pipe","Runic Cube","Strawberry","Toolbox","Paper Frog","Oddly Smooth Stone","Self Forming Clay","Dodecahedron","Lizard Tail","Astrolabe","Vajra","Potion Belt","Bottled Flame","Toxic Egg 2","War Paint","MawBank","PreservedInsect","Art of War"],"potions_floor_usage":[50,50,50,50],"damage_taken":[{"damage":0.0,"enemies":"Cultist","floor":1.0,"turns":1.0},{"damage":0.0,"enemies":"2 Louse","floor":5.0,"turns":1.0},{"damage":0.0,"enemies":"Lagavulin","floor":6.0,"turns":2.0},{"damage":5.0,"enemies":"3 Sentries","floor":8.0,"turns":3.0},{"damage":0.0,"enemies":"Gremlin Nob","floor":10.0,"turns":2.0},{"damage":0.0,"enemies":"Small Slimes","floor":11.0,"turns":1.0},{"damage":0.0,"enemies":"Looter","floor":12.0,"turns":1.0},{"damage":0.0,"enemies":"Large Slime","floor":14.0,"turns":1.0},{"damage":0.0,"enemies":"Slime Boss","floor":16.0,"turns":4.0},{"damage":3.0,"enemies":"Spheric Guardian","floor":18.0,"turns":3.0},{"damage":0.0,"enemies":"Chosen","floor":19.0,"turns":3.0},{"damage":12.0,"enemies":"Book of Stabbing","floor":23.0,"turns":3.0},{"damage":0.0,"enemies":"Slavers","floor":25.0,"turns":3.0},{"damage":6.0,"enemies":"Book of Stabbing","floor":27.0,"turns":3.0},{"damage":5.0,"enemies":"Centurion and Healer","floor":29.0,"turns":2.0},{"damage":2.0,"enemies":"Cultist and Chosen","floor":30.0,"turns":3.0},{"damage":0.0,"enemies":"Snake Plant","floor":31.0,"turns":1.0},{"damage":15.0,"enemies":"Champ","floor":33.0,"turns":4.0},{"damage":0.0,"enemies":"3 Darklings","floor":35.0,"turns":3.0},{"damage":0.0,"enemies":"3 Shapes","floor":36.0,"turns":1.0},{"damage":6.0,"enemies":"Jaw Worm Horde","floor":37.0,"turns":3.0},{"damage":6.0,"enemies":"Nemesis","floor":40.0,"turns":3.0},{"damage":0.0,"enemies":"Writhing Mass","floor":42.0,"turns":3.0},{"damage":5.0,"enemies":"Reptomancer","floor":44.0,"turns":2.0},{"damage":1.0,"enemies":"Nemesis","floor":45.0,"turns":3.0},{"damage":5.0,"enemies":"Giant Head","floor":48.0,"turns":6.0},{"damage":10,"enemies":"Time Eater","floor":50,"turns":8}],"seed_played":"8376084070188105750","potions_obtained":[{"floor":1.0,"key":"AttackPotion"},{"floor":5.0,"key":"Explosive Potion"},{"floor":11.0,"key":"Strength Potion"},{"floor":12.0,"key":"ElixirPotion"},{"floor":29.0,"key":"EssenceOfSteel"},{"floor":33.0,"key":"ElixirPotion"},{"floor":36.0,"key":"Swift Potion"},{"floor":40.0,"key":"Ancient Potion"},{"floor":45.0,"key":"Block Potion"}],"is_trial":true,"path_per_floor":["M","?","$","?","M","E","T","E","T","E","M","M","R","M","R","B",null,"M","M","$","$","?","E","R","E","T","E","R","M","M","M","R","B",null,"M","M","M","?","$","E","R","M","T","E","E","$","R","E","R","B",null],"character_chosen":"IRONCLAD","items_purchased":["Pummel","Carnage","DuplicationPotion","Apotheosis","Strawberry","Toolbox","Heavy Blade+1","Disarm","The Bomb","Vajra","Strength Potion","Second Wind","Burning Pact","Thinking Ahead","Potion Belt","PreservedInsect","SkillPotion","Armaments+1"],"campfire_rested":2,"item_purchase_floors":[3,3,20,20,20,20,20,21,21,39,39,39,39,39,39,46,46,46],"current_hp_per_floor":[1,5,4,3,2,1,6,1,17,17,17,17,16,15,14,19,18,15,15,22,21,26,14,14,14,20,14,14,9,7,7,17,8,21,20,19,13,13,13,7,7,7,13,8,7,7,7,2,4,8],"gold":522,"neow_bonus":"","is_prod":false,"is_daily":false,"chose_seed":false,"campfire_upgraded":0,"win_rate":0,"timestamp":1568961544,"path_taken":["M","?","$","?","M","E","?","E","T","E","M","M","R","M","R","BOSS","M","M","?","$","?","E","R","E","T","E","R","?","M","M","R","BOSS","M","M","M","?","?","E","R","M","T","?","E","$","R","E","R","BOSS"],"build_version":"2019-09-19","purchased_purges":1,"victory":true,"max_hp_per_floor":[1,5,4,3,2,1,6,5,20,19,18,17,16,15,14,19,18,17,16,22,21,26,25,24,23,28,27,26,25,24,23,17,22,21,20,19,18,17,16,15,14,13,18,17,16,15,11,10,4,9],"card_choices":[],"player_experience":1411090,"relics_obtained":[{"floor":6.0,"key":"Molten Egg 2"},{"floor":7.0,"key":"Bag of Marbles"},{"floor":8.0,"key":"Orichalcum"},{"floor":9.0,"key":"Pear"},{"floor":10.0,"key":"Peace Pipe"},{"floor":23.0,"key":"Oddly Smooth Stone"},{"floor":25.0,"key":"Self Forming Clay"},{"floor":26.0,"key":"Dodecahedron"},{"floor":27.0,"key":"Lizard Tail"},{"floor":40.0,"key":"Bottled Flame"},{"floor":43.0,"key":"Toxic Egg 2"},{"floor":44.0,"key":"War Paint"},{"floor":45.0,"key":"MawBank"},{"floor":48.0,"key":"Art of War"}],"event_choices":[{"damage_healed":0.0,"max_hp_gain":5.0,"max_hp_loss":0.0,"gold_gain":0.0,"event_name":"Big Fish","player_choice":"Donut","floor":2.0,"gold_loss":0.0,"damage_taken":0.0},{"damage_healed":0.0,"max_hp_gain":0.0,"max_hp_loss":0.0,"gold_gain":0.0,"event_name":"Shining Light","player_choice":"Entered Light","floor":4.0,"gold_loss":0.0,"damage_taken":1.0,"cards_upgraded":["Defend_R","Bash"]},{"damage_healed":0.0,"max_hp_gain":0.0,"max_hp_loss":0.0,"gold_gain":0.0,"event_name":"Addict","player_choice":"Stole Relic","floor":22.0,"gold_loss":0.0,"damage_taken":0.0,"relics_obtained":["Paper Frog"],"cards_obtained":["Shame"]},{"damage_healed":0.0,"max_hp_gain":0.0,"max_hp_loss":0.0,"gold_gain":0.0,"event_name":"Mysterious Sphere","player_choice":"Ignored","floor":38.0,"gold_loss":0.0,"damage_taken":0.0}],"is_beta":true,"boss_relics":[{"not_picked":["Snecko Eye","Runic Dome"],"picked":"Runic Cube"},{"not_picked":["Runic Pyramid","SacredBark"],"picked":"Astrolabe"}],"items_purged_floors":[46],"is_endless":false,"potions_floor_spawned":[1,5,11,12,14,29,30,33,36,40,45],"ascension_level":0}