{"gold_per_floor":[110,120,130,55,55,55,88,88,88,103,103],"floor_reached":11,"playtime":730,"items_purged":["Defend_B"],"score":73,"play_id":"f8a46337-277c-4460-a793-f7cfe8a3434d","local_time":"20190929145151","is_ascension_mode":false,"campfire_choices":[{"data":"Dualcast","floor":6,"key":"SMITH"},{"data":"Zap","floor":8,"key":"SMITH"}],"neow_cost":"NONE","seed_source_timestamp":1426642776021400,"circlet_count":0,"master_deck":["Strike_B","Strike_B","Strike_B","Strike_B","Defend_B","Defend_B","Zap+1","Dualcast+1","Amplify","Doom and Gloom","Machine Learning","Regret","Rainbow+1"],"relics":["Cracked Core","Kunai","Toxic Egg 2","Bottled Tornado"],"potions_floor_usage":[7,11,11],"damage_taken":[{"damage":6,"enemies":"Jaw Worm","floor":1,"turns":3},{"damage":2,"enemies":"2 Louse","floor":2,"turns":2},{"damage":1,"enemies":"Cultist","floor":3,"turns":4},{"damage":32,"enemies":"Lagavulin","floor":7,"turns":6},{"damage":16,"enemies":"Red Slaver","floor":10,"turns":3},{"damage":12,"enemies":"3 Sentries","floor":11,"turns":2}],"seed_played":"4348504434399008347","potions_obtained":[{"floor":1,"key":"Swift Potion"},{"floor":2,"key":"LiquidBronze"},{"floor":10,"key":"Strength Potion"}],"is_trial":false,"path_per_floor":["M","M","M","$","?","R","E","R","T","M","E"],"character_chosen":"DEFECT","items_purchased":[],"campfire_rested":0,"item_purchase_floors":[],"current_hp_per_floor":[69,67,66,66,66,66,34,34,34,18,6],"gold":103,"neow_bonus":"TRANSFORM_CARD","is_prod":false,"is_daily":false,"chose_seed":false,"campfire_upgraded":2,"win_rate":0.0,"timestamp":1569739911,"path_taken":["M","M","M","$","?","R","E","R","T","M","E"],"build_version":"2019-07-17","purchased_purges":1,"victory":false,"max_hp_per_floor":[75,75,75,75,75,75,75,75,75,75,75],"card_choices":[{"not_picked":["Scrape","Steam Power","Leap"],"picked":"SKIP","floor":1},{"not_picked":["Leap","Gash"],"picked":"Doom and Gloom","floor":2},{"not_picked":["Coolheaded","Capacitor"],"picked":"Machine Learning","floor":3},{"not_picked":["Leap","Ball Lightning"],"picked":"Rainbow","floor":7},{"not_picked":["FTL","Leap+1","Streamline"],"picked":"SKIP","floor":10}],"player_experience":50228,"relics_obtained":[{"floor":7,"key":"Toxic Egg 2"},{"floor":9,"key":"Bottled Tornado"}],"event_choices":[{"damage_healed":0,"gold_gain":0,"player_choice":"Box","damage_taken":0,"relics_obtained":["Kunai"],"max_hp_gain":0,"max_hp_loss":0,"event_name":"Big Fish","floor":5,"gold_loss":0,"cards_obtained":["Regret"]}],"is_beta":false,"boss_relics":[],"items_purged_floors":[4],"is_endless":false,"potions_floor_spawned":[1,2,10],"killed_by":"3 Sentries","ascension_level":0}