{"gold_per_floor":[113,63,63,63,78,106,122,122,149,149],"floor_reached":10,"playtime":341,"items_purged":[],"score":73,"play_id":"df30f140-3483-4a9e-aa3b-ad42dd8fe2de","local_time":"20191009221320","is_ascension_mode":true,"campfire_choices":[{"floor":8,"key":"REST"}],"neow_cost":"TEN_PERCENT_HP_LOSS","seed_source_timestamp":2317519765447700,"circlet_count":0,"master_deck":["Strike_B","Strike_B","Strike_B","Strike_B","Zap","Dualcast","Defragment","Turbo"],"relics":["Cracked Core","Anchor","Du-Vu Doll"],"potions_floor_usage":[7],"damage_taken":[{"damage":3,"enemies":"2 Louse","floor":1,"turns":2},{"damage":0,"enemies":"Small Slimes","floor":5,"turns":3},{"damage":36,"enemies":"Gremlin Nob","floor":6,"turns":4},{"damage":0,"enemies":"Cultist","floor":7,"turns":2},{"damage":36,"enemies":"Lagavulin","floor":10,"turns":3}],"seed_played":"181559048532004405","potions_obtained":[{"floor":6,"key":"FocusPotion"},{"floor":7,"key":"Energy Potion"}],"is_trial":false,"path_per_floor":["M","?","?","?","M","E","M","R","T","E"],"character_chosen":"DEFECT","items_purchased":[],"campfire_rested":1,"item_purchase_floors":[],"current_hp_per_floor":[65,65,58,40,40,4,4,24,24,0],"gold":149,"neow_bonus":"REMOVE_TWO","is_prod":false,"is_daily":false,"chose_seed":false,"campfire_upgraded":0,"win_rate":0,"timestamp":1570630400,"path_taken":["M","?","?","?","M","E","M","R","T","E"],"build_version":"2019-07-17","purchased_purges":0,"victory":false,"max_hp_per_floor":[68,68,68,68,68,68,68,68,68,68],"card_choices":[{"not_picked":["Steam","Recycle"],"picked":"Defragment","floor":1},{"not_picked":["Conserve Battery","Compile Driver","Hologram"],"picked":"SKIP","floor":5},{"not_picked":["Steam","Rebound","Go for the Eyes"],"picked":"SKIP","floor":6},{"not_picked":["Beam Cell","Go for the Eyes"],"picked":"Turbo","floor":7}],"player_experience":135194,"relics_obtained":[{"floor":6,"key":"Du-Vu Doll"}],"event_choices":[{"cards_removed":["Defend_B"],"damage_healed":0,"gold_gain":0,"player_choice":"Card Removal","damage_taken":0,"max_hp_gain":0,"max_hp_loss":0,"event_name":"The Cleric","floor":2,"gold_loss":50},{"cards_removed":["Defend_B"],"damage_healed":0,"gold_gain":0,"player_choice":"Card Removal","damage_taken":7,"max_hp_gain":0,"max_hp_loss":0,"event_name":"Golden Wing","floor":3,"gold_loss":0},{"damage_healed":0,"gold_gain":0,"player_choice":"Success","damage_taken":18,"relics_obtained":["Anchor"],"max_hp_gain":0,"max_hp_loss":0,"event_name":"Scrap Ooze","floor":4,"gold_loss":0}],"is_beta":false,"boss_relics":[],"items_purged_floors":[],"is_endless":false,"potions_floor_spawned":[6,7],"killed_by":"Lagavulin","ascension_level":2}