{"gold_per_floor":[17,17,31,31,46,89,89,109,162,201,201,216,257,332,332,456,456,470,470,488,507,507],"floor_reached":22,"playtime":1117,"items_purged":[],"score":247,"play_id":"737e16f9-07aa-4ffe-9e95-f790e6756886","local_time":"20191010061151","is_ascension_mode":true,"campfire_choices":[{"data":"True Grit","floor":11,"key":"SMITH"},{"data":"Wild Strike","floor":15,"key":"SMITH"}],"neow_cost":"NO_GOLD","seed_source_timestamp":2345455417097700,"circlet_count":0,"master_deck":["Strike_R","Strike_R","Strike_R","Strike_R","Defend_R","Defend_R","Defend_R","Bash","Immolate","True Grit+1","Evolve","Second Wind","Sentinel","Wild Strike+1","Barricade","PanicButton","Bash"],"relics":["Burning Blood","Golden Idol","Bottled Tornado","PreservedInsect","Vajra","Boot","Coffee Dripper"],"potions_floor_usage":[10,16],"damage_taken":[{"damage":5,"enemies":"Jaw Worm","floor":1,"turns":3},{"damage":5,"enemies":"Small Slimes","floor":3,"turns":4},{"damage":0,"enemies":"Cultist","floor":5,"turns":3},{"damage":44,"enemies":"Gremlin Nob","floor":6,"turns":5},{"damage":0,"enemies":"2 Fungi Beasts","floor":8,"turns":2},{"damage":23,"enemies":"3 Sentries","floor":10,"turns":5},{"damage":0,"enemies":"3 Louse","floor":12,"turns":1},{"damage":19,"enemies":"Gremlin Nob","floor":13,"turns":4},{"damage":18,"enemies":"Slime Boss","floor":16,"turns":7},{"damage":19,"enemies":"Shell Parasite","floor":18,"turns":4},{"damage":35,"enemies":"3 Byrds","floor":20,"turns":5},{"damage":24,"enemies":"Snake Plant","floor":21,"turns":3},{"damage":0,"enemies":"Shelled Parasite and Fungi","floor":22,"turns":2}],"seed_played":"-7173169307049896316","potions_obtained":[{"floor":3,"key":"LiquidBronze"},{"floor":5,"key":"Energy Potion"},{"floor":6,"key":"SkillPotion"},{"floor":18,"key":"SpeedPotion"},{"floor":21,"key":"FearPotion"}],"is_trial":false,"path_per_floor":["M","?","M","$","M","E","?","M","T","E","R","M","E","?","R","B",null,"M","?","M","M","M"],"character_chosen":"IRONCLAD","items_purchased":[],"campfire_rested":0,"item_purchase_floors":[],"current_hp_per_floor":[80,60,61,61,67,29,55,61,61,44,44,50,37,26,26,14,80,67,67,38,20,20],"gold":507,"neow_bonus":"TRANSFORM_TWO_CARDS","is_prod":false,"is_daily":false,"chose_seed":false,"campfire_upgraded":2,"win_rate":0,"timestamp":1570659111,"path_taken":["M","?","M","$","M","E","?","M","T","E","R","M","E","?","R","BOSS","M","?","M","?","M"],"build_version":"2019-07-17","purchased_purges":0,"victory":false,"max_hp_per_floor":[80,80,80,80,80,80,80,80,80,80,80,80,80,80,80,80,80,80,80,80,80,80],"card_choices":[{"not_picked":["Headbutt","Anger"],"picked":"Evolve","floor":1},{"not_picked":["True Grit","Clothesline","Evolve"],"picked":"SKIP","floor":3},{"not_picked":["Perfected Strike","Armaments","Metallicize"],"picked":"SKIP","floor":5},{"not_picked":["Shockwave","Pummel"],"picked":"Second Wind","floor":6},{"not_picked":["Shrug It Off","Cleave"],"picked":"Sentinel","floor":8},{"not_picked":["Shrug It Off","Reaper","Dropkick"],"picked":"SKIP","floor":10},{"not_picked":["Twin Strike","Searing Blow","Blood for Blood"],"picked":"SKIP","floor":12},{"not_picked":["Body Slam","Cleave"],"picked":"Wild Strike","floor":13},{"not_picked":["Berserk","Exhume"],"picked":"Barricade","floor":16},{"not_picked":["Havoc","Armaments","Headbutt"],"picked":"SKIP","floor":18},{"not_picked":["Clothesline+1","Iron Wave+1","Dropkick"],"picked":"SKIP","floor":20},{"not_picked":["Headbutt","Searing Blow+1","Twin Strike+1"],"picked":"SKIP","floor":21}],"player_experience":144607,"relics_obtained":[{"floor":6,"key":"Bottled Tornado"},{"floor":9,"key":"PreservedInsect"},{"floor":10,"key":"Vajra"},{"floor":13,"key":"Boot"}],"event_choices":[{"damage_healed":0,"gold_gain":0,"player_choice":"Take Damage","damage_taken":20,"relics_obtained":["Golden Idol"],"max_hp_gain":0,"max_hp_loss":0,"event_name":"Golden Idol","floor":2,"gold_loss":0},{"damage_healed":26,"gold_gain":0,"player_choice":"Banana","damage_taken":0,"max_hp_gain":0,"max_hp_loss":0,"event_name":"Big Fish","floor":7,"gold_loss":0},{"damage_healed":0,"gold_gain":75,"player_choice":"Gather Gold","damage_taken":11,"max_hp_gain":0,"max_hp_loss":0,"event_name":"World of Goop","floor":14,"gold_loss":0},{"damage_healed":0,"gold_gain":0,"player_choice":"2 cards matched","damage_taken":0,"max_hp_gain":0,"max_hp_loss":0,"event_name":"Match and Keep!","floor":19,"gold_loss":0,"cards_obtained":["PanicButton","Bash"]}],"is_beta":false,"boss_relics":[{"not_picked":["White Beast Statue","Runic Pyramid"],"picked":"Coffee Dripper"}],"items_purged_floors":[],"is_endless":false,"potions_floor_spawned":[3,5,6,18,21],"killed_by":"Shelled Parasite and Fungi","ascension_level":4}