{"gold_per_floor":[14,14,28,49,63,63,78,78,78,121,121,121,154,4,4,4],"floor_reached":16,"playtime":948,"items_purged":["Defend_B"],"score":116,"play_id":"f203bddb-0eae-4382-8539-627b254e11d9","local_time":"20191006101901","is_ascension_mode":true,"campfire_choices":[{"data":"Zap","floor":6,"key":"SMITH"},{"data":"Dualcast","floor":8,"key":"SMITH"},{"floor":15,"key":"REST"}],"neow_cost":"NO_GOLD","seed_source_timestamp":2014853269351600,"circlet_count":0,"master_deck":["Strike_B","Strike_B","Strike_B","Strike_B","Defend_B","Defend_B","Defend_B","Zap+1","Dualcast+1","Dark Shackles","Trip","Scrape","Steam","Go for the Eyes","Skim"],"relics":["Cracked Core","Golden Idol","Gremlin Horn","Mummified Hand","Shuriken"],"potions_floor_usage":[10,13,16],"damage_taken":[{"damage":7,"enemies":"Small Slimes","floor":1,"turns":4},{"damage":0,"enemies":"2 Louse","floor":3,"turns":2},{"damage":1,"enemies":"Cultist","floor":4,"turns":3},{"damage":4,"enemies":"3 Louse","floor":5,"turns":4},{"damage":6,"enemies":"Exordium Wildlife","floor":7,"turns":3},{"damage":22,"enemies":"Lagavulin","floor":10,"turns":6},{"damage":10,"enemies":"Gremlin Nob","floor":13,"turns":3},{"damage":29,"enemies":"The Guardian","floor":16,"turns":8}],"seed_played":"7458713224271834690","potions_obtained":[{"floor":3,"key":"GamblersBrew"},{"floor":10,"key":"Fire Potion"},{"floor":13,"key":"Dexterity Potion"}],"is_trial":false,"path_per_floor":["M","?","M","M","M","R","M","R","T","E","?","?","E","$","R","B"],"character_chosen":"DEFECT","items_purchased":["Skim"],"campfire_rested":1,"item_purchase_floors":[14],"current_hp_per_floor":[68,50,50,49,45,45,39,39,39,17,17,17,7,7,29,0],"gold":4,"neow_bonus":"RANDOM_COLORLESS_2","is_prod":false,"is_daily":false,"chose_seed":false,"campfire_upgraded":2,"win_rate":0,"timestamp":1570328341,"path_taken":["M","?","M","M","M","R","M","R","T","E","?","?","E","$","R","BOSS"],"build_version":"2019-07-17","purchased_purges":1,"victory":false,"max_hp_per_floor":[75,75,75,75,75,75,75,75,75,75,75,75,75,75,75,75],"card_choices":[{"not_picked":["Hologram","Steam","Auto Shields"],"picked":"SKIP","floor":1},{"not_picked":["Rebound","Hologram"],"picked":"Scrape","floor":3},{"not_picked":["Leap","Steam","Steam Power"],"picked":"SKIP","floor":4},{"not_picked":["Cold Snap","Blizzard","Conserve Battery"],"picked":"SKIP","floor":5},{"not_picked":["Force Field","Sweeping Beam","Redo"],"picked":"SKIP","floor":7},{"not_picked":["Steam Power","Compile Driver"],"picked":"Steam","floor":10},{"not_picked":["Stack","Chill","Fusion"],"picked":"SKIP","floor":13}],"player_experience":109514,"relics_obtained":[{"floor":9,"key":"Gremlin Horn"},{"floor":10,"key":"Mummified Hand"},{"floor":13,"key":"Shuriken"}],"event_choices":[{"damage_healed":0,"gold_gain":0,"player_choice":"Take Damage","damage_taken":18,"relics_obtained":["Golden Idol"],"max_hp_gain":0,"max_hp_loss":0,"event_name":"Golden Idol","floor":2,"gold_loss":0},{"damage_healed":0,"gold_gain":0,"player_choice":"Ignored","damage_taken":0,"max_hp_gain":0,"max_hp_loss":0,"event_name":"Shining Light","floor":11,"gold_loss":0},{"damage_healed":0,"gold_gain":0,"player_choice":"1 cards matched","damage_taken":0,"max_hp_gain":0,"max_hp_loss":0,"event_name":"Match and Keep!","floor":12,"gold_loss":0,"cards_obtained":["Go for the Eyes"]}],"is_beta":false,"boss_relics":[],"items_purged_floors":[14],"is_endless":false,"potions_floor_spawned":[3,10,13],"killed_by":"The Guardian","ascension_level":1}