{"gold_per_floor":[112,37,37,37,57,92,92,104,104,4,30,54,83,111,123,232,244,274,286,298,337,362,400,412,440,452,480,492],"floor_reached":28,"playtime":1801,"items_purged":["Defend_G","Defend_G"],"score":289,"play_id":"0d0b979f-b73a-4d48-9039-962c135c9413","local_time":"20191005201250","is_ascension_mode":true,"campfire_choices":[{"floor":7,"key":"REST"},{"data":"Bouncing Flask","floor":15,"key":"SMITH"}],"neow_cost":"NONE","seed_source_timestamp":1963227929959700,"circlet_count":0,"master_deck":["Strike_G","Strike_G","Strike_G","Strike_G","Strike_G","Defend_G","Defend_G","Survivor+1","Neutralize","Deadly Poison","Burst","Poisoned Stab","PiercingWail","Die Die Die","Bouncing Flask+1","Venomology","Catalyst+1"],"relics":["Ring of the Snake","Question Card","MawBank","Fusion Hammer","StoneCalendar","Smiling Mask","Calipers","Pantograph"],"potions_floor_usage":[6,11,16,23,23,23,25],"damage_taken":[{"damage":2,"enemies":"Jaw Worm","floor":1,"turns":4},{"damage":10,"enemies":"Small Slimes","floor":5,"turns":4},{"damage":21,"enemies":"Gremlin Nob","floor":6,"turns":4},{"damage":1,"enemies":"Cultist","floor":8,"turns":4},{"damage":0,"enemies":"Lagavulin","floor":11,"turns":6},{"damage":5,"enemies":"2 Fungi Beasts","floor":12,"turns":4},{"damage":2,"enemies":"Blue Slaver","floor":13,"turns":4},{"damage":2,"enemies":"3 Louse","floor":14,"turns":2},{"damage":39,"enemies":"Slime Boss","floor":16,"turns":10},{"damage":1,"enemies":"Chosen","floor":18,"turns":3},{"damage":5,"enemies":"Shell Parasite","floor":22,"turns":2},{"damage":28,"enemies":"Slavers","floor":23,"turns":4},{"damage":16,"enemies":"Shelled Parasite and Fungi","floor":25,"turns":4},{"damage":28,"enemies":"Sentry and Sphere","floor":27,"turns":5},{"damage":8,"enemies":"Gremlin Leader","floor":28,"turns":1}],"seed_played":"7617403479304792118","potions_obtained":[{"floor":1,"key":"Explosive Potion"},{"floor":5,"key":"Strength Potion"},{"floor":6,"key":"EssenceOfSteel"},{"floor":12,"key":"AttackPotion"},{"floor":14,"key":"Poison Potion"},{"floor":22,"key":"EssenceOfSteel"}],"is_trial":false,"path_per_floor":["M","$","?","?","M","E","R","M","T","$","E","M","M","M","R","B",null,"M","?","?","T","M","E","?","M","T","M","E"],"character_chosen":"THE_SILENT","items_purchased":[],"campfire_rested":1,"item_purchase_floors":[],"current_hp_per_floor":[68,68,68,68,58,37,58,57,57,57,57,52,50,48,48,9,70,69,69,69,69,64,36,36,20,20,7,0],"gold":492,"neow_bonus":"UPGRADE_CARD","is_prod":false,"is_daily":false,"chose_seed":false,"campfire_upgraded":1,"win_rate":0,"timestamp":1570277570,"path_taken":["M","$","?","?","M","E","R","M","T","$","E","M","?","M","R","BOSS","M","?","?","?","M","E","?","M","T","M","E"],"build_version":"2019-07-17","purchased_purges":2,"victory":false,"max_hp_per_floor":[70,70,70,70,70,70,70,70,70,70,70,70,70,70,70,70,70,70,70,70,70,70,70,70,70,70,70,70],"card_choices":[{"not_picked":["Accuracy","PiercingWail"],"picked":"Deadly Poison","floor":1},{"not_picked":["Prepared","Eviscerate","PiercingWail"],"picked":"SKIP","floor":5},{"not_picked":["Finisher","Dagger Throw","Blur"],"picked":"SKIP","floor":6},{"not_picked":["PiercingWail","Eviscerate","Acrobatics"],"picked":"Poisoned Stab","floor":8},{"not_picked":["Blade Dance","Masterful Stab","Distraction","Caltrops"],"picked":"SKIP","floor":11},{"not_picked":["Calculated Gamble","Leg Sweep","Prepared"],"picked":"PiercingWail","floor":12},{"not_picked":["Dagger Throw","PiercingWail","Choke"],"picked":"Die Die Die","floor":13},{"not_picked":["Flying Knee","Dodge and Roll","Backflip"],"picked":"Bouncing Flask","floor":14},{"not_picked":["A Thousand Cuts","Glass Knife","After Image"],"picked":"Venomology","floor":16},{"not_picked":["Dagger Spray+1","Prepared","Choke"],"picked":"Catalyst+1","floor":18},{"not_picked":["Deadly Poison","Calculated Gamble","Terror","Outmaneuver"],"picked":"SKIP","floor":22},{"not_picked":["Dagger Spray+1","Quick Slash","Caltrops+1","Dodge and Roll"],"picked":"SKIP","floor":23},{"not_picked":["Dagger Throw+1","Masterful Stab","Deflect+1","PiercingWail"],"picked":"SKIP","floor":25},{"not_picked":["Dagger Throw","Backflip+1","Expertise","Dodge and Roll"],"picked":"SKIP","floor":27}],"player_experience":96331,"relics_obtained":[{"floor":6,"key":"Question Card"},{"floor":11,"key":"MawBank"},{"floor":21,"key":"Smiling Mask"},{"floor":23,"key":"Calipers"},{"floor":26,"key":"Pantograph"}],"event_choices":[{"damage_healed":0,"gold_gain":0,"player_choice":"Leave","damage_taken":0,"max_hp_gain":0,"max_hp_loss":0,"event_name":"The Cleric","floor":3,"gold_loss":0},{"damage_healed":0,"gold_gain":0,"cards_transformed":["Defend_G"],"player_choice":"Transformed","damage_taken":0,"max_hp_gain":0,"max_hp_loss":0,"event_name":"Transmorgrifier","floor":4,"gold_loss":0,"cards_obtained":["Burst"]},{"damage_healed":0,"gold_gain":0,"player_choice":"Opened","damage_taken":0,"relics_obtained":["StoneCalendar"],"max_hp_gain":0,"max_hp_loss":0,"event_name":"The Mausoleum","floor":19,"gold_loss":0,"cards_obtained":["Writhe"]},{"cards_removed":["Writhe"],"damage_healed":0,"gold_gain":0,"player_choice":"Elegance","damage_taken":0,"max_hp_gain":0,"max_hp_loss":0,"event_name":"Back to Basics","floor":20,"gold_loss":0},{"damage_healed":0,"gold_gain":0,"player_choice":"Ignored","damage_taken":0,"max_hp_gain":0,"max_hp_loss":0,"event_name":"Ghosts","floor":24,"gold_loss":0}],"is_beta":false,"boss_relics":[{"not_picked":["Cursed Key","Snecko Eye"],"picked":"Fusion Hammer"}],"items_purged_floors":[2,10],"is_endless":false,"potions_floor_spawned":[1,5,6,12,14,18,22],"killed_by":"Gremlin Leader","ascension_level":1}