{"gold_per_floor":[135,135,192,228,267,366,366,411,411,507,507,603,603],"floor_reached":13,"playtime":222,"items_purged":[],"score":130,"play_id":"2efa67ba-b4ae-4e0c-8547-643dff5fde0f","local_time":"20190919125037","daily_mods":["DeadlyEvents","Binary","Cursed Run","Elite Swarm","Lethality","Midas","Night Terrors","Terminal","Uncertain Future","Binary"],"is_ascension_mode":false,"campfire_choices":[{"floor":7,"key":"REST"},{"floor":11,"key":"REST"}],"neow_cost":"","seed_source_timestamp":0,"circlet_count":0,"master_deck":["Strike_R","Strike_R","Strike_R","Strike_R","Strike_R","Defend_R","Defend_R","Defend_R","Defend_R","Bash+1","Shame"],"relics":["Cursed Key","Darkstone Periapt","Du-Vu Doll","Busted Crown","Charon\u0027s Ashes","Meat on the Bone","Lizard Tail","Toxic Egg 2"],"potions_floor_usage":[6],"damage_taken":[{"damage":0,"enemies":"Cultist","floor":1,"turns":2},{"damage":0,"enemies":"2 Louse","floor":3,"turns":2},{"damage":0,"enemies":"Jaw Worm","floor":4,"turns":2},{"damage":0,"enemies":"Exordium Thugs","floor":5,"turns":3},{"damage":0,"enemies":"Lagavulin","floor":6,"turns":3},{"damage":0,"enemies":"3 Louse","floor":8,"turns":2},{"damage":5,"enemies":"3 Sentries","floor":10,"turns":6},{"damage":1,"enemies":"Gremlin Nob","floor":12,"turns":3},{"damage":2,"enemies":"3 Sentries","floor":13,"turns":2}],"seed_played":"-270113853144209102","potions_obtained":[{"floor":3,"key":"BloodPotion"},{"floor":4,"key":"SpeedPotion"},{"floor":8,"key":"BloodPotion"}],"is_trial":true,"path_per_floor":["M","?","M","M","M","E","R","M","T","E","R","E","E"],"character_chosen":"IRONCLAD","items_purchased":[],"campfire_rested":2,"item_purchase_floors":[],"current_hp_per_floor":[1,1,1,1,1,1,1,1,6,5,1,1,0],"gold":603,"neow_bonus":"","is_prod":false,"is_daily":false,"chose_seed":false,"campfire_upgraded":0,"win_rate":0,"timestamp":1568915437,"path_taken":["M","?","M","M","M","E","R","?","T","E","R","?","E"],"build_version":"2019-09-18","purchased_purges":0,"victory":false,"max_hp_per_floor":[1,1,1,1,1,1,1,1,6,5,1,1,1],"card_choices":[],"player_experience":1406338,"relics_obtained":[{"floor":6,"key":"Charon\u0027s Ashes"},{"floor":9,"key":"Meat on the Bone"},{"floor":10,"key":"Lizard Tail"},{"floor":12,"key":"Toxic Egg 2"}],"event_choices":[{"damage_healed":0,"gold_gain":0,"player_choice":"Upgraded","damage_taken":0,"max_hp_gain":0,"max_hp_loss":0,"event_name":"Upgrade Shrine","floor":2,"gold_loss":0,"cards_upgraded":["Bash"]}],"is_beta":true,"boss_relics":[],"items_purged_floors":[],"is_endless":false,"potions_floor_spawned":[3,4,8],"killed_by":"3 Sentries","ascension_level":0}