{"gold_per_floor":[109,120,45,56,73,73,23,48,48,48,75,75,104,123,123,221,221,236,236,254,254,274,309,321,321,370,370,386,421,421,447,447,548,598,615,715,715,373,420,449,466,466,466,466,495,495,526,542,542,542],"floor_reached":51,"playtime":4238,"items_purged":["Defend_B","Hologram"],"score":824,"play_id":"9bf2593c-d4fa-4e83-bf7e-6dee5e88c897","local_time":"20191006132000","is_ascension_mode":true,"campfire_choices":[{"data":"Zap","floor":6.0,"key":"SMITH"},{"data":"Scrape","floor":10.0,"key":"SMITH"},{"floor":15.0,"key":"REST"},{"data":"Beam Cell","floor":25.0,"key":"SMITH"},{"data":"Gash","floor":27.0,"key":"SMITH"},{"data":"Gash","floor":30.0,"key":"SMITH"},{"floor":32.0,"key":"REST"},{"data":"Machine Learning","floor":42,"key":"SMITH"},{"floor":44,"key":"REST"},{"data":"Scrape","floor":46,"key":"SMITH"},{"data":"Static Discharge","floor":49,"key":"SMITH"}],"neow_cost":"NONE","seed_source_timestamp":2018537162899100,"circlet_count":0,"master_deck":["Zap+1","Dualcast+1","Beam Cell+1","Scrape+1","Gash+1","Steam+1","BootSequence+1","Steam+1","All For One","Bite","Bite","Bite","Bite","Bite","Gash+1","Machine Learning+1","Scrape+1","Streamline+1","Undo+1","Static Discharge+1","Gash+1","Rebound"],"special_seed":0,"relics":["Cracked Core","Lantern","Kunai","Regal Pillow","Lizard Tail","Bag of Marbles","Pen Nib","War Paint","Tiny House","Nunchaku","Bottled Flame","Incense Burner","Singing Bowl","Omamori","Mummified Hand","Vajra"],"potions_floor_usage":[40,50],"damage_taken":[{"damage":0.0,"enemies":"Small Slimes","floor":1.0,"turns":2.0},{"damage":6.0,"enemies":"Jaw Worm","floor":2.0,"turns":2.0},{"damage":0.0,"enemies":"Cultist","floor":4.0,"turns":2.0},{"damage":6.0,"enemies":"2 Fungi Beasts","floor":5.0,"turns":2.0},{"damage":22.0,"enemies":"3 Sentries","floor":8.0,"turns":6.0},{"damage":13.0,"enemies":"Lagavulin","floor":11.0,"turns":4.0},{"damage":18.0,"enemies":"3 Sentries","floor":13.0,"turns":5.0},{"damage":0.0,"enemies":"Blue Slaver","floor":14.0,"turns":2.0},{"damage":18.0,"enemies":"Slime Boss","floor":16.0,"turns":8.0},{"damage":5.0,"enemies":"3 Byrds","floor":18.0,"turns":4.0},{"damage":3.0,"enemies":"Shell Parasite","floor":20.0,"turns":3.0},{"damage":16.0,"enemies":"Centurion and Healer","floor":22.0,"turns":6.0},{"damage":28.0,"enemies":"Slavers","floor":23.0,"turns":6.0},{"damage":1.0,"enemies":"3 Cultists","floor":24.0,"turns":4.0},{"damage":8.0,"enemies":"Snecko","floor":28.0,"turns":4.0},{"damage":3.0,"enemies":"Book of Stabbing","floor":29.0,"turns":4.0},{"damage":31.0,"enemies":"Slavers","floor":31.0,"turns":4.0},{"damage":43.0,"enemies":"Automaton","floor":33.0,"turns":8.0},{"damage":13.0,"enemies":"3 Shapes","floor":35.0,"turns":4.0},{"damage":33.0,"enemies":"Mind Bloom Boss Battle","floor":36.0,"turns":4.0},{"damage":22.0,"enemies":"2 Orb Walkers","floor":39.0,"turns":4.0},{"damage":46,"enemies":"Reptomancer","floor":40,"turns":6},{"damage":2,"enemies":"Orb Walker","floor":41,"turns":3},{"damage":36,"enemies":"Giant Head","floor":45,"turns":7},{"damage":1,"enemies":"Nemesis","floor":47,"turns":3},{"damage":13,"enemies":"3 Darklings","floor":48,"turns":4},{"damage":55,"enemies":"Awakened One","floor":50,"turns":9}],"seed_played":"8816837616324975653","potions_obtained":[{"floor":4.0,"key":"Poison Potion"},{"floor":8.0,"key":"Block Potion"},{"floor":11.0,"key":"PowerPotion"},{"floor":16.0,"key":"Strength Potion"},{"floor":22.0,"key":"Block Potion"},{"floor":24.0,"key":"SkillPotion"},{"floor":28.0,"key":"SpeedPotion"},{"floor":29.0,"key":"FearPotion"},{"floor":34.0,"key":"Regen Potion"},{"floor":35.0,"key":"Fire Potion"},{"floor":39.0,"key":"LiquidBronze"},{"floor":40,"key":"AttackPotion"},{"floor":41,"key":"FairyPotion"}],"is_trial":false,"path_per_floor":["M","M","$","M","M","R","?","E","T","R","E","?","E","M","R","B",null,"M","?","M","?","M","E","M","R","T","R","M","E","R","E","R","B",null,"M","?","?","$","?","E","M","R","T","R","E","R","E","M","R","B",null],"character_chosen":"DEFECT","items_purchased":["Bottled Flame"],"campfire_rested":3,"item_purchase_floors":[38],"current_hp_per_floor":[75,69,69,69,63,63,63,41,41,41,30,30,14,16,53,37,75,70,70,74,74,63,51,58,58,58,58,60,65,65,40,75,45,80,71,46,46,46,45,19,23,23,23,62,50,50,55,52,52,11],"gold":542,"neow_bonus":"TRANSFORM_CARD","is_prod":false,"is_daily":false,"chose_seed":false,"campfire_upgraded":8,"win_rate":0,"timestamp":1570339200,"path_taken":["M","M","$","M","M","R","?","E","T","R","E","?","E","M","R","BOSS","M","?","M","?","M","E","M","R","T","R","M","E","R","E","R","BOSS","M","?","?","$","?","E","M","R","T","R","E","R","E","M","R","BOSS"],"build_version":"2019-07-17","purchased_purges":2,"victory":true,"max_hp_per_floor":[75,75,75,75,75,75,75,75,75,75,75,75,75,75,75,75,75,75,75,75,75,75,75,75,75,75,75,75,75,75,75,75,75,80,80,80,80,80,80,80,80,80,80,80,80,80,80,80,80,80],"card_choices":[{"not_picked":["Rebound","Gash"],"picked":"Scrape","floor":1.0},{"not_picked":["Beam Cell","Chaos"],"picked":"Gash","floor":2.0},{"not_picked":["Beam Cell","Steam Power","Cold Snap"],"picked":"SKIP","floor":4.0},{"not_picked":["Darkness","Storm"],"picked":"Steam","floor":5.0},{"not_picked":["Loop","Heatsinks"],"picked":"BootSequence","floor":8.0},{"not_picked":["Steam Power","Beam Cell","Force Field"],"picked":"SKIP","floor":11.0},{"not_picked":["Leap","Sweeping Beam"],"picked":"Steam","floor":13.0},{"not_picked":["Steam Power","Redo","Tempest"],"picked":"SKIP","floor":14.0},{"not_picked":["Fission","Amplify"],"picked":"All For One","floor":16.0},{"not_picked":["Cold Snap","Steam","Consume"],"picked":"SKIP","floor":18.0},{"not_picked":["Conserve Battery","Leap"],"picked":"Hologram","floor":20.0},{"not_picked":["Reinforced Body","Compile Driver","Glacier"],"picked":"SKIP","floor":22.0},{"not_picked":["Fusion","Conserve Battery"],"picked":"Gash","floor":23.0},{"not_picked":["Streamline","Blizzard","Rebound"],"picked":"SKIP","floor":24.0},{"not_picked":["Force Field","Steam Power","Compile Driver+1"],"picked":"SKIP","floor":28.0},{"not_picked":["Hello World+1","Fusion+1","Force Field"],"picked":"SKIP","floor":29.0},{"not_picked":["Melter+1","Barrage+1","Hologram"],"picked":"SKIP","floor":31.0},{"not_picked":["Creative AI","Biased Cognition"],"picked":"Machine Learning","floor":33.0},{"not_picked":["Cold Snap+1","Capacitor","Coolheaded+1"],"picked":"SKIP","floor":35.0},{"not_picked":["Static Discharge+1","Redo"],"picked":"Scrape","floor":39.0},{"not_picked":["Blizzard","FTL+1"],"picked":"Streamline+1","floor":40},{"not_picked":["Chaos+1","Turbo"],"picked":"Undo+1","floor":41},{"not_picked":["Echo Form","Core Surge"],"picked":"Static Discharge","floor":45},{"not_picked":["Hello World+1","Conserve Battery"],"picked":"Gash+1","floor":47},{"not_picked":["Streamline","Undo"],"picked":"Rebound","floor":48}],"player_experience":112783,"relics_obtained":[{"floor":8.0,"key":"Blood Vial"},{"floor":9.0,"key":"Lantern"},{"floor":11.0,"key":"Kunai"},{"floor":13.0,"key":"Regal Pillow"},{"floor":23.0,"key":"Bag of Marbles"},{"floor":29.0,"key":"Pen Nib"},{"floor":31.0,"key":"War Paint"},{"floor":36.0,"key":"Nunchaku"},{"floor":39.0,"key":"Incense Burner"},{"floor":40,"key":"Singing Bowl"},{"floor":43,"key":"Omamori"},{"floor":45,"key":"Mummified Hand"},{"floor":47,"key":"Vajra"}],"event_choices":[{"cards_removed":["Defend_B"],"damage_healed":0.0,"max_hp_gain":0.0,"max_hp_loss":0.0,"gold_gain":0.0,"event_name":"The Cleric","player_choice":"Card Removal","floor":7.0,"gold_loss":50.0,"damage_taken":0.0},{"damage_healed":0.0,"max_hp_gain":0.0,"max_hp_loss":0.0,"gold_gain":0.0,"event_name":"Living Wall","player_choice":"Grow","floor":12.0,"gold_loss":0.0,"damage_taken":0.0,"cards_upgraded":["Dualcast"]},{"damage_healed":0.0,"max_hp_gain":0.0,"max_hp_loss":0.0,"gold_gain":0.0,"event_name":"Vampires","player_choice":"Became a vampire (Vial)","floor":19.0,"relics_lost":["Blood Vial"],"gold_loss":0.0,"damage_taken":0.0,"cards_obtained":["Bite","Bite","Bite","Bite","Bite"]},{"cards_removed":["Defend_B"],"damage_healed":0.0,"max_hp_gain":0.0,"max_hp_loss":0.0,"gold_gain":0.0,"event_name":"Purifier","player_choice":"Purged","floor":21.0,"gold_loss":0.0,"damage_taken":0.0},{"damage_healed":0.0,"max_hp_gain":0.0,"max_hp_loss":0.0,"gold_gain":0.0,"event_name":"MindBloom","player_choice":"Fight","floor":36.0,"gold_loss":0.0,"damage_taken":0.0},{"damage_healed":0.0,"max_hp_gain":0.0,"max_hp_loss":0.0,"gold_gain":0.0,"event_name":"Tomb of Lord Red Mask","player_choice":"Ignored","floor":37.0,"gold_loss":0.0,"damage_taken":0.0},{"damage_healed":0.0,"max_hp_gain":0.0,"max_hp_loss":0.0,"gold_gain":0.0,"event_name":"Mysterious Sphere","player_choice":"Fight","floor":39.0,"gold_loss":0.0,"damage_taken":0.0}],"is_beta":false,"boss_relics":[{"not_picked":["White Beast Statue","Sozu"],"picked":"Lizard Tail"},{"not_picked":["Cursed Key","FrozenCore"],"picked":"Tiny House"}],"items_purged_floors":[3,38],"is_endless":false,"potions_floor_spawned":[4,8,11,16,22,24,28,29,35,39,40,41,47],"ascension_level":1}