{"gold_per_floor":[153,195,249,249,249,249,330,48,130,229,229,271,352,397,397,682,682,712,766,57,57,57,159,159,252,252,252,348,384,429,489,489,801,801,852,852,852],"floor_reached":37,"playtime":1006,"items_purged":[],"score":647,"play_id":"5ee04b51-9cec-462e-ae43-abf5c9c851bd","local_time":"20190919032643","daily_mods":["DeadlyEvents","Binary","Cursed Run","Elite Swarm","Lethality","Midas","Night Terrors","Terminal","Uncertain Future","Binary"],"is_ascension_mode":false,"campfire_choices":[{"floor":6.0,"key":"REST"},{"floor":11.0,"key":"REST"},{"floor":15.0,"key":"REST"},{"floor":24.0,"key":"REST"},{"floor":27.0,"key":"REST"},{"floor":32.0,"key":"REST"}],"neow_cost":"","seed_source_timestamp":0,"circlet_count":0,"master_deck":["Strike_R","Strike_R","Strike_R","Strike_R","Defend_R","Defend_R","Defend_R","Defend_R","Bash","Infernal Blade","Perfected Strike","Intimidate","Doubt","Decay","The Bomb+1","Juggernaut+1","Apotheosis","Ghostly Armor","Ghostly","Ghostly","Ghostly","Ghostly","Ghostly","Doubt"],"special_seed":0,"relics":["Cursed Key","Darkstone Periapt","Du-Vu Doll","Busted Crown","Anchor","Molten Egg 2","Potion Belt","Paper Frog","Astrolabe","Lizard Tail","Oddly Smooth Stone","Dream Catcher","Charon\u0027s Ashes","Happy Flower","Black Star"],"potions_floor_usage":[37,37,37,37],"damage_taken":[{"damage":0.0,"enemies":"Cultist","floor":1.0,"turns":2.0},{"damage":0.0,"enemies":"2 Louse","floor":2.0,"turns":2.0},{"damage":0.0,"enemies":"Small Slimes","floor":3.0,"turns":2.0},{"damage":0.0,"enemies":"Gremlin Nob","floor":7.0,"turns":2.0},{"damage":2.0,"enemies":"3 Sentries","floor":10.0,"turns":4.0},{"damage":0.0,"enemies":"2 Fungi Beasts","floor":12.0,"turns":3.0},{"damage":0.0,"enemies":"Gremlin Nob","floor":13.0,"turns":2.0},{"damage":0.0,"enemies":"Looter","floor":14.0,"turns":1.0},{"damage":0.0,"enemies":"Slime Boss","floor":16.0,"turns":6.0},{"damage":0.0,"enemies":"2 Thieves","floor":18.0,"turns":3.0},{"damage":7.0,"enemies":"3 Byrds","floor":19.0,"turns":3.0},{"damage":1.0,"enemies":"Book of Stabbing","floor":23.0,"turns":5.0},{"damage":0.0,"enemies":"Gremlin Leader","floor":25.0,"turns":5.0},{"damage":0.0,"enemies":"Book of Stabbing","floor":28.0,"turns":5.0},{"damage":0.0,"enemies":"Shelled Parasite and Fungi","floor":29.0,"turns":4.0},{"damage":0.0,"enemies":"Snake Plant","floor":30.0,"turns":3.0},{"damage":0.0,"enemies":"Snecko","floor":31.0,"turns":4.0},{"damage":2.0,"enemies":"Champ","floor":33.0,"turns":9.0},{"damage":0.0,"enemies":"3 Darklings","floor":35.0,"turns":5.0},{"damage":20,"enemies":"Awakened One","floor":37,"turns":11}],"seed_played":"-7199508895369722748","potions_obtained":[{"floor":10.0,"key":"FearPotion"},{"floor":13.0,"key":"DuplicationPotion"},{"floor":14.0,"key":"SkillPotion"},{"floor":16.0,"key":"LiquidBronze"},{"floor":19.0,"key":"Fire Potion"},{"floor":23.0,"key":"SteroidPotion"},{"floor":31.0,"key":"AttackPotion"},{"floor":33.0,"key":"Poison Potion"},{"floor":35.0,"key":"Explosive Potion"}],"is_trial":true,"path_per_floor":["M","M","M","?","?","R","E","$","T","E","R","M","E","M","R","B",null,"M","M","$","$","?","E","R","E","T","R","E","M","M","M","R","B",null,"M","?","B"],"character_chosen":"IRONCLAD","items_purchased":["Perfected Strike","Intimidate","FairyPotion","Fire Potion","Lizard Tail","Oddly Smooth Stone","Apotheosis","Ghostly Armor"],"campfire_rested":6,"item_purchase_floors":[8,8,8,8,20,20,20,20],"current_hp_per_floor":[1,1,1,1,1,1,1,1,6,4,1,1,1,1,1,6,11,10,3,3,3,2,1,1,1,1,1,1,1,1,1,1,6,5,4,3,0],"gold":852,"neow_bonus":"","is_prod":false,"is_daily":false,"chose_seed":false,"campfire_upgraded":0,"win_rate":0,"timestamp":1568881603,"path_taken":["M","?","M","?","?","R","E","$","T","E","R","M","E","M","R","BOSS","M","M","?","$","?","E","R","E","T","R","E","M","M","?","R","BOSS","M","?","BOSS"],"build_version":"2019-09-18","purchased_purges":0,"victory":false,"max_hp_per_floor":[1,1,1,1,1,1,1,1,6,5,1,1,1,1,1,6,11,10,9,8,7,2,1,1,1,1,1,1,1,1,1,1,6,5,4,3,3],"card_choices":[],"player_experience":1403072,"relics_obtained":[{"floor":7.0,"key":"Anchor"},{"floor":9.0,"key":"Molten Egg 2"},{"floor":10.0,"key":"Potion Belt"},{"floor":13.0,"key":"Paper Frog"},{"floor":23.0,"key":"Dream Catcher"},{"floor":25.0,"key":"Charon\u0027s Ashes"},{"floor":28.0,"key":"Happy Flower"}],"event_choices":[{"damage_healed":0.0,"max_hp_gain":0.0,"max_hp_loss":0.0,"gold_gain":0.0,"event_name":"The Cleric","player_choice":"Leave","floor":4.0,"gold_loss":0.0,"damage_taken":0.0},{"damage_healed":0.0,"max_hp_gain":0.0,"max_hp_loss":0.0,"gold_gain":0.0,"event_name":"Match and Keep!","player_choice":"2 cards matched","floor":5.0,"gold_loss":0.0,"damage_taken":0.0,"cards_obtained":["Mind Blast","Infernal Blade"]},{"damage_healed":0.0,"max_hp_gain":0.0,"max_hp_loss":4.0,"gold_gain":0.0,"event_name":"Ghosts","player_choice":"Became a Ghost","floor":22.0,"gold_loss":0.0,"damage_taken":0.0,"cards_obtained":["Ghostly","Ghostly","Ghostly","Ghostly","Ghostly"]},{"damage_healed":0.0,"max_hp_gain":0.0,"max_hp_loss":0.0,"gold_gain":0.0,"event_name":"SecretPortal","player_choice":"Took Portal","floor":36.0,"gold_loss":0.0,"damage_taken":0.0}],"is_beta":true,"boss_relics":[{"not_picked":["Philosopher\u0027s Stone","Runic Cube"],"picked":"Astrolabe"},{"not_picked":["Velvet Choker","Sozu"],"picked":"Black Star"}],"items_purged_floors":[],"is_endless":false,"potions_floor_spawned":[10,13,14,16,19,23,31,33,35],"killed_by":"Awakened One","ascension_level":0}