{"gold_per_floor":[110,60,60,75,90,125,125,158,158,177,177,193,227,241,241,346,346,366,13,13,13,31,31,31,47,47,59,74,74,74],"floor_reached":30,"playtime":2582,"items_purged":["Defend_B"],"score":252,"play_id":"b77f3835-1498-447c-857e-b2fffdceeb70","local_time":"20190929163549","is_ascension_mode":false,"campfire_choices":[{"data":"Dualcast","floor":7,"key":"SMITH"},{"data":"Seek","floor":11,"key":"SMITH"},{"floor":15,"key":"REST"},{"data":"Chaos","floor":23,"key":"SMITH"},{"data":"Zap","floor":29,"key":"SMITH"}],"neow_cost":"NONE","seed_source_timestamp":1431028186718500,"circlet_count":0,"master_deck":["Strike_B","Strike_B","Defend_B","Defend_B","Zap+1","Dualcast+1","Rebound","Seek+1","Cold Snap","Multi-Cast","Echo Form","Chaos+1","Master of Strategy","Zap+1","Barrage+1","Defragment","Glacier+1"],"relics":["Cracked Core","Dodecahedron","Mummified Hand","Pear","Smiling Mask","Empty Cage","Membership Card","CultistMask","Bottled Flame"],"potions_floor_usage":[8,16,16,27],"damage_taken":[{"damage":6,"enemies":"Jaw Worm","floor":1,"turns":3},{"damage":1,"enemies":"2 Louse","floor":4,"turns":3},{"damage":0,"enemies":"Cultist","floor":5,"turns":4},{"damage":26,"enemies":"Gremlin Nob","floor":6,"turns":4},{"damage":23,"enemies":"Lagavulin","floor":8,"turns":6},{"damage":1,"enemies":"Exordium Wildlife","floor":10,"turns":4},{"damage":8,"enemies":"Exordium Thugs","floor":12,"turns":4},{"damage":17,"enemies":"3 Sentries","floor":13,"turns":9},{"damage":0,"enemies":"3 Louse","floor":14,"turns":2},{"damage":20,"enemies":"The Guardian","floor":16,"turns":11},{"damage":7,"enemies":"Chosen","floor":18,"turns":5},{"damage":38,"enemies":"2 Thieves","floor":22,"turns":4},{"damage":15,"enemies":"Snecko","floor":25,"turns":4},{"damage":11,"enemies":"Sentry and Sphere","floor":27,"turns":4},{"damage":5,"enemies":"Snake Plant","floor":28,"turns":4},{"damage":13,"enemies":"Snecko","floor":30,"turns":3}],"seed_played":"4625999786139258767","potions_obtained":[{"floor":4,"key":"SpeedPotion"},{"floor":10,"key":"Poison Potion"},{"floor":13,"key":"FocusPotion"},{"floor":16,"key":"Swift Potion"},{"floor":22,"key":"FocusPotion"},{"floor":28,"key":"Fire Potion"}],"is_trial":false,"path_per_floor":["M","?","?","M","M","E","R","E","T","M","R","M","E","M","R","B",null,"M","$","?","$","M","R","?","M","T","M","M","R","M"],"character_chosen":"DEFECT","items_purchased":["Membership Card","Master of Strategy"],"campfire_rested":1,"item_purchase_floors":[19,19],"current_hp_per_floor":[69,69,69,68,68,42,42,19,29,28,28,20,3,3,28,8,85,78,78,78,78,40,40,40,25,25,14,9,9,0],"gold":74,"neow_bonus":"UPGRADE_CARD","is_prod":false,"is_daily":false,"chose_seed":false,"campfire_upgraded":4,"win_rate":0.0,"timestamp":1569746149,"path_taken":["M","?","?","?","M","E","R","E","T","M","R","M","E","M","R","BOSS","M","$","?","?","?","R","?","M","T","M","M","R","M"],"build_version":"2019-07-17","purchased_purges":1,"victory":false,"max_hp_per_floor":[75,75,75,75,75,75,75,75,85,85,85,85,85,85,85,85,85,85,85,85,85,85,85,85,85,85,85,85,85,85],"card_choices":[{"not_picked":["Redo","Coolheaded"],"picked":"Rebound","floor":1},{"not_picked":["Static Discharge","Steam","Beam Cell"],"picked":"SKIP","floor":4},{"not_picked":["Aggregate","Go for the Eyes","Barrage"],"picked":"SKIP","floor":5},{"not_picked":["Doom and Gloom","Steam","Coolheaded"],"picked":"SKIP","floor":6},{"not_picked":["Steam Power","Hologram","Rebound"],"picked":"SKIP","floor":8},{"not_picked":["Ball Lightning","Barrage"],"picked":"Seek","floor":10},{"not_picked":["Static Discharge","Hologram"],"picked":"Cold Snap","floor":12},{"not_picked":["Heatsinks","Rebound","Turbo"],"picked":"SKIP","floor":13},{"not_picked":["Go for the Eyes","Rebound"],"picked":"Multi-Cast","floor":14},{"not_picked":["Reboot","Seek"],"picked":"Echo Form","floor":16},{"not_picked":["Self Repair","Compile Driver"],"picked":"Chaos","floor":18},{"not_picked":["Steam Power","Cold Snap"],"picked":"Barrage+1","floor":22},{"not_picked":["Double Energy","Heatsinks"],"picked":"Defragment","floor":25},{"not_picked":["Coolheaded","Rebound"],"picked":"Glacier+1","floor":27},{"not_picked":["FTL","Stack+1","Glacier"],"picked":"SKIP","floor":28}],"player_experience":54564,"relics_obtained":[{"floor":6,"key":"Dodecahedron"},{"floor":8,"key":"Mummified Hand"},{"floor":9,"key":"Pear"},{"floor":13,"key":"Smiling Mask"},{"floor":26,"key":"Bottled Flame"}],"event_choices":[{"cards_removed":["Strike_B"],"damage_healed":0,"gold_gain":0,"player_choice":"Card Removal","damage_taken":0,"max_hp_gain":0,"max_hp_loss":0,"event_name":"The Cleric","floor":2,"gold_loss":50},{"damage_healed":0,"gold_gain":0,"cards_transformed":["Strike_B"],"player_choice":"Transformed","damage_taken":0,"max_hp_gain":0,"max_hp_loss":0,"event_name":"Transmorgrifier","floor":3,"gold_loss":0,"cards_obtained":["Hello World"]},{"damage_healed":0,"gold_gain":0,"player_choice":"1 cards matched","damage_taken":0,"max_hp_gain":0,"max_hp_loss":0,"event_name":"Match and Keep!","floor":20,"gold_loss":0,"cards_obtained":["Zap"]},{"damage_healed":0,"gold_gain":0,"player_choice":"Trade","damage_taken":0,"relics_obtained":["CultistMask"],"max_hp_gain":0,"max_hp_loss":0,"event_name":"FaceTrader","floor":24,"gold_loss":0}],"is_beta":false,"boss_relics":[{"not_picked":["Velvet Choker","White Beast Statue"],"picked":"Empty Cage"}],"items_purged_floors":[19],"is_endless":false,"potions_floor_spawned":[4,10,13,16,22,28],"killed_by":"Snecko","ascension_level":0}