{"gold_per_floor":[117,130,130,145,145,145,185,39,66,66],"floor_reached":10,"playtime":190,"items_purged":[],"score":119,"play_id":"ec826b3c-fca1-4988-a548-0abd776739a0","local_time":"20190921003900","is_ascension_mode":true,"campfire_choices":[{"floor":6,"key":"REST"}],"neow_cost":"NONE","seed_source_timestamp":196222684700,"circlet_count":0,"master_deck":["AscendersBane","Strike_B+1","Strike_B","Strike_B","Strike_B","Defend_B","Defend_B+1","Defend_B+1","Defend_B+1","Zap+1","Dualcast","White Noise","Coolheaded","Ball Lightning","Thunder Strike","Static Discharge","Hologram","Cold Snap"],"relics":["Cracked Core","Golden Idol","War Paint","Dream Catcher"],"potions_floor_usage":[10],"damage_taken":[{"damage":1,"enemies":"Cultist","floor":1,"turns":3},{"damage":9,"enemies":"Jaw Worm","floor":2,"turns":4},{"damage":0,"enemies":"2 Louse","floor":4,"turns":1},{"damage":28,"enemies":"3 Sentries","floor":7,"turns":8},{"damage":20,"enemies":"Lagavulin","floor":10,"turns":2}],"seed_played":"8506941635274000266","potions_obtained":[{"floor":1,"key":"FearPotion"}],"is_trial":false,"path_per_floor":["M","M","?","M","?","R","E","$","T","E"],"character_chosen":"DEFECT","items_purchased":["Static Discharge","Hologram","Cold Snap"],"campfire_rested":1,"item_purchase_floors":[8,8,8],"current_hp_per_floor":[63,54,33,33,9,30,2,2,2,0],"gold":66,"neow_bonus":"UPGRADE_CARD","is_prod":false,"is_daily":false,"chose_seed":false,"campfire_upgraded":0,"win_rate":0,"timestamp":1569044340,"path_taken":["M","?","?","M","?","R","E","?","T","E"],"build_version":"2019-09-20","purchased_purges":0,"victory":false,"max_hp_per_floor":[71,71,71,71,71,71,71,71,71,71],"card_choices":[{"not_picked":["Fusion","Gash"],"picked":"White Noise","floor":1},{"not_picked":["Turbo","Streamline"],"picked":"Coolheaded","floor":2},{"not_picked":["Force Field","Melter"],"picked":"Ball Lightning","floor":4},{"not_picked":["Undo","Ball Lightning"],"picked":"Thunder Strike","floor":7}],"player_experience":1414245,"relics_obtained":[{"floor":7,"key":"War Paint"},{"floor":9,"key":"Dream Catcher"}],"event_choices":[{"damage_healed":0,"gold_gain":0,"player_choice":"Entered Light","damage_taken":21,"max_hp_gain":0,"max_hp_loss":0,"event_name":"Shining Light","floor":3,"gold_loss":0,"cards_upgraded":["Strike_B","Defend_B"]},{"damage_healed":0,"gold_gain":0,"player_choice":"Take Damage","damage_taken":24,"relics_obtained":["Golden Idol"],"max_hp_gain":0,"max_hp_loss":0,"event_name":"Golden Idol","floor":5,"gold_loss":0}],"is_beta":true,"boss_relics":[],"items_purged_floors":[],"is_endless":false,"potions_floor_spawned":[1],"killed_by":"Lagavulin","ascension_level":16}