{"gold_per_floor":[110,124,49,49,68,99,99,134,134,134],"floor_reached":10,"playtime":663,"items_purged":["Defend_R"],"score":80,"play_id":"d8387b04-9f25-494f-b43d-4244dd20c3c9","local_time":"20191004203417","is_ascension_mode":true,"campfire_choices":[],"neow_cost":"NONE","seed_source_timestamp":1879252905442800,"circlet_count":0,"master_deck":["Strike_R","Strike_R","Strike_R","Strike_R","Strike_R","Defend_R","Defend_R","Defend_R","Bash","Burning Pact","Dropkick","Searing Blow"],"relics":["Burning Blood","Bottled Lightning","Frozen Egg 2","Matryoshka"],"potions_floor_usage":[6,8,8],"damage_taken":[{"damage":6,"enemies":"Cultist","floor":1,"turns":4},{"damage":0,"enemies":"Small Slimes","floor":2,"turns":3},{"damage":11,"enemies":"Jaw Worm","floor":5,"turns":2},{"damage":54,"enemies":"Lagavulin","floor":6,"turns":7},{"damage":16,"enemies":"Gremlin Nob","floor":8,"turns":4},{"damage":36,"enemies":"Lagavulin","floor":10,"turns":5}],"seed_played":"-6808287453851051004","potions_obtained":[{"floor":4,"key":"Regen Potion"},{"floor":4,"key":"Block Potion"},{"floor":4,"key":"Swift Potion"},{"floor":6,"key":"Energy Potion"},{"floor":8,"key":"Swift Potion"}],"is_trial":false,"path_per_floor":["M","M","$","?","M","E","T","E","T","E"],"character_chosen":"IRONCLAD","items_purchased":[],"campfire_rested":0,"item_purchase_floors":[],"current_hp_per_floor":[80,80,80,80,75,39,39,29,29,0],"gold":134,"neow_bonus":"THREE_CARDS","is_prod":false,"is_daily":false,"chose_seed":false,"campfire_upgraded":0,"win_rate":0,"timestamp":1570192457,"path_taken":["M","M","$","?","?","E","?","E","T","E"],"build_version":"2019-07-17","purchased_purges":1,"victory":false,"max_hp_per_floor":[80,80,80,80,80,80,80,80,80,80],"card_choices":[{"not_picked":["Sword Boomerang","Wild Strike"],"picked":"Burning Pact","floor":0},{"not_picked":["Warcry","Flame Barrier"],"picked":"Dropkick","floor":1},{"not_picked":["Metallicize","Heavy Blade","Clothesline"],"picked":"SKIP","floor":2},{"not_picked":["Ghostly Armor","Feel No Pain","Sword Boomerang"],"picked":"SKIP","floor":5},{"not_picked":["Warcry","Pommel Strike","Armaments"],"picked":"SKIP","floor":6},{"not_picked":["Feel No Pain","Fire Breathing"],"picked":"Searing Blow","floor":8}],"player_experience":68042,"relics_obtained":[{"floor":6,"key":"Bottled Lightning"},{"floor":8,"key":"Frozen Egg 2"},{"floor":9,"key":"Matryoshka"}],"event_choices":[{"damage_healed":0,"gold_gain":0,"player_choice":"Got Potions","damage_taken":0,"max_hp_gain":0,"max_hp_loss":0,"event_name":"Lab","floor":4,"gold_loss":0}],"is_beta":false,"boss_relics":[],"items_purged_floors":[3],"is_endless":false,"potions_floor_spawned":[6,8],"killed_by":"Lagavulin","ascension_level":1}