{"gold_per_floor":[110,110,120,134,149,183,199,209,209,219,219,254,270,283,283,283],"floor_reached":16,"playtime":1191,"items_purged":[],"score":118,"play_id":"dd6758b7-3eb9-487b-82b7-f9fd185326a7","local_time":"20190928053618","is_ascension_mode":false,"campfire_choices":[{"floor":11,"key":"REST"},{"data":"Iron Wave","floor":15,"key":"SMITH"}],"neow_cost":"NONE","seed_source_timestamp":1306446790197900,"circlet_count":0,"master_deck":["Strike_G","Strike_G","Strike_G","Strike_G","Strike_G","Defend_G","Defend_G","Defend_G","Defend_G","Defend_G","Survivor","Iron Wave+1","All Out Attack","All Out Attack","Underhanded Strike","Eviscerate","Venomology+1"],"relics":["Ring of the Snake","Ginger","Toxic Egg 2","Mummified Hand"],"potions_floor_usage":[12,12,16,16],"damage_taken":[{"damage":7,"enemies":"Small Slimes","floor":1,"turns":4},{"damage":5,"enemies":"Cultist","floor":3,"turns":4},{"damage":4,"enemies":"Jaw Worm","floor":4,"turns":4},{"damage":0,"enemies":"2 Fungi Beasts","floor":5,"turns":3},{"damage":14,"enemies":"3 Sentries","floor":6,"turns":4},{"damage":20,"enemies":"Large Slime","floor":7,"turns":6},{"damage":2,"enemies":"Exordium Thugs","floor":8,"turns":2},{"damage":2,"enemies":"Blue Slaver","floor":10,"turns":3},{"damage":11,"enemies":"Gremlin Nob","floor":12,"turns":4},{"damage":0,"enemies":"Lots of Slimes","floor":13,"turns":1},{"damage":2,"enemies":"3 Louse","floor":14,"turns":2},{"damage":37,"enemies":"Slime Boss","floor":16,"turns":6}],"seed_played":"-3951274334164691864","potions_obtained":[{"floor":1,"key":"Energy Potion"},{"floor":7,"key":"Swift Potion"},{"floor":10,"key":"Energy Potion"},{"floor":13,"key":"AttackPotion"}],"is_trial":false,"path_per_floor":["M","?","M","M","M","E","M","M","T","M","R","E","M","M","R","B"],"character_chosen":"THE_SILENT","items_purchased":[],"campfire_rested":1,"item_purchase_floors":[],"current_hp_per_floor":[70,70,65,61,61,47,27,25,25,23,46,35,35,33,33,0],"gold":283,"neow_bonus":"TEN_PERCENT_HP_BONUS","is_prod":false,"is_daily":false,"chose_seed":false,"campfire_upgraded":1,"win_rate":0.0,"timestamp":1569620178,"path_taken":["M","?","?","M","M","E","M","M","T","M","R","E","M","M","R","BOSS"],"build_version":"2019-07-17","purchased_purges":0,"victory":false,"max_hp_per_floor":[77,77,77,77,77,77,77,77,77,77,77,77,77,77,77,77],"card_choices":[{"not_picked":["Distraction","Footwork","Quick Slash"],"picked":"SKIP","floor":1},{"not_picked":["Deadly Poison","Backflip"],"picked":"All Out Attack","floor":3},{"not_picked":["After Image","Blade Dance","Sucker Punch"],"picked":"SKIP","floor":4},{"not_picked":["Heel Hook","Noxious Fumes"],"picked":"All Out Attack","floor":5},{"not_picked":["Dagger Throw","Infinite Blades"],"picked":"Underhanded Strike","floor":6},{"not_picked":["Dagger Spray","Slice","Sucker Punch"],"picked":"SKIP","floor":7},{"not_picked":["Sucker Punch","Slice","Bane"],"picked":"SKIP","floor":8},{"not_picked":["Masterful Stab","Noxious Fumes"],"picked":"Eviscerate","floor":10},{"not_picked":["A Thousand Cuts","Bane","Poisoned Stab"],"picked":"SKIP","floor":12},{"not_picked":["Blade Dance+1","Dagger Spray","Skewer"],"picked":"SKIP","floor":13},{"not_picked":["Dash","Dagger Spray"],"picked":"Venomology+1","floor":14}],"player_experience":37740,"relics_obtained":[{"floor":6,"key":"Ginger"},{"floor":9,"key":"Toxic Egg 2"},{"floor":12,"key":"Mummified Hand"}],"event_choices":[{"cards_removed":["Neutralize"],"damage_healed":0,"gold_gain":0,"player_choice":"Took Card","damage_taken":0,"max_hp_gain":0,"max_hp_loss":0,"event_name":"NoteForYourself","floor":2,"gold_loss":0,"cards_obtained":["Iron Wave"]}],"is_beta":false,"boss_relics":[],"items_purged_floors":[],"is_endless":false,"potions_floor_spawned":[1,7,10,13],"killed_by":"Slime Boss","ascension_level":0}