{"gold_per_floor":[109,34,34,54,74,108,108,127,127,161,161,171,203,218,218,218],"floor_reached":16,"playtime":927,"items_purged":["Defend_R"],"score":146,"play_id":"8a48c025-5b3c-4f80-9d31-e4cf72e80694","local_time":"20191010054928","is_ascension_mode":true,"campfire_choices":[{"data":"Sword Boomerang","floor":7,"key":"SMITH"},{"data":"Uppercut","floor":11,"key":"SMITH"},{"data":"Flex","floor":15,"key":"SMITH"}],"neow_cost":"NONE","seed_source_timestamp":2344303089056400,"circlet_count":0,"master_deck":["Strike_R","Strike_R","Strike_R","Strike_R","Strike_R","Defend_R","Defend_R","Bash","Sword Boomerang+1","Pommel Strike","Seeing Red","Uppercut+1","Headbutt","Havoc","Flex+1"],"relics":["Burning Blood","Pear","Torii","FossilizedHelix","Omamori","Darkstone Periapt"],"potions_floor_usage":[10,13,16,16],"damage_taken":[{"damage":1,"enemies":"Cultist","floor":1,"turns":3},{"damage":0,"enemies":"Small Slimes","floor":4,"turns":3},{"damage":6,"enemies":"2 Louse","floor":5,"turns":2},{"damage":55,"enemies":"Lagavulin","floor":6,"turns":7},{"damage":0,"enemies":"Large Slime","floor":8,"turns":3},{"damage":2,"enemies":"3 Sentries","floor":10,"turns":5},{"damage":0,"enemies":"3 Louse","floor":12,"turns":3},{"damage":20,"enemies":"Lagavulin","floor":13,"turns":4},{"damage":0,"enemies":"Red Slaver","floor":14,"turns":2},{"damage":49,"enemies":"The Guardian","floor":16,"turns":8}],"seed_played":"3376823800646741201","potions_obtained":[{"floor":5,"key":"Explosive Potion"},{"floor":6,"key":"Swift Potion"},{"floor":8,"key":"FearPotion"},{"floor":10,"key":"Ancient Potion"},{"floor":13,"key":"Poison Potion"}],"is_trial":false,"path_per_floor":["M","$","?","M","M","E","R","M","T","E","R","M","E","M","R","B"],"character_chosen":"IRONCLAD","items_purchased":[],"campfire_rested":0,"item_purchase_floors":[],"current_hp_per_floor":[80,80,90,90,90,41,41,47,47,51,51,57,43,49,49,0],"gold":218,"neow_bonus":"REMOVE_CARD","is_prod":false,"is_daily":false,"chose_seed":false,"campfire_upgraded":3,"win_rate":0,"timestamp":1570657768,"path_taken":["M","$","?","M","M","E","R","?","T","E","R","M","E","M","R","BOSS"],"build_version":"2019-07-17","purchased_purges":1,"victory":false,"max_hp_per_floor":[80,80,90,90,90,90,90,90,90,90,90,90,90,90,90,90],"card_choices":[{"not_picked":["Headbutt","Perfected Strike"],"picked":"Flex","floor":1},{"not_picked":["Feel No Pain","Power Through"],"picked":"Sword Boomerang","floor":4},{"not_picked":["Clothesline","True Grit"],"picked":"Pommel Strike","floor":5},{"not_picked":["Anger","Reckless Charge"],"picked":"Seeing Red","floor":6},{"not_picked":["Warcry","Iron Wave","Disarm"],"picked":"SKIP","floor":8},{"not_picked":["Shrug It Off","Infernal Blade"],"picked":"Uppercut","floor":10},{"not_picked":["Clothesline","Corruption"],"picked":"Headbutt","floor":12},{"not_picked":["Armaments","Twin Strike"],"picked":"Havoc","floor":13},{"not_picked":["Searing Blow","Armaments"],"picked":"Flex","floor":14}],"player_experience":143680,"relics_obtained":[{"floor":6,"key":"Torii"},{"floor":9,"key":"FossilizedHelix"},{"floor":10,"key":"Omamori"},{"floor":13,"key":"Darkstone Periapt"}],"event_choices":[{"cards_removed":["Flex"],"damage_healed":0,"gold_gain":0,"player_choice":"Gave Card","damage_taken":0,"relics_obtained":["Pear"],"max_hp_gain":0,"max_hp_loss":0,"event_name":"WeMeetAgain","floor":3,"gold_loss":0}],"is_beta":false,"boss_relics":[],"items_purged_floors":[2],"is_endless":false,"potions_floor_spawned":[5,6,8,10,13],"killed_by":"The Guardian","ascension_level":4}