{"gold_per_floor":[117,67,67,80,93,125,125,159,459,477,477],"floor_reached":11,"playtime":630,"items_purged":[],"score":87,"play_id":"8487793d-58c0-4ae8-a2fd-cc01451ddc25","local_time":"20191005164057","is_ascension_mode":true,"campfire_choices":[{"floor":7,"key":"REST"}],"neow_cost":"PERCENT_DAMAGE","seed_source_timestamp":1951686713509900,"circlet_count":0,"master_deck":["Strike_G","Strike_G","Strike_G","Strike_G","Strike_G","Defend_G","Defend_G","Defend_G","Defend_G","Survivor","Neutralize","Secret Technique","Secret Technique","Poisoned Stab","Deadly Poison","Corpse Explosion","Escape Plan"],"relics":["Ring of the Snake","Mercury Hourglass","Potion Belt","Old Coin","FossilizedHelix"],"potions_floor_usage":[8,11],"damage_taken":[{"damage":1,"enemies":"Cultist","floor":1,"turns":4},{"damage":0,"enemies":"Jaw Worm","floor":4,"turns":4},{"damage":0,"enemies":"2 Louse","floor":5,"turns":2},{"damage":37,"enemies":"Lagavulin","floor":6,"turns":7},{"damage":26,"enemies":"Gremlin Nob","floor":8,"turns":4},{"damage":0,"enemies":"Looter","floor":10,"turns":3},{"damage":17,"enemies":"Gremlin Nob","floor":11,"turns":3}],"seed_played":"-540415023911328008","potions_obtained":[{"floor":1,"key":"Dexterity Potion"},{"floor":6,"key":"Regen Potion"},{"floor":10,"key":"LiquidBronze"}],"is_trial":false,"path_per_floor":["M","?","T","M","M","E","R","E","T","M","?"],"character_chosen":"THE_SILENT","items_purchased":[],"campfire_rested":1,"item_purchase_floors":[],"current_hp_per_floor":[48,48,48,48,48,11,32,15,15,15,0],"gold":477,"neow_bonus":"RANDOM_COLORLESS_2","is_prod":false,"is_daily":false,"chose_seed":false,"campfire_upgraded":0,"win_rate":0,"timestamp":1570264857,"path_taken":["M","?","?","M","?","E","R","E","T","M","?"],"build_version":"2019-07-17","purchased_purges":0,"victory":false,"max_hp_per_floor":[70,70,70,70,70,70,70,70,70,70,70],"card_choices":[{"not_picked":["Distraction","Prepared"],"picked":"Poisoned Stab","floor":1},{"not_picked":["Bane","PiercingWail"],"picked":"Deadly Poison","floor":4},{"not_picked":["Slice","A Thousand Cuts","Eviscerate"],"picked":"SKIP","floor":5},{"not_picked":["Noxious Fumes","Heel Hook"],"picked":"Corpse Explosion","floor":6},{"not_picked":["Wraith Form v2","Well Laid Plans"],"picked":"Escape Plan","floor":8},{"not_picked":["PiercingWail","Blade Dance","Slice"],"picked":"SKIP","floor":10}],"player_experience":89035,"relics_obtained":[{"floor":6,"key":"Mercury Hourglass"},{"floor":8,"key":"Potion Belt"},{"floor":9,"key":"Old Coin"}],"event_choices":[{"cards_removed":["Defend_G"],"damage_healed":0,"gold_gain":0,"player_choice":"Card Removal","damage_taken":0,"max_hp_gain":0,"max_hp_loss":0,"event_name":"The Cleric","floor":2,"gold_loss":50},{"damage_healed":0,"gold_gain":0,"player_choice":"Searched \u00272\u0027 times","damage_taken":0,"relics_obtained":["FossilizedHelix"],"max_hp_gain":0,"max_hp_loss":0,"event_name":"Dead Adventurer","floor":11,"gold_loss":0}],"is_beta":false,"boss_relics":[],"items_purged_floors":[],"is_endless":false,"potions_floor_spawned":[1,6,10],"killed_by":"Gremlin Nob","ascension_level":1}