{"gold_per_floor":[118,3,78,88,88,117,117,131,210,238,252,252,262,282,282,282],"floor_reached":16,"playtime":1092,"items_purged":["Defend_G"],"score":112,"play_id":"0d2f99d7-1056-4b3b-a5fe-4b6115fcdcae","local_time":"20190927200106","is_ascension_mode":false,"campfire_choices":[{"data":"Neutralize","floor":7,"key":"SMITH"},{"floor":12,"key":"REST"},{"floor":15,"key":"REST"}],"neow_cost":"NONE","seed_source_timestamp":1272034370176400,"circlet_count":0,"master_deck":["Strike_G","Strike_G","Strike_G","Strike_G","Strike_G","Defend_G","Defend_G","Defend_G","Defend_G","Survivor","Neutralize+1","Flying Knee","Infinite Blades","Flechettes","Blade Dance","Prepared","Heel Hook","Backstab","Underhanded Strike","Adrenaline"],"relics":["Ring of the Snake","Dream Catcher","Blood Vial","Happy Flower","Ninja Scroll","Bottled Flame"],"potions_floor_usage":[10,16,16],"damage_taken":[{"damage":6,"enemies":"Cultist","floor":1,"turns":5},{"damage":2,"enemies":"Small Slimes","floor":4,"turns":4},{"damage":26,"enemies":"3 Sentries","floor":6,"turns":8},{"damage":0,"enemies":"2 Louse","floor":8,"turns":2},{"damage":13,"enemies":"Lagavulin","floor":10,"turns":5},{"damage":5,"enemies":"2 Fungi Beasts","floor":11,"turns":3},{"damage":8,"enemies":"Exordium Thugs","floor":13,"turns":4},{"damage":0,"enemies":"3 Louse","floor":14,"turns":2},{"damage":60,"enemies":"The Guardian","floor":16,"turns":11}],"seed_played":"3671549336583097894","potions_obtained":[{"floor":1,"key":"Fire Potion"},{"floor":6,"key":"SkillPotion"},{"floor":8,"key":"Weak Potion"},{"floor":14,"key":"GhostInAJar"}],"is_trial":false,"path_per_floor":["M","$","?","M","?","E","R","M","T","E","M","R","M","M","R","B"],"character_chosen":"THE_SILENT","items_purchased":["Infinite Blades"],"campfire_rested":2,"item_purchase_floors":[2],"current_hp_per_floor":[64,64,53,51,51,27,27,29,29,18,15,36,30,32,53,0],"gold":282,"neow_bonus":"RANDOM_COMMON_RELIC","is_prod":false,"is_daily":false,"chose_seed":false,"campfire_upgraded":1,"win_rate":0.0,"timestamp":1569585666,"path_taken":["M","$","?","M","?","E","R","M","T","E","M","R","M","?","R","BOSS"],"build_version":"2019-07-17","purchased_purges":1,"victory":false,"max_hp_per_floor":[70,70,70,70,70,70,70,70,70,70,70,70,70,70,70,70],"card_choices":[{"not_picked":["Slice","Flechettes"],"picked":"Flying Knee","floor":1},{"not_picked":["Poisoned Stab","Slice"],"picked":"Flechettes","floor":4},{"not_picked":["Expertise","Escape Plan"],"picked":"Blade Dance","floor":6},{"not_picked":["Wraith Form v2","Dodge and Roll"],"picked":"Prepared","floor":8},{"not_picked":["Deadly Poison","Blur"],"picked":"Heel Hook","floor":10},{"not_picked":["Prepared","Blade Dance"],"picked":"Backstab","floor":11},{"not_picked":["Tactician","Blur"],"picked":"Underhanded Strike","floor":12},{"not_picked":["Distraction","Quick Slash","Bouncing Flask"],"picked":"SKIP","floor":13},{"not_picked":["Acrobatics","Flechettes"],"picked":"Adrenaline","floor":14}],"player_experience":33510,"relics_obtained":[{"floor":6,"key":"Happy Flower"},{"floor":9,"key":"Ninja Scroll"},{"floor":10,"key":"Bottled Flame"}],"event_choices":[{"damage_healed":0,"gold_gain":75,"player_choice":"Gather Gold","damage_taken":11,"max_hp_gain":0,"max_hp_loss":0,"event_name":"World of Goop","floor":3,"gold_loss":0},{"damage_healed":0,"gold_gain":0,"player_choice":"Gave Potion","damage_taken":0,"relics_obtained":["Blood Vial"],"max_hp_gain":0,"max_hp_loss":0,"event_name":"WeMeetAgain","floor":5,"gold_loss":0}],"is_beta":false,"boss_relics":[],"items_purged_floors":[2],"is_endless":false,"potions_floor_spawned":[1,6,8,14],"killed_by":"The Guardian","ascension_level":0}