{"gold_per_floor":[116,116,216,252,269,337,310,310,374,311,311],"floor_reached":11,"playtime":776,"items_purged":["Strike_B"],"score":73,"play_id":"1f69883f-8d3b-480f-abfc-ef86bb619123","local_time":"20190928101416","is_ascension_mode":false,"campfire_choices":[],"neow_cost":"TEN_PERCENT_HP_LOSS","seed_source_timestamp":1323539880332700,"circlet_count":0,"master_deck":["Strike_B","Strike_B","Strike_B","Defend_B","Defend_B","Defend_B","Zap","Dualcast","Magnetism","Genetic Algorithm"],"relics":["Cracked Core","Matryoshka","MawBank","Blood Vial","Anchor"],"potions_floor_usage":[6,11],"damage_taken":[{"damage":6,"enemies":"Jaw Worm","floor":1,"turns":6},{"damage":7,"enemies":"Cultist","floor":4,"turns":4},{"damage":8,"enemies":"2 Louse","floor":5,"turns":3},{"damage":14,"enemies":"3 Sentries","floor":6,"turns":7},{"damage":19,"enemies":"Exordium Thugs","floor":7,"turns":5},{"damage":30,"enemies":"Gremlin Nob","floor":11,"turns":3}],"seed_played":"2437266746363263935","potions_obtained":[{"floor":5,"key":"EssenceOfSteel"},{"floor":7,"key":"SkillPotion"}],"is_trial":false,"path_per_floor":["M","?","?","M","M","E","M","?","T","$","E"],"character_chosen":"DEFECT","items_purchased":[],"campfire_rested":0,"item_purchase_floors":[],"current_hp_per_floor":[62,55,55,48,40,26,7,7,7,7,0],"gold":311,"neow_bonus":"RANDOM_COLORLESS_2","is_prod":false,"is_daily":false,"chose_seed":false,"campfire_upgraded":0,"win_rate":0.0,"timestamp":1569636856,"path_taken":["M","?","?","M","?","E","M","?","T","?","E"],"build_version":"2019-07-17","purchased_purges":1,"victory":false,"max_hp_per_floor":[68,68,68,68,68,68,68,68,68,68,68],"card_choices":[{"not_picked":["Redo","Hologram"],"picked":"Genetic Algorithm","floor":1},{"not_picked":["Glacier","Steam","Barrage"],"picked":"SKIP","floor":4},{"not_picked":["Glacier","Darkness","Reprogram"],"picked":"SKIP","floor":5},{"not_picked":["Multi-Cast","Go for the Eyes","Auto Shields"],"picked":"SKIP","floor":6},{"not_picked":["Steam","Redo","Hologram"],"picked":"SKIP","floor":7}],"player_experience":47426,"relics_obtained":[{"floor":6,"key":"Matryoshka"},{"floor":9,"key":"Blood Vial"},{"floor":9,"key":"Anchor"}],"event_choices":[{"cards_removed":["Defend_B"],"damage_healed":0,"gold_gain":0,"player_choice":"Card Removal","damage_taken":7,"max_hp_gain":0,"max_hp_loss":0,"event_name":"Golden Wing","floor":2,"gold_loss":0},{"damage_healed":0,"gold_gain":100,"player_choice":"Pray","damage_taken":0,"max_hp_gain":0,"max_hp_loss":0,"event_name":"Golden Shrine","floor":3,"gold_loss":0},{"cards_removed":["Madness"],"damage_healed":0,"gold_gain":0,"player_choice":"Gave Card","damage_taken":0,"relics_obtained":["MawBank"],"max_hp_gain":0,"max_hp_loss":0,"event_name":"WeMeetAgain","floor":8,"gold_loss":0}],"is_beta":false,"boss_relics":[],"items_purged_floors":[10],"is_endless":false,"potions_floor_spawned":[5,7],"killed_by":"Gremlin Nob","ascension_level":0}