{"gold_per_floor":[114,133,133,9,9,38,38,64,64,64,95,108,58,19,19,121,121,138,63,78,78,78,78,78,78,123,140,140],"floor_reached":28,"playtime":989,"items_purged":["Defend_B"],"score":283,"play_id":"e492f90b-84d4-4618-ac07-8a1adee30c52","local_time":"20191009220137","is_ascension_mode":true,"campfire_choices":[{"data":"Sunder","floor":7,"key":"SMITH"},{"data":"Defend_B","floor":15,"key":"PURGE"},{"data":"Zap","floor":23,"key":"SMITH"},{"data":"Redo","floor":25,"key":"SMITH"}],"neow_cost":"NONE","seed_source_timestamp":2316167980965000,"circlet_count":0,"master_deck":["Strike_B","Strike_B","Zap+1","Dualcast","Beam Cell","Barrage","Gash","Sunder+1","Echo Form","Scrape","Seek","Redo+1","Redo+1","Echo Form","Gash"],"relics":["Cracked Core","NeowsBlessing","Gremlin Horn","Du-Vu Doll","Ornamental Fan","Incense Burner","Peace Pipe","Sozu","Matryoshka","Bottled Flame"],"potions_floor_usage":[16,28],"damage_taken":[{"damage":0,"enemies":"Jaw Worm","floor":1,"turns":1},{"damage":0,"enemies":"Cultist","floor":2,"turns":1},{"damage":0,"enemies":"Lagavulin","floor":6,"turns":1},{"damage":14,"enemies":"Gremlin Nob","floor":8,"turns":3},{"damage":11,"enemies":"Lagavulin","floor":11,"turns":5},{"damage":0,"enemies":"Small Slimes","floor":12,"turns":1},{"damage":36,"enemies":"Hexaghost","floor":16,"turns":5},{"damage":3,"enemies":"Spheric Guardian","floor":18,"turns":3},{"damage":24,"enemies":"Shell Parasite","floor":20,"turns":3},{"damage":7,"enemies":"Sentry and Sphere","floor":27,"turns":3},{"damage":43,"enemies":"Book of Stabbing","floor":28,"turns":3}],"seed_played":"-8145013413979959285","potions_obtained":[{"floor":2,"key":"Ancient Potion"},{"floor":12,"key":"PowerPotion"},{"floor":16,"key":"Explosive Potion"}],"is_trial":false,"path_per_floor":["M","M","?","$","T","E","R","E","T","?","E","M","?","$","R","B",null,"M","?","M","?","?","R","?","R","T","M","E"],"character_chosen":"DEFECT","items_purchased":["Gash","Scrape"],"campfire_rested":0,"item_purchase_floors":[4,14],"current_hp_per_floor":[75,75,75,75,75,75,75,61,61,61,50,50,50,50,50,14,75,72,72,48,48,48,48,34,34,34,27,0],"gold":140,"neow_bonus":"THREE_ENEMY_KILL","is_prod":false,"is_daily":false,"chose_seed":false,"campfire_upgraded":3,"win_rate":0,"timestamp":1570629697,"path_taken":["M","M","?","$","?","E","R","E","T","?","E","?","?","?","R","BOSS","M","?","M","?","?","R","?","R","T","M","E"],"build_version":"2019-07-17","purchased_purges":1,"victory":false,"max_hp_per_floor":[75,75,75,75,75,75,75,75,75,75,75,75,75,75,75,75,75,75,75,75,75,75,75,80,80,80,80,80],"card_choices":[{"not_picked":["Turbo","BootSequence"],"picked":"Beam Cell","floor":1},{"not_picked":["Stack","Auto Shields"],"picked":"Barrage","floor":2},{"not_picked":["Redo","Fusion"],"picked":"Sunder","floor":6},{"not_picked":["Multi-Cast","Stack","Redo"],"picked":"SKIP","floor":8},{"not_picked":["Ball Lightning","Steam Power"],"picked":"Echo Form","floor":11},{"not_picked":["Coolheaded","Steam","Turbo"],"picked":"SKIP","floor":12},{"not_picked":["Multi-Cast","Reboot"],"picked":"Seek","floor":16},{"not_picked":["Glacier","Steam"],"picked":"Redo+1","floor":18},{"not_picked":["Cold Snap","Stack","Static Discharge"],"picked":"SKIP","floor":20},{"not_picked":["Cold Snap+1","Sunder"],"picked":"Gash","floor":27}],"player_experience":134205,"relics_obtained":[{"floor":5,"key":"Gremlin Horn"},{"floor":6,"key":"Du-Vu Doll"},{"floor":8,"key":"Ornamental Fan"},{"floor":9,"key":"Incense Burner"},{"floor":11,"key":"Peace Pipe"},{"floor":26,"key":"Bottled Flame"}],"event_choices":[{"cards_removed":["Defend_B"],"damage_healed":0,"gold_gain":0,"player_choice":"Purged","damage_taken":0,"max_hp_gain":0,"max_hp_loss":0,"event_name":"Purifier","floor":3,"gold_loss":0},{"damage_healed":0,"gold_gain":0,"player_choice":"Cursed","damage_taken":0,"max_hp_gain":0,"max_hp_loss":0,"event_name":"Wheel of Change","floor":10,"gold_loss":0,"cards_obtained":["Decay"]},{"cards_removed":["Decay"],"damage_healed":0,"gold_gain":0,"player_choice":"Card Removal","damage_taken":0,"max_hp_gain":0,"max_hp_loss":0,"event_name":"The Cleric","floor":13,"gold_loss":50},{"cards_removed":["Defend_B"],"damage_healed":0,"gold_gain":0,"player_choice":"Gave Gold","damage_taken":0,"max_hp_gain":0,"max_hp_loss":0,"event_name":"Beggar","floor":19,"gold_loss":75},{"damage_healed":0,"gold_gain":0,"cards_transformed":["Strike_B","Strike_B"],"player_choice":"Became Test Subject","damage_taken":0,"max_hp_gain":0,"max_hp_loss":0,"event_name":"Drug Dealer","floor":21,"gold_loss":0,"cards_obtained":["Redo","Echo Form"]},{"damage_healed":0,"gold_gain":0,"player_choice":"Opened","damage_taken":0,"relics_obtained":["Matryoshka"],"max_hp_gain":0,"max_hp_loss":0,"event_name":"The Mausoleum","floor":22,"gold_loss":0},{"damage_healed":0,"gold_gain":0,"player_choice":"Shed Blood","damage_taken":19,"max_hp_gain":5,"max_hp_loss":0,"event_name":"Forgotten Altar","floor":24,"gold_loss":0}],"is_beta":false,"boss_relics":[{"not_picked":["Orrery","Eternal Feather"],"picked":"Sozu"}],"items_purged_floors":[4],"is_endless":false,"potions_floor_spawned":[2,12,16],"killed_by":"Book of Stabbing","ascension_level":2}