{"gold_per_floor":[138,42,90,265,295,391,391,481,481,535,589,589,664,467,467,758,908,962,962,1010,1010],"floor_reached":21,"playtime":825,"items_purged":["Strike_R"],"score":324,"play_id":"70f75706-170b-4897-ad8b-80a4cf335baa","local_time":"20190918190855","daily_mods":["DeadlyEvents","Binary","Cursed Run","Elite Swarm","Lethality","Midas","Night Terrors","Terminal","Uncertain Future","Binary"],"is_ascension_mode":false,"campfire_choices":[{"floor":7.0,"key":"REST"},{"floor":12.0,"key":"REST"},{"floor":15.0,"key":"REST"}],"neow_cost":"","seed_source_timestamp":262164177300,"circlet_count":0,"master_deck":["Strike_R","Strike_R","Strike_R+1","Strike_R","Defend_R","Defend_R","Defend_R+1","Defend_R","Bash","Twin Strike+1","Doubt","Clumsy","Clothesline","Shrug It Off","Decay"],"special_seed":0,"relics":["Cursed Key","Darkstone Periapt","Du-Vu Doll","Busted Crown","Thread and Needle","Prayer Wheel","Ginger","Whetstone","Tiny House"],"potions_floor_usage":[],"damage_taken":[{"damage":0.0,"enemies":"Cultist","floor":1.0,"turns":1.0},{"damage":0.0,"enemies":"Jaw Worm","floor":3.0,"turns":2.0},{"damage":0.0,"enemies":"2 Louse","floor":5.0,"turns":2.0},{"damage":2.0,"enemies":"3 Sentries","floor":6.0,"turns":5.0},{"damage":0.0,"enemies":"Lagavulin","floor":8.0,"turns":2.0},{"damage":0.0,"enemies":"Blue Slaver","floor":10.0,"turns":2.0},{"damage":0.0,"enemies":"3 Louse","floor":11.0,"turns":1.0},{"damage":0.0,"enemies":"Gremlin Nob","floor":13.0,"turns":2.0},{"damage":0.0,"enemies":"The Guardian","floor":16.0,"turns":9.0},{"damage":9.0,"enemies":"2 Thieves","floor":18.0,"turns":4.0},{"damage":0,"enemies":"Spheric Guardian","floor":20,"turns":3},{"damage":2,"enemies":"Cultist and Chosen","floor":21,"turns":2}],"seed_played":"-9205021803972500618","potions_obtained":[{"floor":5.0,"key":"SkillPotion"},{"floor":11.0,"key":"Dexterity Potion"},{"floor":17.0,"key":"Fire Potion"}],"is_trial":true,"path_per_floor":["M","$","M","?","M","E","R","E","T","M","M","R","E","$","R","B",null,"M","?","M","M"],"character_chosen":"IRONCLAD","items_purchased":["AttackPotion","Twin Strike","Clothesline","Shrug It Off","SteroidPotion"],"campfire_rested":3,"item_purchase_floors":[2,2,14,14,14],"current_hp_per_floor":[1,1,1,6,5,3,1,1,6,5,4,1,1,1,1,6,10,1,1,1,0],"gold":1010,"neow_bonus":"","is_prod":false,"is_daily":false,"chose_seed":false,"campfire_upgraded":0,"win_rate":0,"timestamp":1568851735,"path_taken":["M","$","?","?","M","E","R","E","T","M","M","R","E","?","R","BOSS","M","?","M","M"],"build_version":"2019-09-18","purchased_purges":1,"victory":false,"max_hp_per_floor":[1,1,1,6,5,4,1,1,6,5,4,1,1,1,1,6,10,9,8,7,7],"card_choices":[],"player_experience":1395480,"relics_obtained":[{"floor":6.0,"key":"Thread and Needle"},{"floor":8.0,"key":"Prayer Wheel"},{"floor":9.0,"key":"Ginger"},{"floor":13.0,"key":"Whetstone"}],"event_choices":[{"damage_healed":0.0,"max_hp_gain":0.0,"max_hp_loss":0.0,"gold_gain":175.0,"event_name":"Liars Game","player_choice":"AGREE","floor":4.0,"gold_loss":0.0,"damage_taken":0.0,"cards_obtained":["Doubt"]},{"damage_healed":0,"gold_gain":0,"player_choice":"Ignored","damage_taken":0,"max_hp_gain":0,"max_hp_loss":0,"event_name":"The Mausoleum","floor":19,"gold_loss":0}],"is_beta":true,"boss_relics":[{"not_picked":["Snecko Eye","Mark of Pain"],"picked":"Tiny House"}],"items_purged_floors":[14],"is_endless":false,"potions_floor_spawned":[5,11,18,20],"killed_by":"Cultist and Chosen","ascension_level":0}