{"gold_per_floor":[117,134,59,59,71,106,118,130,167,189,227,239,263,305,317,430,442,473,496,356,372,372,372],"floor_reached":23,"playtime":1205,"items_purged":["Defend_R","Strike_R"],"score":253,"play_id":"d500608d-2d7c-4a4f-9bb8-e3f39fec5d1a","local_time":"20191010094849","is_ascension_mode":true,"campfire_choices":[{"data":"Wild Strike","floor":7.0,"key":"SMITH"},{"data":"Wild Strike","floor":12.0,"key":"SMITH"},{"floor":15,"key":"REST"}],"neow_cost":"NONE","seed_source_timestamp":2352981347202000,"circlet_count":0,"master_deck":["Strike_R","Strike_R","Strike_R","Strike_R","Defend_R","Defend_R","Bash","Battle Trance+1","Wild Strike+1","Wild Strike+1","Juggernaut","True Grit","Flex"],"special_seed":0,"relics":["Burning Blood","MawBank","Regal Pillow","Strawberry","Juzu Bracelet","Busted Crown"],"potions_floor_usage":[14,23,23,23,23,23],"damage_taken":[{"damage":2.0,"enemies":"2 Louse","floor":1.0,"turns":3.0},{"damage":12.0,"enemies":"Small Slimes","floor":2.0,"turns":2.0},{"damage":0.0,"enemies":"Cultist","floor":5.0,"turns":2.0},{"damage":32.0,"enemies":"Gremlin Nob","floor":6.0,"turns":4.0},{"damage":11.0,"enemies":"Looter","floor":10.0,"turns":2.0},{"damage":20.0,"enemies":"Lagavulin","floor":11.0,"turns":3.0},{"damage":0.0,"enemies":"2 Fungi Beasts","floor":13.0,"turns":2.0},{"damage":30,"enemies":"3 Sentries","floor":14,"turns":6},{"damage":52,"enemies":"Slime Boss","floor":16,"turns":11},{"damage":7,"enemies":"Chosen","floor":18,"turns":3},{"damage":28,"enemies":"2 Thieves","floor":19,"turns":4},{"damage":32,"enemies":"Centurion and Healer","floor":21,"turns":6},{"damage":45,"enemies":"Book of Stabbing","floor":23,"turns":3}],"seed_played":"8486612157844830378","potions_obtained":[{"floor":2.0,"key":"Explosive Potion"},{"floor":10.0,"key":"Poison Potion"},{"floor":11.0,"key":"PowerPotion"},{"floor":16,"key":"Block Potion"},{"floor":18,"key":"EntropicBrew"},{"floor":19,"key":"GamblersBrew"}],"is_trial":false,"path_per_floor":["M","M","$","?","M","E","R","?","T","M","E","R","M","E","R","B",null,"M","M","$","M","?","E"],"character_chosen":"IRONCLAD","items_purchased":["True Grit"],"campfire_rested":1,"item_purchase_floors":[20],"current_hp_per_floor":[80,74,74,79,85,59,59,59,59,54,47,47,53,29,71,25,92,91,69,69,43,43,0],"gold":372,"neow_bonus":"TRANSFORM_CARD","is_prod":false,"is_daily":false,"chose_seed":false,"campfire_upgraded":2,"win_rate":0,"timestamp":1570672129,"path_taken":["M","M","$","?","M","E","R","?","T","M","E","R","?","E","R","BOSS","M","M","$","M","?","E"],"build_version":"2019-07-17","purchased_purges":2,"victory":false,"max_hp_per_floor":[80,80,80,85,85,85,85,85,85,85,92,92,92,92,92,92,92,92,92,92,92,92,92],"card_choices":[{"not_picked":["Pommel Strike","Carnage"],"picked":"Wild Strike","floor":1.0},{"not_picked":["Reckless Charge","Clash","Iron Wave"],"picked":"SKIP","floor":2.0},{"not_picked":["Cleave","Combust","Iron Wave"],"picked":"SKIP","floor":5.0},{"not_picked":["Warcry","Pommel Strike","Brutality"],"picked":"SKIP","floor":6.0},{"not_picked":["Perfected Strike","Sword Boomerang"],"picked":"Wild Strike","floor":10.0},{"not_picked":["Perfected Strike","Clash","Sword Boomerang"],"picked":"SKIP","floor":11.0},{"not_picked":["Perfected Strike","Havoc","Thunderclap"],"picked":"SKIP","floor":13.0},{"not_picked":["Pommel Strike","Headbutt","Hemokinesis"],"picked":"SKIP","floor":14},{"not_picked":["Fiend Fire","Limit Break"],"picked":"Juggernaut","floor":16},{"not_picked":["Rampage"],"picked":"SKIP","floor":18},{"not_picked":["Shockwave"],"picked":"SKIP","floor":19},{"not_picked":[],"picked":"Flex","floor":21}],"player_experience":150036,"relics_obtained":[{"floor":6.0,"key":"MawBank"},{"floor":9.0,"key":"Regal Pillow"},{"floor":11.0,"key":"Strawberry"},{"floor":14,"key":"Juzu Bracelet"}],"event_choices":[{"damage_healed":0.0,"max_hp_gain":5.0,"max_hp_loss":0.0,"gold_gain":0.0,"event_name":"Big Fish","player_choice":"Donut","floor":4.0,"gold_loss":0.0,"damage_taken":0.0},{"damage_healed":0.0,"max_hp_gain":0.0,"max_hp_loss":0.0,"gold_gain":0.0,"event_name":"Upgrade Shrine","player_choice":"Upgraded","floor":8.0,"gold_loss":0.0,"damage_taken":0.0,"cards_upgraded":["Battle Trance"]},{"damage_healed":0,"gold_gain":0,"player_choice":"Ignored","damage_taken":0,"max_hp_gain":0,"max_hp_loss":0,"event_name":"Ghosts","floor":22,"gold_loss":0}],"is_beta":false,"boss_relics":[{"not_picked":["Runic Dome","Snecko Eye"],"picked":"Busted Crown"}],"items_purged_floors":[3,20],"is_endless":false,"potions_floor_spawned":[2,10,11,16,18,19],"killed_by":"Book of Stabbing","ascension_level":4}