{"gold_per_floor":[144,144,144,90,132,132,25,25,49,150,189,283,342,446,446,761,761,813,868,493,493],"floor_reached":21,"playtime":367,"items_purged":[],"score":322,"play_id":"24050f82-859e-4836-84d2-c482bed45b66","local_time":"20190919002227","daily_mods":["DeadlyEvents","Binary","Cursed Run","Elite Swarm","Lethality","Midas","Night Terrors","Terminal","Uncertain Future","Binary"],"is_ascension_mode":false,"campfire_choices":[{"floor":6.0,"key":"REST"},{"floor":8.0,"key":"REST"},{"floor":15.0,"key":"REST"}],"neow_cost":"","seed_source_timestamp":558404755300,"circlet_count":0,"master_deck":["Strike_R","Strike_R","Strike_R","Strike_R","Strike_R","Defend_R","Defend_R","Defend_R","Defend_R","Bash","Injury","Heavy Blade","Sword Boomerang","Metallicize","Clumsy","Shame","Clothesline","Cleave","Disarm","Metallicize"],"special_seed":0,"relics":["Cursed Key","Darkstone Periapt","Du-Vu Doll","Busted Crown","Golden Idol","MealTicket","Vajra","Blue Candle","TungstenRod","SlaversCollar","DollysMirror"],"potions_floor_usage":[],"damage_taken":[{"damage":0.0,"enemies":"Small Slimes","floor":1.0,"turns":3.0},{"damage":0.0,"enemies":"2 Louse","floor":5.0,"turns":2.0},{"damage":0.0,"enemies":"Gremlin Nob","floor":10.0,"turns":2.0},{"damage":4.0,"enemies":"Jaw Worm","floor":11.0,"turns":2.0},{"damage":0.0,"enemies":"Lagavulin","floor":12.0,"turns":3.0},{"damage":0.0,"enemies":"Exordium Thugs","floor":13.0,"turns":2.0},{"damage":0.0,"enemies":"3 Sentries","floor":14.0,"turns":4.0},{"damage":0.0,"enemies":"Slime Boss","floor":16.0,"turns":5.0},{"damage":0.0,"enemies":"Shell Parasite","floor":18.0,"turns":3.0},{"damage":0.0,"enemies":"Spheric Guardian","floor":19.0,"turns":2.0},{"damage":12,"enemies":"Snake Plant","floor":21,"turns":1}],"seed_played":"-292099257860166657","potions_obtained":[{"floor":11.0,"key":"Fire Potion"},{"floor":16.0,"key":"Strength Potion"},{"floor":18.0,"key":"FairyPotion"}],"is_trial":true,"path_per_floor":["M","?","?","$","M","R","$","R","T","E","M","E","M","E","R","B",null,"M","M","$","M"],"character_chosen":"IRONCLAD","items_purchased":["Heavy Blade","Sword Boomerang","Metallicize","Clothesline","Dexterity Potion","Cleave","Disarm","DollysMirror"],"campfire_rested":3,"item_purchase_floors":[4,7,7,20,20,20,20,20],"current_hp_per_floor":[1,6,5,4,3,1,1,1,6,5,1,1,1,1,1,6,5,4,3,2,0],"gold":493,"neow_bonus":"","is_prod":false,"is_daily":false,"chose_seed":false,"campfire_upgraded":0,"win_rate":0,"timestamp":1568870547,"path_taken":["M","?","?","?","M","R","$","R","T","E","M","E","M","E","R","BOSS","M","M","$","M"],"build_version":"2019-09-18","purchased_purges":0,"victory":false,"max_hp_per_floor":[1,6,5,4,3,1,1,1,6,5,4,3,2,1,1,6,5,4,3,2,2],"card_choices":[],"player_experience":1397052,"relics_obtained":[{"floor":9.0,"key":"MealTicket"},{"floor":10.0,"key":"Vajra"},{"floor":12.0,"key":"Blue Candle"},{"floor":14.0,"key":"TungstenRod"}],"event_choices":[{"damage_healed":0.0,"max_hp_gain":0.0,"max_hp_loss":0.0,"gold_gain":0.0,"event_name":"Golden Idol","player_choice":"Take Wound","floor":2.0,"gold_loss":0.0,"damage_taken":0.0,"relics_obtained":["Golden Idol"],"cards_obtained":["Injury"]},{"damage_healed":0.0,"max_hp_gain":0.0,"max_hp_loss":0.0,"gold_gain":0.0,"event_name":"The Cleric","player_choice":"Leave","floor":3.0,"gold_loss":0.0,"damage_taken":0.0}],"is_beta":true,"boss_relics":[{"not_picked":["Velvet Choker","Philosopher\u0027s Stone"],"picked":"SlaversCollar"}],"items_purged_floors":[],"is_endless":false,"potions_floor_spawned":[11,16,18],"killed_by":"Snake Plant","ascension_level":0}