{"gold_per_floor":[119,133,150,150,165,199,199,98,98,112,112,132,32,51,51,175,175,196,215,240,240,240,276,276,292,292,292,332,346,390,413,413,538,538,557,557,578,194,319,359,359,359,382,398,398,21,81,97,97,97],"floor_reached":51,"playtime":5296,"items_purged":["Strike_R","Strike_R","Normality","Shame"],"score":769,"play_id":"0d15634c-952a-462d-9d6b-2646b4d7faa0","local_time":"20190920225407","is_ascension_mode":false,"campfire_choices":[{"data":"Twin Strike","floor":7,"key":"SMITH"},{"data":"Twin Strike","floor":15,"key":"SMITH"},{"data":"Burning Pact","floor":24,"key":"SMITH"},{"data":"Flex","floor":27,"key":"SMITH"},{"data":"Sword Boomerang","floor":32,"key":"SMITH"},{"data":"Brutality","floor":42,"key":"SMITH"},{"data":"Pummel","floor":49,"key":"SMITH"}],"neow_cost":"NONE","seed_source_timestamp":673366919523100,"circlet_count":0,"master_deck":["Strike_R","Defend_R","Defend_R+1","Defend_R+1","Defend_R","Bash","Twin Strike+1","Burning Pact+1","Thunderclap","Sword Boomerang+1","Twin Strike+1","Flex+1","Seeing Red+1","Impervious+1","Bloodletting+1","Limit Break+1","Shockwave+1","Rupture+1","Dropkick+1","Armaments+1","Warcry+1","Pummel+1","Flex+1","Brutality+1","Injury","Shrug It Off+1","Burning Pact+1","Spot Weakness+1","Shrug It Off+1"],"relics":["Burning Blood","Meat on the Bone","Toxic Egg 2","Golden Idol","Runic Pyramid","Gremlin Horn","Pear","Bronze Scales","Thread and Needle","Red Mask","Calling Bell","War Paint","Shuriken","Magic Flower","Matryoshka","Champion Belt","Orichalcum","Bag of Marbles","Regal Pillow","Lantern","Ice Cream"],"potions_floor_usage":[6,16,16,29,33,35,40],"damage_taken":[{"damage":2,"enemies":"2 Louse","floor":1,"turns":3},{"damage":1,"enemies":"Cultist","floor":2,"turns":3},{"damage":2,"enemies":"Small Slimes","floor":3,"turns":4},{"damage":20,"enemies":"Exordium Wildlife","floor":5,"turns":7},{"damage":25,"enemies":"3 Sentries","floor":6,"turns":8},{"damage":3,"enemies":"Red Slaver","floor":10,"turns":3},{"damage":7,"enemies":"Blue Slaver","floor":12,"turns":2},{"damage":5,"enemies":"Large Slime","floor":14,"turns":5},{"damage":28,"enemies":"Slime Boss","floor":16,"turns":13},{"damage":7,"enemies":"3 Byrds","floor":18,"turns":4},{"damage":28,"enemies":"Spheric Guardian","floor":19,"turns":4},{"damage":22,"enemies":"3 Cultists","floor":20,"turns":5},{"damage":6,"enemies":"Gremlin Leader","floor":23,"turns":4},{"damage":29,"enemies":"Centurion and Healer","floor":25,"turns":4},{"damage":19,"enemies":"Book of Stabbing","floor":28,"turns":4},{"damage":12,"enemies":"Snake Plant","floor":29,"turns":2},{"damage":2,"enemies":"Masked Bandits","floor":30,"turns":2},{"damage":3,"enemies":"Shelled Parasite and Fungi","floor":31,"turns":3},{"damage":6,"enemies":"Collector","floor":33,"turns":5},{"damage":41,"enemies":"3 Shapes","floor":35,"turns":4},{"damage":12,"enemies":"3 Darklings","floor":37,"turns":4},{"damage":0,"enemies":"Mind Bloom Boss Battle","floor":39,"turns":3},{"damage":62,"enemies":"Reptomancer","floor":40,"turns":5},{"damage":25,"enemies":"4 Shapes","floor":44,"turns":2},{"damage":6,"enemies":"2 Orb Walkers","floor":47,"turns":3},{"damage":2,"enemies":"Writhing Mass","floor":48,"turns":2},{"damage":16,"enemies":"Awakened One","floor":50,"turns":5}],"seed_played":"832120429361993942","potions_obtained":[{"floor":3,"key":"SpeedPotion"},{"floor":6,"key":"Ancient Potion"},{"floor":12,"key":"Swift Potion"},{"floor":14,"key":"EssenceOfSteel"},{"floor":20,"key":"SpeedPotion"},{"floor":28,"key":"AttackPotion"},{"floor":29,"key":"GamblersBrew"},{"floor":30,"key":"Strength Potion"},{"floor":39,"key":"EssenceOfSteel"},{"floor":44,"key":"Poison Potion"},{"floor":48,"key":"Fire Potion"}],"is_trial":false,"path_per_floor":["M","M","M","?","M","E","R","$","T","M","?","M","$","M","R","B",null,"M","M","M","T","?","E","R","M","T","R","E","M","?","M","R","B",null,"M","?","M","$","?","E","?","R","T","M","?","$","?","M","R","B",null],"character_chosen":"IRONCLAD","items_purchased":["Flex","Matryoshka","Burning Pact+1","Lantern"],"campfire_rested":0,"item_purchase_floors":[8,38,46,46],"current_hp_per_floor":[80,80,80,80,66,47,47,47,47,50,30,41,41,54,54,44,80,79,57,53,53,53,63,63,52,52,52,51,57,61,64,64,64,90,58,90,87,87,90,55,55,55,55,57,57,57,60,67,67,60],"gold":97,"neow_bonus":"REMOVE_CARD","is_prod":false,"is_daily":false,"chose_seed":false,"campfire_upgraded":7,"win_rate":0.0,"timestamp":1568991247,"path_taken":["M","M","M","?","?","E","R","?","T","M","?","M","?","M","R","BOSS","M","M","M","?","?","E","R","M","T","R","E","M","?","M","R","BOSS","M","?","M","?","?","E","?","R","T","?","?","?","?","M","R","BOSS"],"build_version":"2019-07-17","purchased_purges":4,"victory":true,"max_hp_per_floor":[80,80,80,80,80,80,80,80,80,80,80,80,80,80,80,80,80,80,80,80,80,80,90,90,90,90,90,90,90,90,90,90,90,90,90,90,90,90,90,90,90,90,90,90,90,90,90,90,90,90],"card_choices":[{"not_picked":["Rupture","Burning Pact"],"picked":"Twin Strike","floor":1},{"not_picked":["Uppercut","Heavy Blade"],"picked":"Burning Pact","floor":2},{"not_picked":["Sword Boomerang","Heavy Blade"],"picked":"Thunderclap","floor":3},{"not_picked":["Rupture","Body Slam"],"picked":"Sword Boomerang","floor":5},{"not_picked":["Warcry","Pommel Strike"],"picked":"Twin Strike","floor":6},{"not_picked":["Flame Barrier+1","Twin Strike"],"picked":"Seeing Red+1","floor":10},{"not_picked":["Carnage","Inflame"],"picked":"Impervious+1","floor":12},{"not_picked":["Shrug It Off+1","Inflame"],"picked":"Bloodletting+1","floor":14},{"not_picked":["Bludgeon","Barricade"],"picked":"Limit Break+1","floor":16},{"not_picked":["Armaments+1","Twin Strike"],"picked":"Shockwave+1","floor":18},{"not_picked":["Warcry+1","Ghostly Armor+1"],"picked":"Rupture","floor":19},{"not_picked":["Bloodletting+1","Feel No Pain"],"picked":"Dropkick+1","floor":20},{"not_picked":["Impervious+1","Seeing Red+1"],"picked":"Armaments+1","floor":23},{"not_picked":["Entrench+1","Perfected Strike"],"picked":"Warcry+1","floor":25},{"not_picked":["Clothesline","Cleave"],"picked":"Pummel","floor":28},{"not_picked":["Disarm+1","Clash"],"picked":"Flex+1","floor":29},{"not_picked":["Seeing Red+1","Intimidate+1","Searing Blow"],"picked":"SKIP","floor":31},{"not_picked":["Berserk","Fiend Fire"],"picked":"Brutality","floor":33},{"not_picked":["Body Slam","Hemokinesis","Armaments+1"],"picked":"SKIP","floor":35},{"not_picked":["Perfected Strike","Blood for Blood+1","Flex+1"],"picked":"SKIP","floor":37},{"not_picked":["Sword Boomerang+1","Sever Soul+1"],"picked":"Shrug It Off+1","floor":40},{"not_picked":["Searing Blow+1","Dual Wield+1","Flex+1"],"picked":"SKIP","floor":44},{"not_picked":["Heavy Blade","Feed"],"picked":"Spot Weakness+1","floor":47},{"not_picked":["Feel No Pain","Perfected Strike+1"],"picked":"Shrug It Off+1","floor":48}],"player_experience":18050,"relics_obtained":[{"floor":6,"key":"Meat on the Bone"},{"floor":9,"key":"Toxic Egg 2"},{"floor":21,"key":"Gremlin Horn"},{"floor":23,"key":"Pear"},{"floor":26,"key":"Bronze Scales"},{"floor":28,"key":"Thread and Needle"},{"floor":30,"key":"Red Mask"},{"floor":34,"key":"War Paint"},{"floor":34,"key":"Shuriken"},{"floor":34,"key":"Magic Flower"},{"floor":39,"key":"Champion Belt"},{"floor":40,"key":"Orichalcum"},{"floor":43,"key":"Bag of Marbles"},{"floor":43,"key":"Regal Pillow"},{"floor":47,"key":"Ice Cream"}],"event_choices":[{"damage_healed":0,"gold_gain":0,"player_choice":"Bought 0 Potions","damage_taken":0,"max_hp_gain":0,"max_hp_loss":0,"event_name":"The Woman in Blue","floor":4,"gold_loss":0},{"damage_healed":0,"gold_gain":0,"player_choice":"Take Damage","damage_taken":20,"relics_obtained":["Golden Idol"],"max_hp_gain":0,"max_hp_loss":0,"event_name":"Golden Idol","floor":11,"gold_loss":0},{"cards_removed":["Strike_R"],"damage_healed":0,"gold_gain":0,"player_choice":"Elegance","damage_taken":0,"max_hp_gain":0,"max_hp_loss":0,"event_name":"Back to Basics","floor":22,"gold_loss":0},{"damage_healed":0,"gold_gain":0,"player_choice":"Fought Bandits","damage_taken":0,"max_hp_gain":0,"max_hp_loss":0,"event_name":"Masked Bandits","floor":30,"gold_loss":0},{"damage_healed":32,"gold_gain":0,"player_choice":"Full Heal","damage_taken":0,"max_hp_gain":0,"max_hp_loss":0,"event_name":"Wheel of Change","floor":36,"gold_loss":0},{"damage_healed":0,"gold_gain":0,"player_choice":"Fight","damage_taken":0,"max_hp_gain":0,"max_hp_loss":0,"event_name":"MindBloom","floor":39,"gold_loss":0},{"damage_healed":0,"gold_gain":0,"player_choice":"Memory 1","damage_taken":0,"max_hp_gain":0,"max_hp_loss":0,"event_name":"SensoryStone","floor":41,"gold_loss":0},{"damage_healed":0,"gold_gain":0,"player_choice":"Forge","damage_taken":0,"max_hp_gain":0,"max_hp_loss":0,"event_name":"Accursed Blacksmith","floor":45,"gold_loss":0,"cards_upgraded":["Rupture"]},{"damage_healed":0,"gold_gain":0,"player_choice":"Fight","damage_taken":0,"max_hp_gain":0,"max_hp_loss":0,"event_name":"Mysterious Sphere","floor":47,"gold_loss":0}],"is_beta":false,"boss_relics":[{"not_picked":["Fusion Hammer","Runic Cube"],"picked":"Runic Pyramid"},{"not_picked":["Busted Crown","Empty Cage"],"picked":"Calling Bell"}],"items_purged_floors":[8,13,38,46],"is_endless":false,"potions_floor_spawned":[3,6,12,14,20,28,29,30,31,39,44,48],"ascension_level":0}