{"gold_per_floor":[110,35,49,62,78,78,97,111,111,111,125,125,125,139,139,139],"floor_reached":16,"playtime":847,"items_purged":["Defend_R"],"score":131,"play_id":"66e33296-b473-493c-aec6-1a93176f9fb4","local_time":"20191006105828","is_ascension_mode":true,"campfire_choices":[{"data":"Searing Blow","floor":6,"key":"SMITH"},{"data":"Searing Blow+1","floor":10,"key":"SMITH"},{"data":"Searing Blow+2","floor":13,"key":"SMITH"},{"data":"Searing Blow+3","floor":15,"key":"SMITH"}],"neow_cost":"PERCENT_DAMAGE","seed_source_timestamp":2017322931290200,"circlet_count":0,"master_deck":["Strike_R","Strike_R","Strike_R","Strike_R","Strike_R","Defend_R","Defend_R","Defend_R","Bash","True Grit","Searing Blow+4","True Grit","Sentinel"],"relics":["Burning Blood","Golden Idol"],"potions_floor_usage":[16,16],"damage_taken":[{"damage":7,"enemies":"2 Louse","floor":1,"turns":4},{"damage":12,"enemies":"Jaw Worm","floor":3,"turns":3},{"damage":5,"enemies":"Small Slimes","floor":4,"turns":4},{"damage":20,"enemies":"Red Slaver","floor":5,"turns":5},{"damage":0,"enemies":"Large Slime","floor":7,"turns":5},{"damage":14,"enemies":"Blue Slaver","floor":8,"turns":3},{"damage":13,"enemies":"3 Louse","floor":11,"turns":5},{"damage":2,"enemies":"Exordium Thugs","floor":14,"turns":4},{"damage":20,"enemies":"Slime Boss","floor":16,"turns":6}],"seed_played":"-6699015552037533954","potions_obtained":[{"floor":4,"key":"SpeedPotion"},{"floor":7,"key":"Fire Potion"},{"floor":11,"key":"Dexterity Potion"},{"floor":14,"key":"AttackPotion"}],"is_trial":false,"path_per_floor":["M","$","M","M","M","R","M","M","T","R","M","?","R","M","R","B"],"character_chosen":"IRONCLAD","items_purchased":[],"campfire_rested":0,"item_purchase_floors":[],"current_hp_per_floor":[71,71,65,66,52,52,58,50,50,50,43,19,19,23,23,3],"gold":139,"neow_bonus":"TWENTY_PERCENT_HP_BONUS","is_prod":false,"is_daily":false,"chose_seed":false,"campfire_upgraded":4,"win_rate":0,"timestamp":1570330708,"path_taken":["M","$","M","M","M","R","M","M","T","R","M","?","R","M","R","BOSS"],"build_version":"2019-07-17","purchased_purges":1,"victory":false,"max_hp_per_floor":[96,96,96,96,96,96,96,96,96,96,96,96,96,96,96,96],"card_choices":[{"not_picked":["Shrug It Off","Intimidate"],"picked":"True Grit","floor":1},{"not_picked":["Anger","Dual Wield"],"picked":"Searing Blow","floor":3},{"not_picked":["Combust","Hemokinesis","Cleave"],"picked":"SKIP","floor":4},{"not_picked":["Thunderclap","Shrug It Off"],"picked":"True Grit","floor":5},{"not_picked":["Entrench","Combust","Armaments"],"picked":"SKIP","floor":7},{"not_picked":["Shrug It Off","Pummel","Rupture"],"picked":"SKIP","floor":8},{"not_picked":["Armaments","True Grit","Iron Wave"],"picked":"SKIP","floor":11},{"not_picked":["Pummel","Perfected Strike"],"picked":"Sentinel","floor":14}],"player_experience":111936,"relics_obtained":[],"event_choices":[{"damage_healed":0,"gold_gain":0,"player_choice":"Take Damage","damage_taken":24,"relics_obtained":["Golden Idol"],"max_hp_gain":0,"max_hp_loss":0,"event_name":"Golden Idol","floor":12,"gold_loss":0}],"is_beta":false,"boss_relics":[],"items_purged_floors":[2],"is_endless":false,"potions_floor_spawned":[4,7,11,14],"killed_by":"Slime Boss","ascension_level":2}