{"gold_per_floor":[112,37,47,57,72,97,67,95,95,107],"floor_reached":10,"playtime":459,"items_purged":["Defend_R"],"score":119,"play_id":"09decc24-74b7-40e0-996d-405257a1a2e1","local_time":"20191010042136","is_ascension_mode":true,"campfire_choices":[],"neow_cost":"PERCENT_DAMAGE","seed_source_timestamp":2339499446513500,"circlet_count":0,"master_deck":["Strike_R","Strike_R","Strike_R","Strike_R","Strike_R","Defend_R","Defend_R","Defend_R","Bash","Wild Strike","Feel No Pain","Reckless Charge"],"relics":["Burning Blood","Matryoshka","Potion Belt","MawBank","Bag of Marbles"],"potions_floor_usage":[7,8,10],"damage_taken":[{"damage":9,"enemies":"2 Louse","floor":1,"turns":4},{"damage":0,"enemies":"Cultist","floor":3,"turns":2},{"damage":12,"enemies":"Jaw Worm","floor":4,"turns":2},{"damage":16,"enemies":"Blue Slaver","floor":5,"turns":3},{"damage":32,"enemies":"Gremlin Nob","floor":6,"turns":4},{"damage":35,"enemies":"Lagavulin","floor":8,"turns":6},{"damage":5,"enemies":"Gremlin Gang","floor":10,"turns":2}],"seed_played":"-5486797720358353112","potions_obtained":[{"floor":6,"key":"Ancient Potion"},{"floor":7,"key":"GamblersBrew"},{"floor":7,"key":"Fruit Juice"},{"floor":8,"key":"Ancient Potion"}],"is_trial":false,"path_per_floor":["M","$","M","M","M","E","?","E","T","M"],"character_chosen":"IRONCLAD","items_purchased":[],"campfire_rested":0,"item_purchase_floors":[],"current_hp_per_floor":[69,69,75,69,59,33,38,9,9,4],"gold":107,"neow_bonus":"TWENTY_PERCENT_HP_BONUS","is_prod":false,"is_daily":false,"chose_seed":false,"campfire_upgraded":0,"win_rate":0,"timestamp":1570652496,"path_taken":["M","$","M","M","M","E","?","E","T","?"],"build_version":"2019-07-17","purchased_purges":1,"victory":false,"max_hp_per_floor":[96,96,96,96,96,96,101,101,101,101],"card_choices":[{"not_picked":["Havoc","Thunderclap"],"picked":"Wild Strike","floor":1},{"not_picked":["Seeing Red","Twin Strike","True Grit"],"picked":"SKIP","floor":3},{"not_picked":["Ghostly Armor","Clash","Barricade"],"picked":"SKIP","floor":4},{"not_picked":["Anger","Warcry"],"picked":"Feel No Pain","floor":5},{"not_picked":["Spot Weakness","Shrug It Off","Disarm"],"picked":"SKIP","floor":6},{"not_picked":["Spot Weakness","Thunderclap"],"picked":"Reckless Charge","floor":8}],"player_experience":139419,"relics_obtained":[{"floor":6,"key":"Matryoshka"},{"floor":8,"key":"Potion Belt"},{"floor":9,"key":"MawBank"},{"floor":9,"key":"Bag of Marbles"}],"event_choices":[{"damage_healed":0,"gold_gain":0,"player_choice":"Bought 2 Potions","damage_taken":0,"max_hp_gain":0,"max_hp_loss":0,"event_name":"The Woman in Blue","floor":7,"gold_loss":0}],"is_beta":false,"boss_relics":[],"items_purged_floors":[2],"is_endless":false,"potions_floor_spawned":[6,8],"killed_by":"Gremlin Gang","ascension_level":4}