{"gold_per_floor":[112,112,132,132,132,191,211,243,317,317,327,359,134,134,134,239,239,252,53,73,85,85,115,132,132,132,132,152,152,169,169,169,169],"floor_reached":33,"playtime":1974,"items_purged":["Defend_B","Pain"],"score":341,"play_id":"e48afe11-9dc9-48b1-b9bc-d2ec80305bbf","local_time":"20191009224957","is_ascension_mode":true,"campfire_choices":[{"data":"Zap","floor":10,"key":"SMITH"},{"floor":15,"key":"REST"},{"data":"Chill","floor":27,"key":"SMITH"},{"floor":29,"key":"REST"},{"data":"Defragment","floor":32,"key":"SMITH"}],"neow_cost":"NONE","seed_source_timestamp":2318083297573200,"circlet_count":0,"master_deck":["Zap+1","Dualcast","Defragment+1","Ball Lightning","Thunder Strike+1","Lockon","Chill+1","Rip and Tear","Chaos","All For One","Meteor Strike+1","FTL","Lockon","Barrage","Turbo"],"relics":["Cracked Core","NeowsBlessing","Incense Burner","Tiny Chest","Lantern","The Courier","Runic Capacitor","WarpedTongs","Pandora\u0027s Box","PreservedInsect","Nunchaku","Whetstone","Dead Branch","Letter Opener"],"potions_floor_usage":[12,21,24,28],"damage_taken":[{"damage":0,"enemies":"2 Louse","floor":1,"turns":1},{"damage":0,"enemies":"Small Slimes","floor":3,"turns":1},{"damage":0,"enemies":"3 Sentries","floor":6,"turns":1},{"damage":7,"enemies":"Jaw Worm","floor":7,"turns":3},{"damage":10,"enemies":"Lagavulin","floor":8,"turns":7},{"damage":0,"enemies":"Looter","floor":11,"turns":2},{"damage":11,"enemies":"Gremlin Nob","floor":12,"turns":3},{"damage":18,"enemies":"Hexaghost","floor":16,"turns":7},{"damage":4,"enemies":"Chosen","floor":18,"turns":3},{"damage":6,"enemies":"3 Byrds","floor":20,"turns":3},{"damage":3,"enemies":"Sentry and Sphere","floor":21,"turns":3},{"damage":27,"enemies":"Gremlin Leader","floor":23,"turns":4},{"damage":21,"enemies":"Snake Plant","floor":24,"turns":4},{"damage":10,"enemies":"Centurion and Healer","floor":28,"turns":3},{"damage":0,"enemies":"Cultist and Chosen","floor":30,"turns":3},{"damage":34,"enemies":"Champ","floor":33,"turns":3}],"seed_played":"-8012500394462954955","potions_obtained":[{"floor":1,"key":"SneckoOil"},{"floor":3,"key":"FearPotion"},{"floor":11,"key":"SpeedPotion"},{"floor":18,"key":"EssenceOfSteel"},{"floor":20,"key":"SkillPotion"},{"floor":21,"key":"Fruit Juice"},{"floor":24,"key":"Explosive Potion"}],"is_trial":false,"path_per_floor":["M","?","M","?","?","E","M","E","T","R","M","E","$","?","R","B",null,"M","$","M","M","T","E","M","?","T","R","M","R","M","T","R","B"],"character_chosen":"DEFECT","items_purchased":["Runic Capacitor","PreservedInsect"],"campfire_rested":2,"item_purchase_floors":[13,19],"current_hp_per_floor":[75,60,60,60,53,53,46,36,36,36,36,25,25,25,47,29,75,71,71,65,67,67,40,19,19,19,19,9,33,33,33,33,0],"gold":169,"neow_bonus":"THREE_ENEMY_KILL","is_prod":false,"is_daily":false,"chose_seed":false,"campfire_upgraded":3,"win_rate":0,"timestamp":1570632597,"path_taken":["M","?","M","?","?","E","M","E","T","R","?","E","$","?","R","BOSS","M","$","M","M","?","E","M","?","T","R","M","R","M","?","R","BOSS"],"build_version":"2019-07-17","purchased_purges":2,"victory":false,"max_hp_per_floor":[75,75,75,75,75,75,75,75,75,75,75,75,75,75,75,75,75,75,75,75,80,80,80,80,80,80,80,80,80,80,80,80,80],"card_choices":[{"not_picked":["Beam Cell","Leap"],"picked":"Defragment","floor":1},{"not_picked":["FTL","Beam Cell","Sweeping Beam"],"picked":"SKIP","floor":3},{"not_picked":["Cold Snap","Steam"],"picked":"Ball Lightning","floor":6},{"not_picked":["Hello World","Tempest","Sweeping Beam"],"picked":"SKIP","floor":7},{"not_picked":["Undo","BootSequence"],"picked":"Thunder Strike","floor":8},{"not_picked":["Hologram","Go for the Eyes","Tempest"],"picked":"SKIP","floor":11},{"not_picked":["Sweeping Beam","Reinforced Body"],"picked":"Lockon","floor":12},{"not_picked":["Streamline","Sweeping Beam+1","Rip and Tear"],"picked":"SKIP","floor":18},{"not_picked":["Stack+1","Sunder"],"picked":"Barrage","floor":20},{"not_picked":["Streamline","Static Discharge","Sweeping Beam+1"],"picked":"SKIP","floor":21},{"not_picked":["Hologram","Go for the Eyes","Scrape"],"picked":"SKIP","floor":23},{"not_picked":["Meteor Strike","Hologram"],"picked":"Turbo","floor":24},{"not_picked":["Consume","Coolheaded","Steam Power"],"picked":"SKIP","floor":28},{"not_picked":["Consume","Coolheaded","Steam Power"],"picked":"SKIP","floor":28},{"not_picked":["Stack","Multi-Cast","Darkness"],"picked":"SKIP","floor":30}],"player_experience":135535,"relics_obtained":[{"floor":6,"key":"Tiny Chest"},{"floor":8,"key":"Lantern"},{"floor":12,"key":"The Courier"},{"floor":22,"key":"Nunchaku"},{"floor":23,"key":"Whetstone"},{"floor":26,"key":"Dead Branch"},{"floor":31,"key":"Letter Opener"}],"event_choices":[{"damage_healed":0,"gold_gain":0,"player_choice":"Entered Light","damage_taken":15,"max_hp_gain":0,"max_hp_loss":0,"event_name":"Shining Light","floor":2,"gold_loss":0,"cards_upgraded":["Strike_B","Defend_B"]},{"damage_healed":0,"gold_gain":0,"player_choice":"Box","damage_taken":0,"relics_obtained":["Incense Burner"],"max_hp_gain":0,"max_hp_loss":0,"event_name":"Big Fish","floor":4,"gold_loss":0,"cards_obtained":["Regret"]},{"cards_removed":["Regret"],"damage_healed":0,"gold_gain":0,"player_choice":"Card Removal","damage_taken":7,"max_hp_gain":0,"max_hp_loss":0,"event_name":"Golden Wing","floor":5,"gold_loss":0},{"damage_healed":0,"gold_gain":0,"player_choice":"Rummage","damage_taken":0,"relics_obtained":["WarpedTongs"],"max_hp_gain":0,"max_hp_loss":0,"event_name":"Accursed Blacksmith","floor":14,"gold_loss":0,"cards_obtained":["Pain"]},{"damage_healed":0,"gold_gain":0,"player_choice":"Ignored","damage_taken":0,"max_hp_gain":0,"max_hp_loss":0,"event_name":"The Mausoleum","floor":25,"gold_loss":0}],"is_beta":false,"boss_relics":[{"not_picked":["Snecko Eye","Cursed Key"],"picked":"Pandora\u0027s Box"}],"items_purged_floors":[13,19],"is_endless":false,"potions_floor_spawned":[1,3,11,18,20,21,24],"killed_by":"Champ","ascension_level":2}