{"gold_per_floor":[118,129,129,145,145,480,496,524,596,521,521,535,435,435,435,535,535],"floor_reached":17,"playtime":666,"items_purged":["Regret","Defend_R"],"score":198,"play_id":"73520ff4-1ada-49b7-b616-8c187286c2d2","local_time":"20191009210620","is_ascension_mode":true,"campfire_choices":[{"floor":11,"key":"REST"},{"data":"Sever Soul","floor":15,"key":"SMITH"}],"neow_cost":"CURSE","seed_source_timestamp":2313173129693300,"circlet_count":0,"master_deck":["Strike_R","Strike_R","Strike_R","Strike_R","Strike_R","Defend_R","Defend_R","Defend_R","Bash","Sever Soul+1","Battle Trance","Shockwave","Double Tap"],"relics":["Burning Blood","Ginger","Red Skull","Old Coin","Centennial Puzzle","Matryoshka","Philosopher\u0027s Stone"],"potions_floor_usage":[8,16,16],"damage_taken":[{"damage":8,"enemies":"Small Slimes","floor":1,"turns":4},{"damage":15,"enemies":"Cultist","floor":2,"turns":4},{"damage":14,"enemies":"Jaw Worm","floor":4,"turns":3},{"damage":24,"enemies":"Gremlin Nob","floor":6,"turns":4},{"damage":13,"enemies":"Large Slime","floor":7,"turns":4},{"damage":47,"enemies":"3 Sentries","floor":8,"turns":7},{"damage":3,"enemies":"2 Fungi Beasts","floor":12,"turns":3},{"damage":62,"enemies":"Hexaghost","floor":16,"turns":8}],"seed_played":"5963030483802961459","potions_obtained":[{"floor":1,"key":"Regen Potion"},{"floor":2,"key":"BloodPotion"},{"floor":6,"key":"SkillPotion"},{"floor":12,"key":"GamblersBrew"}],"is_trial":false,"path_per_floor":["M","M","?","M","?","E","M","E","T","$","R","M","$","?","R","B",null],"character_chosen":"IRONCLAD","items_purchased":[],"campfire_rested":1,"item_purchase_floors":[],"current_hp_per_floor":[78,69,69,61,61,43,36,10,10,10,34,37,37,63,63,7,80],"gold":535,"neow_bonus":"ONE_RARE_RELIC","is_prod":false,"is_daily":false,"chose_seed":false,"campfire_upgraded":1,"win_rate":0,"timestamp":1570626380,"path_taken":["M","M","?","?","?","E","M","E","T","$","R","M","$","?","R","BOSS"],"build_version":"2019-07-17","purchased_purges":2,"victory":false,"max_hp_per_floor":[80,80,80,80,80,80,80,80,80,80,80,80,80,80,80,80,80],"card_choices":[{"not_picked":["Pommel Strike","Clash"],"picked":"Sever Soul","floor":1},{"not_picked":["Sword Boomerang","Twin Strike","Pommel Strike"],"picked":"SKIP","floor":2},{"not_picked":["Disarm","Searing Blow","Iron Wave"],"picked":"SKIP","floor":4},{"not_picked":["Fire Breathing","Impervious"],"picked":"Battle Trance","floor":6},{"not_picked":["Perfected Strike","Havoc","Armaments"],"picked":"SKIP","floor":7},{"not_picked":["Infernal Blade","Clash"],"picked":"Shockwave","floor":8},{"not_picked":["Armaments","Havoc","Perfected Strike"],"picked":"SKIP","floor":12},{"not_picked":["Exhume","Bludgeon"],"picked":"Double Tap","floor":16}],"player_experience":131495,"relics_obtained":[{"floor":6,"key":"Old Coin"},{"floor":8,"key":"Centennial Puzzle"},{"floor":9,"key":"Matryoshka"}],"event_choices":[{"damage_healed":0,"gold_gain":0,"player_choice":"Gave Potion","damage_taken":0,"relics_obtained":["Red Skull"],"max_hp_gain":0,"max_hp_loss":0,"event_name":"WeMeetAgain","floor":3,"gold_loss":0},{"damage_healed":0,"gold_gain":0,"player_choice":"Ignored","damage_taken":0,"max_hp_gain":0,"max_hp_loss":0,"event_name":"Liars Game","floor":5,"gold_loss":0},{"damage_healed":26,"gold_gain":0,"player_choice":"Banana","damage_taken":0,"max_hp_gain":0,"max_hp_loss":0,"event_name":"Big Fish","floor":14,"gold_loss":0}],"is_beta":false,"boss_relics":[{"not_picked":["Black Star","Runic Cube"],"picked":"Philosopher\u0027s Stone"}],"items_purged_floors":[10,13],"is_endless":false,"potions_floor_spawned":[1,2,6,12],"ascension_level":4}