{"gold_per_floor":[114,114,133,152,163,191,191,223,277,311,311,311],"floor_reached":12,"playtime":463,"items_purged":[],"score":127,"play_id":"89b475e7-0805-469c-835d-c35429eba944","local_time":"20190929165217","is_ascension_mode":true,"campfire_choices":[{"data":"Body Slam","floor":7,"key":"SMITH"}],"neow_cost":"NONE","seed_source_timestamp":1305009051166400,"circlet_count":0,"master_deck":["Strike_R","Strike_R","Strike_R","Strike_R","Strike_R","Defend_R","Defend_R","Defend_R","Bash","Cleave","Wild Strike","Shrug It Off","Headbutt","Body Slam+1","Thunderclap"],"relics":["Burning Blood","Potion Belt","Paper Frog","Happy Flower","Toy Ornithopter","SsserpentHead"],"potions_floor_usage":[6,8,10],"damage_taken":[{"damage":2,"enemies":"Small Slimes","floor":1,"turns":5},{"damage":6,"enemies":"Cultist","floor":3,"turns":3},{"damage":6,"enemies":"2 Louse","floor":4,"turns":2},{"damage":24,"enemies":"Exordium Thugs","floor":5,"turns":6},{"damage":27,"enemies":"Lagavulin","floor":6,"turns":6},{"damage":32,"enemies":"3 Sentries","floor":8,"turns":6},{"damage":32,"enemies":"Gremlin Nob","floor":10,"turns":4},{"damage":12,"enemies":"3 Sentries","floor":12,"turns":4}],"seed_played":"-8994578872128979619","potions_obtained":[{"floor":3,"key":"SkillPotion"},{"floor":5,"key":"BloodPotion"},{"floor":6,"key":"Strength Potion"}],"is_trial":false,"path_per_floor":["M","?","M","M","M","E","R","E","T","E","?","E"],"character_chosen":"IRONCLAD","items_purchased":[],"campfire_rested":0,"item_purchase_floors":[],"current_hp_per_floor":[84,84,84,84,66,45,45,19,19,10,10,0],"gold":311,"neow_bonus":"TEN_PERCENT_HP_BONUS","is_prod":false,"is_daily":false,"chose_seed":false,"campfire_upgraded":1,"win_rate":0,"timestamp":1569768737,"path_taken":["M","?","M","?","?","E","R","E","T","E","?","E"],"build_version":"2019-09-27","purchased_purges":0,"victory":false,"max_hp_per_floor":[88,88,88,88,88,88,88,88,88,88,88,88],"card_choices":[{"not_picked":["Sword Boomerang","Iron Wave"],"picked":"Cleave","floor":1},{"not_picked":["Power Through","Shockwave"],"picked":"Wild Strike","floor":3},{"not_picked":["Battle Trance","True Grit"],"picked":"Shrug It Off","floor":4},{"not_picked":["Sentinel","Anger"],"picked":"Headbutt","floor":5},{"not_picked":["Immolate","Inflame"],"picked":"Body Slam","floor":6},{"not_picked":["Inflame","Clash","Battle Trance"],"picked":"SKIP","floor":8},{"not_picked":["Sword Boomerang","Limit Break"],"picked":"Thunderclap","floor":10}],"player_experience":323510,"relics_obtained":[{"floor":6,"key":"Potion Belt"},{"floor":8,"key":"Paper Frog"},{"floor":9,"key":"Happy Flower"},{"floor":10,"key":"Toy Ornithopter"}],"event_choices":[{"cards_removed":["Defend_R"],"damage_healed":0,"gold_gain":0,"player_choice":"Purged","damage_taken":0,"max_hp_gain":0,"max_hp_loss":0,"event_name":"Purifier","floor":2,"gold_loss":0},{"damage_healed":0,"gold_gain":0,"player_choice":"Trade","damage_taken":0,"relics_obtained":["SsserpentHead"],"max_hp_gain":0,"max_hp_loss":0,"event_name":"FaceTrader","floor":11,"gold_loss":0}],"is_beta":true,"boss_relics":[],"items_purged_floors":[],"is_endless":false,"potions_floor_spawned":[3,5,6],"killed_by":"3 Sentries","ascension_level":6}