{"gold_per_floor":[110,123,123,137,137,137,163,163,189,235,263,293,324,336],"floor_reached":14,"playtime":874,"items_purged":[],"score":133,"play_id":"ad2aa6ad-5b51-4b65-8c19-ed1732eb7b3b","local_time":"20191002151919","is_ascension_mode":true,"campfire_choices":[{"data":"Setup","floor":6,"key":"SMITH"},{"floor":8,"key":"REST"}],"neow_cost":"NONE","seed_source_timestamp":1558221038838300,"circlet_count":0,"master_deck":["Strike_G","Strike_G","Strike_G+1","Strike_G","Strike_G","Defend_G","Defend_G","Defend_G","Defend_G","Defend_G","Survivor","Neutralize","Discovery+1","Underhanded Strike","Setup+1","Storm of Steel","Endless Agony","Backflip","Acrobatics","Footwork","All Out Attack"],"relics":["Ring of the Snake","Toy Ornithopter","Eternal Feather","MawBank","Gambling Chip"],"potions_floor_usage":[10,11],"damage_taken":[{"damage":0,"enemies":"Jaw Worm","floor":1,"turns":3},{"damage":0,"enemies":"Small Slimes","floor":2,"turns":3},{"damage":0,"enemies":"2 Louse","floor":4,"turns":1},{"damage":40,"enemies":"Gremlin Nob","floor":7,"turns":5},{"damage":19,"enemies":"3 Sentries","floor":10,"turns":12},{"damage":0,"enemies":"2 Fungi Beasts","floor":11,"turns":2},{"damage":1,"enemies":"Looter","floor":12,"turns":2},{"damage":10,"enemies":"3 Louse","floor":13,"turns":4},{"damage":17,"enemies":"Gremlin Nob","floor":14,"turns":3}],"seed_played":"-5311366597369210284","potions_obtained":[{"floor":1,"key":"Energy Potion"},{"floor":7,"key":"Poison Potion"}],"is_trial":false,"path_per_floor":["M","M","?","M","?","R","E","R","T","E","M","M","M","E"],"character_chosen":"THE_SILENT","items_purchased":[],"campfire_rested":1,"item_purchase_floors":[],"current_hp_per_floor":[63,63,49,49,42,42,2,32,32,18,23,22,12,0],"gold":336,"neow_bonus":"RANDOM_COLORLESS","is_prod":false,"is_daily":false,"chose_seed":false,"campfire_upgraded":1,"win_rate":0,"timestamp":1570022359,"path_taken":["M","M","?","M","?","R","E","R","T","E","M","M","M","E"],"build_version":"2019-10-01","purchased_purges":0,"victory":false,"max_hp_per_floor":[70,70,70,70,70,70,70,70,70,70,70,70,70,70],"card_choices":[{"not_picked":["Impatience","Panacea"],"picked":"Discovery","floor":0},{"not_picked":["Masterful Stab","Outmaneuver"],"picked":"Underhanded Strike","floor":1},{"not_picked":["Predator","PiercingWail"],"picked":"Setup","floor":2},{"not_picked":["Masterful Stab","Backflip"],"picked":"Storm of Steel","floor":4},{"not_picked":["Distraction","Outmaneuver"],"picked":"Endless Agony","floor":7},{"not_picked":["Flying Knee","Underhanded Strike"],"picked":"Backflip","floor":10},{"not_picked":["Blade Dance","Sucker Punch"],"picked":"Acrobatics","floor":11},{"not_picked":["Catalyst","Distraction"],"picked":"Footwork","floor":12},{"not_picked":["Dodge and Roll","Caltrops"],"picked":"All Out Attack","floor":13}],"player_experience":329376,"relics_obtained":[{"floor":7,"key":"Eternal Feather"},{"floor":9,"key":"MawBank"},{"floor":10,"key":"Gambling Chip"}],"event_choices":[{"damage_healed":0,"gold_gain":0,"player_choice":"Entered Light","damage_taken":14,"max_hp_gain":0,"max_hp_loss":0,"event_name":"Shining Light","floor":3,"gold_loss":0,"cards_upgraded":["Discovery","Strike_G"]},{"damage_healed":0,"gold_gain":0,"player_choice":"Success","damage_taken":7,"relics_obtained":["Toy Ornithopter"],"max_hp_gain":0,"max_hp_loss":0,"event_name":"Scrap Ooze","floor":5,"gold_loss":0}],"is_beta":true,"boss_relics":[],"items_purged_floors":[],"is_endless":false,"potions_floor_spawned":[1,7],"killed_by":"Gremlin Nob","ascension_level":6}