{"gold_per_floor":[111,61,61,61,71,105,118,118,118,118,153,176,207,2,2,103,103,118,149,166,166,166,166,91,91,115,129,129,129,147,147,147,147],"floor_reached":33,"playtime":2143,"items_purged":[],"score":309,"play_id":"dbdf7074-d388-45ef-b487-28b54af49f83","local_time":"20190630231242","is_ascension_mode":false,"campfire_choices":[{"data":"Twin Strike","floor":8,"key":"SMITH"},{"data":"Sword Boomerang","floor":15,"key":"SMITH"},{"floor":23,"key":"REST"},{"data":"Cleave","floor":25,"key":"SMITH"},{"floor":28,"key":"REST"},{"floor":32,"key":"REST"}],"neow_cost":"NONE","seed_source_timestamp":1090823112297470,"circlet_count":0,"master_deck":["Strike_R","Strike_R","Strike_R","Defend_R","Defend_R","Defend_R","Defend_R+1","Bash","Cleave+1","Clothesline","Twin Strike+1","Limit Break+1","Sword Boomerang+1","Warcry","Seeing Red","Cleave","Clash","Sword Boomerang","Body Slam","Cleave+1","Perfected Strike+1","Pommel Strike","Writhe","Cleave","Heavy Blade"],"relics":["Burning Blood","NeowsBlessing","Question Card","Kunai","War Paint","Oddly Smooth Stone","Vajra","Lee\u0027s Waffle","Orrery","Red Mask","Smiling Mask","Boot","MutagenicStrength"],"potions_floor_usage":[11,16,19,30],"damage_taken":[{"damage":0,"enemies":"2 Louse","floor":1,"turns":1},{"damage":0,"enemies":"Jaw Worm","floor":5,"turns":1},{"damage":0,"enemies":"3 Sentries","floor":6,"turns":1},{"damage":0,"enemies":"Small Slimes","floor":7,"turns":2},{"damage":18,"enemies":"Gremlin Nob","floor":11,"turns":5},{"damage":36,"enemies":"3 Sentries","floor":13,"turns":7},{"damage":42,"enemies":"Hexaghost","floor":16,"turns":9},{"damage":8,"enemies":"Chosen","floor":18,"turns":4},{"damage":33,"enemies":"Masked Bandits","floor":19,"turns":4},{"damage":3,"enemies":"Spheric Guardian","floor":20,"turns":3},{"damage":26,"enemies":"Chosen and Byrds","floor":27,"turns":5},{"damage":34,"enemies":"Snake Plant","floor":30,"turns":4},{"damage":103,"enemies":"Champ","floor":33,"turns":10}],"seed_played":"4028476784571192871","potions_obtained":[{"floor":1,"key":"Block Potion"},{"floor":5,"key":"Poison Potion"},{"floor":18,"key":"EssenceOfSteel"},{"floor":27,"key":"PowerPotion"}],"is_trial":false,"path_per_floor":["M","?","$","?","M","E","M","R","T","$","E","T","E","$","R","B",null,"M","?","M","$","?","R","?","R","T","M","R","$","M","?","R","B"],"character_chosen":"IRONCLAD","items_purchased":["Lee\u0027s Waffle"],"campfire_rested":3,"item_purchase_floors":[14],"current_hp_per_floor":[80,80,80,80,80,80,80,80,80,80,68,68,38,87,87,51,87,85,58,61,61,61,87,87,87,87,67,87,87,59,59,85,0],"gold":147,"neow_bonus":"THREE_ENEMY_KILL","is_prod":false,"is_daily":false,"chose_seed":false,"campfire_upgraded":3,"win_rate":0.0,"timestamp":1561954362,"path_taken":["M","?","$","?","M","E","M","R","T","$","E","?","E","$","R","BOSS","M","?","M","$","?","R","?","R","T","?","R","$","M","?","R","BOSS"],"build_version":"2019-01-23","purchased_purges":0,"victory":false,"max_hp_per_floor":[80,80,80,80,80,80,80,80,80,80,80,80,80,87,87,87,87,87,87,87,87,87,87,87,87,87,87,87,87,87,87,87,87],"card_choices":[{"not_picked":["Shockwave","Clash"],"picked":"Cleave","floor":1},{"not_picked":["Shockwave","Disarm"],"picked":"Clothesline","floor":5},{"not_picked":["Inflame","Ghostly Armor"],"picked":"Twin Strike","floor":6},{"not_picked":["Iron Wave","Wild Strike","Battle Trance"],"picked":"Limit Break","floor":7},{"not_picked":["Blood for Blood","Shockwave","Heavy Blade"],"picked":"Sword Boomerang","floor":11},{"not_picked":["Limit Break","Feel No Pain","Ghostly Armor"],"picked":"Warcry","floor":13},{"not_picked":["Wild Strike","Burning Pact","Whirlwind"],"picked":"Seeing Red","floor":17},{"not_picked":["Intimidate","Armaments","Pommel Strike"],"picked":"Cleave","floor":17},{"not_picked":["Shockwave","Fire Breathing","Armaments"],"picked":"Clash","floor":17},{"not_picked":["Evolve","Uppercut","Carnage"],"picked":"Sword Boomerang","floor":17},{"not_picked":["Rage","Brutality","Clothesline"],"picked":"Body Slam","floor":17},{"not_picked":["Combust","Flex","Shrug It Off"],"picked":"Cleave","floor":18},{"not_picked":["Shrug It Off","Twin Strike","Entrench"],"picked":"Perfected Strike+1","floor":19},{"not_picked":["True Grit+1","Body Slam","Metallicize"],"picked":"Pommel Strike","floor":20},{"not_picked":["Warcry+1","Dual Wield","Clothesline"],"picked":"Cleave","floor":27},{"not_picked":["Thunderclap","Perfected Strike","Corruption"],"picked":"Heavy Blade","floor":30}],"player_experience":56889,"relics_obtained":[{"floor":6,"key":"Question Card"},{"floor":9,"key":"Kunai"},{"floor":11,"key":"War Paint"},{"floor":12,"key":"Oddly Smooth Stone"},{"floor":13,"key":"Vajra"},{"floor":19,"key":"Red Mask"},{"floor":26,"key":"Boot"}],"event_choices":[{"cards_removed":["Strike_R"],"damage_healed":0,"gold_gain":0,"player_choice":"Card Removal","damage_taken":0,"max_hp_gain":0,"max_hp_loss":0,"event_name":"The Cleric","floor":2,"gold_loss":50},{"damage_healed":0,"gold_gain":0,"player_choice":"Grow","damage_taken":0,"max_hp_gain":0,"max_hp_loss":0,"event_name":"Living Wall","floor":4,"gold_loss":0,"cards_upgraded":["Cleave"]},{"damage_healed":0,"gold_gain":0,"player_choice":"Fought Bandits","damage_taken":0,"max_hp_gain":0,"max_hp_loss":0,"event_name":"Masked Bandits","floor":19,"gold_loss":0},{"damage_healed":0,"gold_gain":0,"player_choice":"Opened","damage_taken":0,"relics_obtained":["Smiling Mask"],"max_hp_gain":0,"max_hp_loss":0,"event_name":"The Mausoleum","floor":22,"gold_loss":0,"cards_obtained":["Writhe"]},{"cards_removed":["Strike_R"],"damage_healed":0,"gold_gain":0,"player_choice":"Gave Gold","damage_taken":0,"max_hp_gain":0,"max_hp_loss":0,"event_name":"Beggar","floor":24,"gold_loss":75},{"damage_healed":0,"gold_gain":0,"player_choice":"Inject Mutagens","damage_taken":0,"relics_obtained":["MutagenicStrength"],"max_hp_gain":0,"max_hp_loss":0,"event_name":"Drug Dealer","floor":31,"gold_loss":0}],"is_beta":false,"boss_relics":[{"not_picked":["Velvet Choker","Runic Cube"],"picked":"Orrery"}],"items_purged_floors":[],"is_endless":false,"potions_floor_spawned":[1,5,18,27],"killed_by":"Champ","ascension_level":0}