{"gold_per_floor":[109,109,34,34,47,47,80,80,80,80,80,94,115,134,134,263,263,283,319,343,194,194,194,228,228,228,82,82,111,111,124,124,124],"floor_reached":33,"playtime":3015,"items_purged":["Regret"],"score":309,"play_id":"44944a59-33c5-48e1-b5e3-c07f37cf1f61","local_time":"20190728003654","is_ascension_mode":true,"campfire_choices":[{"data":"Pommel Strike","floor":6,"key":"SMITH"},{"floor":10,"key":"REST"},{"floor":15,"key":"REST"},{"floor":23,"key":"REST"},{"floor":28,"key":"REST"},{"floor":30,"key":"REST"},{"floor":32,"key":"REST"}],"neow_cost":"NONE","seed_source_timestamp":1382138126186142,"circlet_count":0,"master_deck":["Strike_R","Strike_R","Strike_R","Strike_R","Defend_R","Defend_R","Defend_R","Defend_R","Bash","Finesse","Pommel Strike+1","Injury","Headbutt","Dual Wield","Iron Wave","Rage","Flex","Armaments","Bludgeon","Feel No Pain+1","Spot Weakness","Clash","Body Slam","Immolate","Twin Strike"],"relics":["Black Blood","Bag of Marbles","Bloody Idol","Mercury Hourglass","Red Mask","PreservedInsect","Torii","Nloth\u0027s Gift","Potion Belt","Bronze Scales","Centennial Puzzle"],"potions_floor_usage":[16,19],"damage_taken":[{"damage":16,"enemies":"Jaw Worm","floor":1,"turns":4},{"damage":6,"enemies":"Small Slimes","floor":5,"turns":4},{"damage":53,"enemies":"Gremlin Nob","floor":7,"turns":5},{"damage":1,"enemies":"Cultist","floor":12,"turns":3},{"damage":3,"enemies":"Blue Slaver","floor":13,"turns":4},{"damage":14,"enemies":"Large Slime","floor":14,"turns":4},{"damage":85,"enemies":"Hexaghost","floor":16,"turns":13},{"damage":16,"enemies":"Spheric Guardian","floor":18,"turns":4},{"damage":29,"enemies":"Masked Bandits","floor":19,"turns":4},{"damage":32,"enemies":"3 Byrds","floor":20,"turns":6},{"damage":27,"enemies":"Slavers","floor":24,"turns":6},{"damage":21,"enemies":"Gremlin Leader","floor":29,"turns":4},{"damage":58,"enemies":"Shelled Parasite and Fungi","floor":31,"turns":7},{"damage":93,"enemies":"Collector","floor":33,"turns":6}],"seed_played":"8127878908336686245","potions_obtained":[{"floor":7,"key":"Energy Potion"},{"floor":12,"key":"Ancient Potion"},{"floor":13,"key":"BloodPotion"},{"floor":24,"key":"SmokeBomb"},{"floor":29,"key":"FairyPotion"}],"is_trial":false,"path_per_floor":["M","?","$","?","M","R","E","$","T","R","?","M","M","M","R","B",null,"M","?","M","$","?","R","E","?","T","$","R","E","R","M","R","B"],"character_chosen":"IRONCLAD","items_purchased":["PreservedInsect","Bronze Scales"],"campfire_rested":6,"item_purchase_floors":[21,27],"current_hp_per_floor":[70,70,70,70,70,70,23,23,23,47,47,52,55,47,71,12,80,74,55,33,33,33,57,45,45,45,45,69,63,80,37,61,0],"gold":124,"neow_bonus":"RANDOM_COLORLESS","is_prod":false,"is_daily":false,"chose_seed":false,"campfire_upgraded":1,"win_rate":0,"timestamp":1564292214,"path_taken":["M","?","$","?","M","R","E","$","T","R","?","M","M","?","R","BOSS","M","?","M","$","?","R","E","?","T","$","R","E","R","?","R","BOSS"],"build_version":"2019-07-17","purchased_purges":1,"victory":false,"max_hp_per_floor":[80,80,80,80,80,80,80,80,80,80,80,80,80,80,80,80,80,80,80,80,80,80,80,80,80,80,80,80,80,80,80,80,80],"card_choices":[{"not_picked":["Second Wind","Disarm"],"picked":"Pommel Strike","floor":1},{"not_picked":["Armaments","Corruption"],"picked":"Headbutt","floor":5},{"not_picked":["Headbutt","Reckless Charge"],"picked":"Dual Wield","floor":7},{"not_picked":["Cleave","Pommel Strike"],"picked":"Rage","floor":12},{"not_picked":["Warcry","Cleave"],"picked":"Flex","floor":13},{"not_picked":["Sword Boomerang","Dual Wield"],"picked":"Armaments","floor":14},{"not_picked":["Offering","Dark Embrace"],"picked":"Bludgeon","floor":16},{"not_picked":["Warcry","Sword Boomerang"],"picked":"Feel No Pain+1","floor":18},{"not_picked":["Carnage","Warcry"],"picked":"Spot Weakness","floor":19},{"not_picked":["Sentinel","Havoc"],"picked":"Clash","floor":20},{"not_picked":["Barricade","Havoc"],"picked":"Body Slam","floor":24},{"not_picked":["Fiend Fire","Impervious"],"picked":"Immolate","floor":29},{"not_picked":["Clash","Bloodletting"],"picked":"Twin Strike","floor":31}],"player_experience":207127,"relics_obtained":[{"floor":7,"key":"Orichalcum"},{"floor":9,"key":"Mercury Hourglass"},{"floor":19,"key":"Red Mask"},{"floor":24,"key":"Torii"},{"floor":26,"key":"Potion Belt"},{"floor":29,"key":"Centennial Puzzle"}],"event_choices":[{"damage_healed":0,"gold_gain":0,"player_choice":"Box","damage_taken":0,"relics_obtained":["Bag of Marbles"],"max_hp_gain":0,"max_hp_loss":0,"event_name":"Big Fish","floor":2,"gold_loss":0,"cards_obtained":["Regret"]},{"damage_healed":0,"gold_gain":0,"player_choice":"Take Wound","damage_taken":0,"relics_obtained":["Golden Idol"],"max_hp_gain":0,"max_hp_loss":0,"event_name":"Golden Idol","floor":4,"gold_loss":0,"cards_obtained":["Injury"]},{"damage_healed":0,"gold_gain":0,"cards_transformed":["Strike_R"],"player_choice":"Transformed","damage_taken":0,"max_hp_gain":0,"max_hp_loss":0,"event_name":"Transmorgrifier","floor":11,"gold_loss":0,"cards_obtained":["Iron Wave"]},{"damage_healed":0,"gold_gain":0,"player_choice":"Fought Bandits","damage_taken":0,"max_hp_gain":0,"max_hp_loss":0,"event_name":"Masked Bandits","floor":19,"gold_loss":0},{"damage_healed":0,"gold_gain":0,"player_choice":"Gave Idol","damage_taken":0,"relics_obtained":["Bloody Idol"],"max_hp_gain":0,"max_hp_loss":0,"event_name":"Forgotten Altar","floor":22,"relics_lost":["Golden Idol"],"gold_loss":0},{"damage_healed":0,"gold_gain":0,"player_choice":"Traded Relic","damage_taken":0,"relics_obtained":["Nloth\u0027s Gift"],"max_hp_gain":0,"max_hp_loss":0,"event_name":"N\u0027loth","floor":25,"relics_lost":["Orichalcum"],"gold_loss":0}],"is_beta":false,"boss_relics":[{"not_picked":["White Beast Statue","Sozu"],"picked":"Black Blood"}],"items_purged_floors":[3],"is_endless":false,"potions_floor_spawned":[7,12,13,24,29],"killed_by":"Collector","ascension_level":2}