{"gold_per_floor":[116,76,86,86,86,120,120,2,2,32,47,47,67,79,79,175,175,190,190,115,127,45,71,71,87,113,113,113,113,140,10,10,105,105,116,1115,1127,1146,1164,1199,1199,1231,1257,1275,1215,1250,571,585,585,585,585,585,61,93,93],"floor_reached":56,"playtime":2580,"items_purged":["Dualcast"],"score":1985,"play_id":"198c2616-8fc8-44ea-89ca-2a21c9c9070e","local_time":"20190731143914","is_ascension_mode":true,"campfire_choices":[{"data":"Fission","floor":7.0,"key":"SMITH"},{"data":"Recycle","floor":12.0,"key":"SMITH"},{"data":"Sweeping Beam","floor":15.0,"key":"SMITH"},{"data":"Amplify","floor":24.0,"key":"SMITH"},{"data":"Thunder Strike","floor":29.0,"key":"SMITH"},{"data":"Turbo","floor":32.0,"key":"SMITH"},{"floor":49.0,"key":"RECALL"},{"data":"Recycle","floor":52.0,"key":"SMITH"}],"neow_cost":"NONE","seed_source_timestamp":247286064444830,"circlet_count":0,"master_deck":["Zap","Fission+1","Zap","Sweeping Beam+1","Static Discharge+1","Recycle+1","Loop+1","Hologram","Stack","Buffer+1","White Noise","Genetic Algorithm","Double Energy","Core Surge","Thunder Strike+1","Amplify+1","Lockon","BootSequence+1","Heatsinks+1","Capacitor+1","Turbo+1","Turbo+1","Buffer+1","Biased Cognition+1","Defragment+1","Biased Cognition+1","Hello World+1","Double Energy+1","Barrage+1","Conserve Battery+1","Recycle+1","Madness","Madness","Static Discharge+1","Ball Lightning","Biased Cognition+1","Redo+1","Self Repair+1","Amplify","Impatience","Turbo","Glacier"],"special_seed":0,"relics":["Cracked Core","Frozen Egg 2","Bird Faced Urn","Meat on the Bone","Pandora\u0027s Box","Turnip","Smiling Mask","Omamori","Runic Pyramid","Torii","Pantograph","Happy Flower","TheAbacus","Kunai","Ancient Tea Set","Medical Kit","Du-Vu Doll"],"potions_floor_usage":[55,55],"damage_taken":[{"damage":8.0,"enemies":"Jaw Worm","floor":1.0,"turns":4.0},{"damage":1.0,"enemies":"Cultist","floor":3.0,"turns":3.0},{"damage":37.0,"enemies":"Lagavulin","floor":6.0,"turns":8.0},{"damage":18.0,"enemies":"3 Sentries","floor":10.0,"turns":5.0},{"damage":18.0,"enemies":"Small Slimes","floor":11.0,"turns":2.0},{"damage":11.0,"enemies":"Looter","floor":13.0,"turns":3.0},{"damage":3.0,"enemies":"2 Fungi Beasts","floor":14.0,"turns":4.0},{"damage":26.0,"enemies":"Slime Boss","floor":16.0,"turns":7.0},{"damage":27.0,"enemies":"Spheric Guardian","floor":18.0,"turns":3.0},{"damage":3.0,"enemies":"3 Byrds","floor":21.0,"turns":2.0},{"damage":49.0,"enemies":"Gremlin Leader","floor":23.0,"turns":9.0},{"damage":22.0,"enemies":"Cultist and Chosen","floor":25.0,"turns":5.0},{"damage":7.0,"enemies":"Book of Stabbing","floor":30.0,"turns":5.0},{"damage":0.0,"enemies":"Champ","floor":33.0,"turns":7.0},{"damage":17.0,"enemies":"3 Shapes","floor":35.0,"turns":3.0},{"damage":20.0,"enemies":"Orb Walker","floor":37.0,"turns":4.0},{"damage":12.0,"enemies":"4 Shapes","floor":38.0,"turns":3.0},{"damage":9.0,"enemies":"3 Darklings","floor":39.0,"turns":3.0},{"damage":0.0,"enemies":"Nemesis","floor":40.0,"turns":5.0},{"damage":57.0,"enemies":"Reptomancer","floor":42.0,"turns":5.0},{"damage":0.0,"enemies":"Jaw Worm Horde","floor":44.0,"turns":4.0},{"damage":15.0,"enemies":"Nemesis","floor":46.0,"turns":3.0},{"damage":19.0,"enemies":"Writhing Mass","floor":48.0,"turns":3.0},{"damage":49.0,"enemies":"Donu and Deca","floor":50.0,"turns":4.0},{"damage":51.0,"enemies":"Shield and Spear","floor":54.0,"turns":5.0},{"damage":76,"enemies":"The Heart","floor":55,"turns":6}],"seed_played":"3940447520478541841","potions_obtained":[{"floor":2.0,"key":"EssenceOfSteel"},{"floor":2.0,"key":"AttackPotion"},{"floor":2.0,"key":"AttackPotion"},{"floor":6.0,"key":"FearPotion"},{"floor":10.0,"key":"EssenceOfSteel"},{"floor":23.0,"key":"Energy Potion"},{"floor":25.0,"key":"FocusPotion"},{"floor":30.0,"key":"Ancient Potion"},{"floor":44.0,"key":"SteroidPotion"},{"floor":46.0,"key":"Energy Potion"}],"is_trial":false,"path_per_floor":["M","?","M","$","?","E","R","$","T","E","M","R","M","M","R","B",null,"M","?","?","M","$","E","R","M","T","?","?","R","E","$","R","B",null,"M","?","M","M","M","E","?","E","T","M","?","E","$","M","R","B",null,"R","$","E","B",null],"character_chosen":"DEFECT","items_purchased":["Static Discharge+1","Recycle","Capacitor+1","Turbo","Defragment+1","TheAbacus","Self Repair+1","PowerPotion","Kunai","Ancient Tea Set","Medical Kit","PowerPotion","Amplify","Impatience","Turbo"],"campfire_rested":0,"item_purchase_floors":[8,8,22,22,31,47,47,47,47,47,53,53,53,53,53],"current_hp_per_floor":[67,67,66,66,66,29,29,29,29,15,13,13,18,33,33,25,63,46,46,46,49,49,30,30,36,36,22,22,22,45,45,45,71,78,69,69,73,79,71,80,70,49,49,80,80,65,65,56,56,47,72,72,72,63,51],"gold":93,"neow_bonus":"ONE_RANDOM_RARE_CARD","is_prod":false,"is_daily":false,"chose_seed":false,"campfire_upgraded":7,"win_rate":0,"timestamp":1564555154,"path_taken":["M","?","?","?","?","E","R","$","T","E","?","R","M","M","R","BOSS","M","?","?","M","$","E","R","M","T","?","?","R","E","$","R","BOSS","M","?","M","M","M","E","?","E","T","M","?","E","$","M","R","BOSS","R","$","E","BOSS"],"build_version":"2019-07-17","purchased_purges":1,"victory":true,"max_hp_per_floor":[75,75,75,75,75,75,75,75,75,75,75,75,75,75,75,75,75,75,75,75,75,75,75,75,75,75,80,80,80,80,80,80,80,80,80,80,80,80,80,80,80,80,80,80,80,80,80,80,80,80,80,80,80,80,80],"card_choices":[{"not_picked":["Streamline","Turbo","Conserve Battery"],"picked":"SKIP","floor":1.0},{"not_picked":["Turbo","Redo","Fusion"],"picked":"SKIP","floor":3.0},{"not_picked":["Sweeping Beam","Redo"],"picked":"Hello World","floor":6.0},{"not_picked":["Steam","All For One"],"picked":"Loop+1","floor":10.0},{"not_picked":["Barrage","Go for the Eyes"],"picked":"Lockon","floor":11.0},{"not_picked":["Chaos","Conserve Battery"],"picked":"Hologram","floor":13.0},{"not_picked":["Hologram","Reprogram"],"picked":"Stack","floor":14.0},{"not_picked":["Seek","Core Surge"],"picked":"Buffer+1","floor":16.0},{"not_picked":["Sunder","Steam+1"],"picked":"BootSequence+1","floor":18.0},{"not_picked":["Barrage","Doom and Gloom"],"picked":"Heatsinks+1","floor":21.0},{"not_picked":["Rebound","Rip and Tear","Doom and Gloom"],"picked":"SKIP","floor":23.0},{"not_picked":["Rebound","Rip and Tear","Doom and Gloom"],"picked":"SKIP","floor":23.0},{"not_picked":["Conserve Battery","Genetic Algorithm"],"picked":"Turbo+1","floor":25.0},{"not_picked":["White Noise+1","Compile Driver+1"],"picked":"Biased Cognition+1","floor":30.0},{"not_picked":["All For One","Hyperbeam"],"picked":"Biased Cognition+1","floor":33.0},{"not_picked":["Barrage+1","Rebound"],"picked":"Hello World+1","floor":35.0},{"not_picked":["Sweeping Beam+1","Tempest"],"picked":"Double Energy+1","floor":37.0},{"not_picked":["Barrage+1","Genetic Algorithm","Sweeping Beam"],"picked":"SKIP","floor":38.0},{"not_picked":["Genetic Algorithm","Sweeping Beam"],"picked":"Barrage+1","floor":38.0},{"not_picked":["Sunder","Cold Snap"],"picked":"Conserve Battery+1","floor":39.0},{"not_picked":["Go for the Eyes+1","Streamline"],"picked":"Recycle","floor":40.0},{"not_picked":["Go for the Eyes","Amplify"],"picked":"Static Discharge+1","floor":42.0},{"not_picked":["Sweeping Beam","Cold Snap","Rebound+1"],"picked":"SKIP","floor":44.0},{"not_picked":["Coolheaded","Hello World+1"],"picked":"Redo+1","floor":46.0},{"not_picked":["Gash","Melter","Ball Lightning"],"picked":"SKIP","floor":48.0},{"not_picked":["Hello World+1","Genetic Algorithm"],"picked":"Glacier","floor":54.0}],"player_experience":2092644,"relics_obtained":[{"floor":6.0,"key":"Frozen Egg 2"},{"floor":9.0,"key":"Bird Faced Urn"},{"floor":10.0,"key":"Meat on the Bone"},{"floor":23.0,"key":"Turnip"},{"floor":26.0,"key":"Smiling Mask"},{"floor":30.0,"key":"Omamori"},{"floor":40.0,"key":"Torii"},{"floor":42.0,"key":"Pantograph"},{"floor":46.0,"key":"Happy Flower"},{"floor":54.0,"key":"Du-Vu Doll"}],"event_choices":[{"damage_healed":0.0,"max_hp_gain":0.0,"max_hp_loss":0.0,"gold_gain":0.0,"event_name":"The Woman in Blue","player_choice":"Bought 3 Potions","floor":2.0,"gold_loss":0.0,"damage_taken":0.0},{"damage_healed":0.0,"max_hp_gain":0.0,"max_hp_loss":0.0,"gold_gain":0.0,"event_name":"Match and Keep!","player_choice":"2 cards matched","floor":5.0,"gold_loss":0.0,"damage_taken":0.0,"cards_obtained":["Zap","Sweeping Beam"]},{"damage_healed":0.0,"max_hp_gain":0.0,"max_hp_loss":0.0,"gold_gain":0.0,"event_name":"Vampires","player_choice":"Ignored","floor":19.0,"gold_loss":0.0,"damage_taken":0.0},{"cards_removed":["Rebound"],"damage_healed":0.0,"max_hp_gain":0.0,"max_hp_loss":0.0,"gold_gain":0.0,"event_name":"Beggar","player_choice":"Gave Gold","floor":20.0,"gold_loss":75.0,"damage_taken":0.0},{"damage_healed":0.0,"max_hp_gain":5.0,"max_hp_loss":0.0,"gold_gain":0.0,"event_name":"Forgotten Altar","player_choice":"Shed Blood","floor":27.0,"gold_loss":0.0,"damage_taken":19.0},{"damage_healed":0.0,"max_hp_gain":0.0,"max_hp_loss":0.0,"gold_gain":0.0,"event_name":"The Library","player_choice":"Read","floor":28.0,"gold_loss":0.0,"damage_taken":0.0,"cards_obtained":["Buffer"]},{"damage_healed":0.0,"max_hp_gain":0.0,"max_hp_loss":0.0,"gold_gain":999.0,"event_name":"MindBloom","player_choice":"Gold","floor":36.0,"gold_loss":0.0,"damage_taken":0.0,"cards_obtained":["Normality","Normality"]},{"damage_healed":0.0,"max_hp_gain":0.0,"max_hp_loss":0.0,"gold_gain":0.0,"event_name":"Winding Halls","player_choice":"Embrace Madness","floor":41.0,"gold_loss":0.0,"damage_taken":10.0,"cards_obtained":["Madness","Madness"]},{"damage_healed":0.0,"max_hp_gain":0.0,"max_hp_loss":0.0,"gold_gain":0.0,"cards_transformed":["Hello World","Lockon"],"event_name":"Designer","player_choice":"Transformed Cards","floor":45.0,"gold_loss":60.0,"damage_taken":0.0,"cards_obtained":["Ball Lightning","Biased Cognition"]}],"is_beta":false,"boss_relics":[{"not_picked":["Coffee Dripper","Ectoplasm"],"picked":"Pandora\u0027s Box"},{"not_picked":["Orrery","Nuclear Battery"],"picked":"Runic Pyramid"}],"items_purged_floors":[31],"is_endless":false,"potions_floor_spawned":[6,10,13,23,25,30,35,40,44,46,48],"ascension_level":5}