{"gold_per_floor":[109,184,184,184,184,184,1,1,1,1,26,40,73,90,90,164,164,183,195,195,195,26,26,46,77,101,101,120,120,120,32,32,109,109,129,54,64,64,14,48,48,76,76,76,89,139,166,182,182,182,182,182,182,21,46,46],"floor_reached":57,"playtime":2031,"items_purged":["Defend_B"],"score":3324,"play_id":"32649694-de5a-442b-976d-47ae843cb289","local_time":"20190827113058","is_ascension_mode":true,"campfire_choices":[{"data":"Dualcast","floor":6.0,"key":"SMITH"},{"data":"Chaos","floor":10.0,"key":"SMITH"},{"data":"Loop","floor":15.0,"key":"SMITH"},{"data":"Heatsinks","floor":23.0,"key":"SMITH"},{"floor":27.0,"key":"RECALL"},{"data":"Rainbow","floor":29.0,"key":"SMITH"},{"data":"Defragment","floor":32.0,"key":"SMITH"},{"data":"Compile Driver","floor":41.0,"key":"SMITH"},{"data":"Compile Driver","floor":44.0,"key":"SMITH"},{"data":"Capacitor","floor":49.0,"key":"SMITH"},{"data":"Defend_B","floor":53,"key":"SMITH"}],"neow_cost":"NONE","seed_source_timestamp":2569380615531019,"circlet_count":0,"master_deck":["AscendersBane","Defend_B+1","Defend_B+1","Defend_B+1","Zap+1","Dualcast+1","Rainbow+1","Heatsinks+1","Ball Lightning","Chaos+1","Conserve Battery+1","Loop+1","Coolheaded+1","Compile Driver+1","Fission+1","White Noise+1","Compile Driver+1","Ghostly+1","Ghostly+1","Ghostly+1","White Noise+1","Go for the Eyes+1","Ball Lightning+1","Defragment+1","Amplify+1","Reinforced Body+1","Lockon+1","Turbo+1","Double Energy+1","White Noise+1","Capacitor+1","Electrodynamics","Redo+1","Darkness+1","Glacier+1"],"special_seed":0,"relics":["Cracked Core","NeowsBlessing","Toxic Egg 2","Mummified Hand","Gambling Chip","Nuclear Battery","DataDisk","Nunchaku","Bag of Preparation","Coffee Dripper","Bronze Scales","War Paint","PreservedInsect","Centennial Puzzle"],"potions_floor_usage":[56,56],"damage_taken":[{"damage":0.0,"enemies":"2 Louse","floor":1.0,"turns":1.0},{"damage":0.0,"enemies":"3 Sentries","floor":11.0,"turns":1.0},{"damage":0.0,"enemies":"Small Slimes","floor":12.0,"turns":1.0},{"damage":21.0,"enemies":"Gremlin Nob","floor":13.0,"turns":4.0},{"damage":0.0,"enemies":"Cultist","floor":14.0,"turns":3.0},{"damage":5.0,"enemies":"Hexaghost","floor":16.0,"turns":9.0},{"damage":6.0,"enemies":"Shell Parasite","floor":18.0,"turns":5.0},{"damage":2.0,"enemies":"Chosen","floor":19.0,"turns":4.0},{"damage":9.0,"enemies":"Snake Plant","floor":24.0,"turns":3.0},{"damage":0.0,"enemies":"Book of Stabbing","floor":25.0,"turns":4.0},{"damage":0.0,"enemies":"Chosen and Byrds","floor":28.0,"turns":5.0},{"damage":20.0,"enemies":"Automaton","floor":33.0,"turns":9.0},{"damage":0.0,"enemies":"Orb Walker","floor":35.0,"turns":3.0},{"damage":0.0,"enemies":"3 Shapes","floor":37.0,"turns":1.0},{"damage":0.0,"enemies":"Nemesis","floor":40.0,"turns":6.0},{"damage":0.0,"enemies":"Giant Head","floor":42.0,"turns":1.0},{"damage":0.0,"enemies":"Transient","floor":45.0,"turns":6.0},{"damage":0.0,"enemies":"Reptomancer","floor":47.0,"turns":3.0},{"damage":0.0,"enemies":"Writhing Mass","floor":48.0,"turns":4.0},{"damage":16.0,"enemies":"Time Eater","floor":50.0,"turns":4.0},{"damage":0,"enemies":"Donu and Deca","floor":51,"turns":5},{"damage":0,"enemies":"Shield and Spear","floor":55,"turns":1},{"damage":0,"enemies":"The Heart","floor":56,"turns":8}],"seed_played":"-7489259945828940009","potions_obtained":[{"floor":1.0,"key":"LiquidBronze"},{"floor":13.0,"key":"GamblersBrew"},{"floor":18.0,"key":"Weak Potion"},{"floor":25.0,"key":"Regen Potion"},{"floor":47.0,"key":"FocusPotion"}],"is_trial":false,"path_per_floor":["M","?","?","?","?","R","$","?","T","R","E","M","E","M","R","B",null,"M","M","?","?","$","R","M","E","T","R","M","R","?","$","R","B",null,"M","?","M","?","$","E","R","E","T","R","M","?","E","M","R","B","B",null,"R","$","E","B",null],"character_chosen":"DEFECT","items_purchased":["Heatsinks","Ball Lightning","Chaos","DataDisk","Defragment","Turbo+1","Darkness+1"],"campfire_rested":0,"item_purchase_floors":[7,7,7,22,31,39,54],"current_hp_per_floor":[64,53,53,58,35,35,35,28,28,28,28,28,7,7,7,2,58,52,50,38,38,38,38,29,29,29,29,29,29,21,21,21,1,33,33,33,33,33,33,33,33,33,33,33,33,33,33,33,33,17,17,35,35,35,35,35],"gold":46,"neow_bonus":"THREE_ENEMY_KILL","is_prod":false,"is_daily":false,"chose_seed":false,"campfire_upgraded":10,"win_rate":0,"timestamp":1566876658,"path_taken":["M","?","?","?","?","R","?","?","T","R","E","M","E","M","R","BOSS","M","M","?","?","$","R","?","E","T","R","M","R","?","?","R","BOSS","M","?","?","?","$","E","R","E","T","R","M","?","E","M","R","BOSS","BOSS","R","$","E","BOSS"],"build_version":"2019-07-17","purchased_purges":1,"victory":true,"max_hp_per_floor":[71,71,71,76,76,76,76,76,76,76,76,76,76,76,76,76,76,76,76,38,38,38,38,38,38,38,38,38,38,43,43,43,43,43,43,43,43,41,41,41,41,41,41,41,41,41,41,41,41,41,41,41,41,41,41,41],"card_choices":[{"not_picked":["Force Field","Rebound","Steam"],"picked":"SKIP","floor":1.0},{"not_picked":["Chaos+1","Go for the Eyes"],"picked":"Conserve Battery+1","floor":11.0},{"not_picked":["Beam Cell","Conserve Battery+1"],"picked":"Loop","floor":12.0},{"not_picked":["FTL","All For One"],"picked":"Coolheaded+1","floor":13.0},{"not_picked":["Streamline","Gash"],"picked":"Compile Driver","floor":14.0},{"not_picked":["Machine Learning","All For One"],"picked":"Fission+1","floor":16.0},{"not_picked":["Storm+1","Rebound"],"picked":"White Noise+1","floor":18.0},{"not_picked":["Force Field+1","Conserve Battery+1"],"picked":"Compile Driver","floor":19.0},{"not_picked":["Hologram+1","Scrape"],"picked":"White Noise+1","floor":24.0},{"not_picked":["Gash","Compile Driver"],"picked":"Go for the Eyes+1","floor":25.0},{"not_picked":["Leap+1","Steam+1"],"picked":"Ball Lightning+1","floor":28.0},{"not_picked":["Thunder Strike","Biased Cognition"],"picked":"Amplify+1","floor":33.0},{"not_picked":["Rebound","Sweeping Beam"],"picked":"Reinforced Body+1","floor":35.0},{"not_picked":["Hello World","Rebound+1"],"picked":"Lockon+1","floor":37.0},{"not_picked":["Rip and Tear","Cold Snap"],"picked":"Double Energy+1","floor":40.0},{"not_picked":["Auto Shields+1","Compile Driver+1"],"picked":"White Noise+1","floor":42.0},{"not_picked":["Melter","Beam Cell"],"picked":"Capacitor","floor":45.0},{"not_picked":["BootSequence+1","Lockon"],"picked":"Electrodynamics","floor":47.0},{"not_picked":["Static Discharge","Conserve Battery+1"],"picked":"Redo+1","floor":48.0},{"not_picked":["Leap+1","Darkness+1"],"picked":"Glacier+1","floor":55}],"player_experience":2248991,"relics_obtained":[{"floor":9.0,"key":"Toxic Egg 2"},{"floor":11.0,"key":"Mummified Hand"},{"floor":13.0,"key":"Gambling Chip"},{"floor":25.0,"key":"Nunchaku"},{"floor":26.0,"key":"Bag of Preparation"},{"floor":40.0,"key":"Bronze Scales"},{"floor":42.0,"key":"War Paint"},{"floor":47.0,"key":"PreservedInsect"},{"floor":55,"key":"Centennial Puzzle"}],"event_choices":[{"damage_healed":0.0,"max_hp_gain":0.0,"max_hp_loss":0.0,"gold_gain":75.0,"event_name":"World of Goop","player_choice":"Gather Gold","floor":2.0,"gold_loss":0.0,"damage_taken":11.0},{"damage_healed":0.0,"max_hp_gain":0.0,"max_hp_loss":0.0,"gold_gain":0.0,"cards_transformed":["Strike_B"],"event_name":"Living Wall","player_choice":"Change","floor":3.0,"gold_loss":0.0,"damage_taken":0.0,"cards_obtained":["Rainbow"]},{"damage_healed":0.0,"max_hp_gain":5.0,"max_hp_loss":0.0,"gold_gain":0.0,"event_name":"Big Fish","player_choice":"Donut","floor":4.0,"gold_loss":0.0,"damage_taken":0.0},{"damage_healed":0.0,"max_hp_gain":0.0,"max_hp_loss":0.0,"gold_gain":0.0,"event_name":"Shining Light","player_choice":"Entered Light","floor":5.0,"gold_loss":0.0,"damage_taken":23.0,"cards_upgraded":["Strike_B","Zap"]},{"cards_removed":["Strike_B"],"damage_healed":0.0,"max_hp_gain":0.0,"max_hp_loss":0.0,"gold_gain":0.0,"event_name":"Golden Wing","player_choice":"Card Removal","floor":8.0,"gold_loss":0.0,"damage_taken":7.0},{"damage_healed":0.0,"max_hp_gain":0.0,"max_hp_loss":38.0,"gold_gain":0.0,"event_name":"Ghosts","player_choice":"Became a Ghost","floor":20.0,"gold_loss":0.0,"damage_taken":0.0,"cards_obtained":["Ghostly","Ghostly","Ghostly"]},{"cards_removed":["Strike_B"],"damage_healed":0.0,"max_hp_gain":0.0,"max_hp_loss":0.0,"gold_gain":0.0,"event_name":"Bonfire Elementals","player_choice":"Offered Basic","floor":21.0,"gold_loss":0.0,"damage_taken":0.0},{"damage_healed":0.0,"max_hp_gain":5.0,"max_hp_loss":0.0,"gold_gain":0.0,"event_name":"Forgotten Altar","player_choice":"Shed Blood","floor":30.0,"gold_loss":0.0,"damage_taken":13.0},{"cards_removed":["Strike_B"],"damage_healed":0.0,"max_hp_gain":0.0,"max_hp_loss":0.0,"gold_gain":0.0,"event_name":"Designer","player_choice":"Single Remove","floor":36.0,"gold_loss":75.0,"damage_taken":0.0},{"damage_healed":0.0,"max_hp_gain":0.0,"max_hp_loss":2.0,"gold_gain":0.0,"event_name":"Winding Halls","player_choice":"Max HP","floor":38.0,"gold_loss":0.0,"damage_taken":0.0},{"damage_healed":0.0,"max_hp_gain":0.0,"max_hp_loss":0.0,"gold_gain":50.0,"event_name":"Golden Shrine","player_choice":"Pray","floor":46.0,"gold_loss":0.0,"damage_taken":0.0}],"is_beta":false,"boss_relics":[{"not_picked":["Ectoplasm","Black Star"],"picked":"Nuclear Battery"},{"not_picked":["Runic Dome","Busted Crown"],"picked":"Coffee Dripper"}],"items_purged_floors":[54],"is_endless":false,"potions_floor_spawned":[1,13,18,19,25,40,42,47,48],"ascension_level":20}