{"gold_per_floor":[113,133,151,151,162,188,214,214,240,240,259,288,304,383,383,486,486,460,460,107,123,138,138,169,169,169,179,94,94,113,128,128,128],"floor_reached":33,"playtime":4048,"items_purged":[],"score":346,"play_id":"f98246d5-c4a9-4a4e-b9b5-6311e7d984f3","local_time":"20190901015154","is_ascension_mode":true,"campfire_choices":[{"floor":8,"key":"REST"},{"floor":10,"key":"REST"},{"floor":15,"key":"REST"},{"floor":23,"key":"REST"},{"floor":25,"key":"REST"},{"floor":29,"key":"REST"},{"floor":32,"key":"REST"}],"neow_cost":"NONE","seed_source_timestamp":249946606984300,"circlet_count":0,"master_deck":["Strike_R","Strike_R","Defend_R","Defend_R","Defend_R","Defend_R","Bash","Perfected Strike","Rampage","Armaments","Clash","Rupture","Combust","Clash","Combust","Anger","Bludgeon","Ghostly Armor+1","Fire Breathing+1","Metallicize+1","Iron Wave+1","Armaments","Rupture","Shrug It Off","Anger","Carnage+1","Intimidate+1"],"relics":["Burning Blood","Red Skull","Odd Mushroom","Strawberry","Oddly Smooth Stone","Astrolabe","MutagenicStrength","Vajra","Omamori","Meat on the Bone","Bottled Flame","Bag of Marbles"],"potions_floor_usage":[5,6,16,16,22,27,27,33],"damage_taken":[{"damage":6,"enemies":"Cultist","floor":1,"turns":4},{"damage":7,"enemies":"Jaw Worm","floor":2,"turns":3},{"damage":3,"enemies":"2 Louse","floor":3,"turns":2},{"damage":42,"enemies":"Exordium Thugs","floor":5,"turns":7},{"damage":25,"enemies":"Lagavulin","floor":6,"turns":5},{"damage":18,"enemies":"The Mushroom Lair","floor":7,"turns":4},{"damage":23,"enemies":"Lots of Slimes","floor":11,"turns":3},{"damage":25,"enemies":"3 Sentries","floor":12,"turns":6},{"damage":3,"enemies":"3 Louse","floor":13,"turns":2},{"damage":53,"enemies":"Hexaghost","floor":16,"turns":6},{"damage":40,"enemies":"2 Thieves","floor":18,"turns":5},{"damage":11,"enemies":"Spheric Guardian","floor":21,"turns":3},{"damage":31,"enemies":"Centurion and Healer","floor":22,"turns":5},{"damage":48,"enemies":"Slavers","floor":24,"turns":6},{"damage":29,"enemies":"Cultist and Chosen","floor":27,"turns":5},{"damage":28,"enemies":"Chosen and Byrds","floor":30,"turns":7},{"damage":31,"enemies":"Shelled Parasite and Fungi","floor":31,"turns":6},{"damage":69,"enemies":"Automaton","floor":33,"turns":8}],"seed_played":"-1702808931154073153","potions_obtained":[{"floor":1,"key":"Weak Potion"},{"floor":2,"key":"Strength Potion"},{"floor":5,"key":"Fire Potion"},{"floor":7,"key":"FearPotion"},{"floor":16,"key":"Ancient Potion"},{"floor":21,"key":"Explosive Potion"},{"floor":24,"key":"Weak Potion"},{"floor":31,"key":"SteroidPotion"}],"is_trial":false,"path_per_floor":["M","M","M","?","M","E","?","R","T","R","M","E","M","?","R","B",null,"M","?","$","M","M","R","E","R","T","M","?","R","M","M","R","B"],"character_chosen":"IRONCLAD","items_purchased":["Vajra","Omamori","Armaments"],"campfire_rested":7,"item_purchase_floors":[20,20,20],"current_hp_per_floor":[88,87,88,88,52,33,21,47,54,82,65,46,49,49,77,30,95,61,61,61,56,31,59,17,45,45,34,34,62,52,39,67,0],"gold":128,"neow_bonus":"TEN_PERCENT_HP_BONUS","is_prod":false,"is_daily":false,"chose_seed":false,"campfire_upgraded":0,"win_rate":0,"timestamp":1567320714,"path_taken":["M","M","M","?","M","E","?","R","T","R","M","E","M","?","R","BOSS","M","?","$","M","M","R","E","R","T","M","?","R","?","M","R","BOSS"],"build_version":"2019-07-17","purchased_purges":0,"victory":false,"max_hp_per_floor":[88,88,88,88,88,88,88,88,95,95,95,95,95,95,95,95,95,95,95,95,95,95,95,95,95,95,95,95,95,95,95,95,95],"card_choices":[{"not_picked":["Hemokinesis","Clothesline"],"picked":"Perfected Strike","floor":1},{"not_picked":["Power Through","Sever Soul"],"picked":"Rampage","floor":2},{"not_picked":["Iron Wave","Perfected Strike"],"picked":"Armaments","floor":3},{"not_picked":["Pommel Strike","Shrug It Off"],"picked":"Clash","floor":5},{"not_picked":["Sentinel","Twin Strike"],"picked":"Rupture","floor":6},{"not_picked":["Reckless Charge","Shrug It Off"],"picked":"Combust","floor":7},{"not_picked":["True Grit","Reckless Charge"],"picked":"Clash","floor":11},{"not_picked":["Pommel Strike","Second Wind"],"picked":"Combust","floor":12},{"not_picked":["Second Wind","Thunderclap"],"picked":"Anger","floor":13},{"not_picked":["Double Tap","Reaper"],"picked":"Bludgeon","floor":16},{"not_picked":["Clothesline+1","Carnage"],"picked":"Iron Wave+1","floor":18},{"not_picked":["Iron Wave","Rage"],"picked":"Rupture","floor":21},{"not_picked":["Iron Wave","Wild Strike"],"picked":"Shrug It Off","floor":22},{"not_picked":["Shockwave","Shrug It Off"],"picked":"Anger","floor":24},{"not_picked":["Sword Boomerang+1","Rupture","Headbutt+1"],"picked":"SKIP","floor":27},{"not_picked":["Twin Strike","Cleave"],"picked":"Carnage+1","floor":30},{"not_picked":["Combust+1","Double Tap"],"picked":"Intimidate+1","floor":31}],"player_experience":383623,"relics_obtained":[{"floor":6,"key":"Red Skull"},{"floor":7,"key":"Odd Mushroom"},{"floor":9,"key":"Strawberry"},{"floor":12,"key":"Oddly Smooth Stone"},{"floor":24,"key":"Meat on the Bone"},{"floor":26,"key":"Bottled Flame"}],"event_choices":[{"damage_healed":0,"gold_gain":0,"player_choice":"Ignored","damage_taken":0,"max_hp_gain":0,"max_hp_loss":0,"event_name":"Shining Light","floor":4,"gold_loss":0},{"damage_healed":0,"gold_gain":0,"player_choice":"Fought Mushrooms","damage_taken":0,"max_hp_gain":0,"max_hp_loss":0,"event_name":"Mushrooms","floor":7,"gold_loss":0},{"damage_healed":0,"gold_gain":79,"player_choice":"Gained Gold","damage_taken":0,"max_hp_gain":0,"max_hp_loss":0,"event_name":"Golden Wing","floor":14,"gold_loss":0},{"damage_healed":0,"gold_gain":0,"player_choice":"Inject Mutagens","damage_taken":0,"relics_obtained":["MutagenicStrength"],"max_hp_gain":0,"max_hp_loss":0,"event_name":"Drug Dealer","floor":19,"gold_loss":0},{"damage_healed":0,"gold_gain":0,"player_choice":"Obtained Relic","damage_taken":0,"relics_obtained":["Bag of Marbles"],"max_hp_gain":0,"max_hp_loss":0,"event_name":"Addict","floor":28,"gold_loss":85}],"is_beta":false,"boss_relics":[{"not_picked":["Snecko Eye","Runic Dome"],"picked":"Astrolabe"}],"items_purged_floors":[],"is_endless":false,"potions_floor_spawned":[1,2,5,7,16,21,24,31],"killed_by":"Automaton","ascension_level":3}