{"gold_per_floor":[109,109,130,60,84,122,122,1,1,34,34,34,34,50,50,176,176,190,190,210,225,91,91,106,119,172,172,195,195,218,317,317,446,446,469,469],"floor_reached":36,"playtime":1970,"items_purged":["Strike_B","Defend_B+1"],"score":399,"play_id":"d2dbb7a4-2731-4d39-ab2e-cdad2d962fa8","local_time":"20190605202417","is_ascension_mode":false,"campfire_choices":[{"floor":7,"key":"REST"},{"data":"Zap","floor":13,"key":"SMITH"},{"data":"Storm","floor":15,"key":"SMITH"},{"floor":23,"key":"REST"},{"floor":27,"key":"REST"},{"floor":32,"key":"REST"}],"neow_cost":"NONE","seed_source_timestamp":34550724322377,"circlet_count":0,"master_deck":["Strike_B+1","Strike_B+1","Strike_B+1","Defend_B+1","Defend_B+1","Defend_B+1","Zap+1","Dualcast","Self Repair","Go for the Eyes","Capacitor","Ball Lightning","Storm+1","Amplify","FTL+1","Loop","Ball Lightning","Capacitor","Beam Cell+1","Rip and Tear","Redo"],"relics":["Cracked Core","NeowsBlessing","Golden Idol","Bottled Lightning","The Courier","Potion Belt","Mango","Lizard Tail","DataDisk","Black Star"],"potions_floor_usage":[1],"damage_taken":[{"damage":0,"enemies":"Jaw Worm","floor":1,"turns":1},{"damage":0,"enemies":"Small Slimes","floor":3,"turns":1},{"damage":0,"enemies":"Cultist","floor":5,"turns":1},{"damage":52,"enemies":"Lagavulin","floor":6,"turns":9},{"damage":10,"enemies":"Gremlin Nob","floor":10,"turns":4},{"damage":6,"enemies":"2 Fungi Beasts","floor":14,"turns":3},{"damage":21,"enemies":"The Guardian","floor":16,"turns":11},{"damage":28,"enemies":"3 Byrds","floor":18,"turns":4},{"damage":4,"enemies":"Chosen","floor":20,"turns":4},{"damage":39,"enemies":"Sentry and Sphere","floor":21,"turns":4},{"damage":33,"enemies":"Centurion and Healer","floor":24,"turns":5},{"damage":42,"enemies":"Shelled Parasite and Fungi","floor":25,"turns":6},{"damage":15,"enemies":"Snecko","floor":28,"turns":4},{"damage":23,"enemies":"Chosen and Byrds","floor":30,"turns":5},{"damage":71,"enemies":"Collector","floor":33,"turns":9},{"damage":20,"enemies":"Orb Walker","floor":35,"turns":3},{"damage":90,"enemies":"3 Darklings","floor":36,"turns":5}],"seed_played":"-8241230358865807563","potions_obtained":[{"floor":1,"key":"Fruit Juice"},{"floor":5,"key":"Strength Potion"},{"floor":14,"key":"SteroidPotion"},{"floor":16,"key":"SkillPotion"},{"floor":21,"key":"SteroidPotion"},{"floor":25,"key":"Energy Potion"}],"is_trial":false,"path_per_floor":["M","?","M","$","M","E","R","$","T","E","$","?","R","M","R","B",null,"M","?","M","M","$","R","M","M","T","R","M","?","M","?","R","B",null,"M","M"],"character_chosen":"DEFECT","items_purchased":["Capacitor","Ball Lightning","Capacitor"],"campfire_rested":4,"item_purchase_floors":[4,8,22],"current_hp_per_floor":[80,60,67,67,67,22,46,46,46,43,43,54,54,55,55,41,94,73,73,76,44,44,72,46,18,18,46,31,31,15,15,43,38,94,81,0],"gold":469,"neow_bonus":"THREE_ENEMY_KILL","is_prod":false,"is_daily":false,"chose_seed":false,"campfire_upgraded":2,"win_rate":0,"timestamp":1559791457,"path_taken":["M","?","M","$","M","E","R","$","T","E","$","?","R","M","R","BOSS","M","?","M","M","$","R","M","M","T","R","M","?","?","?","R","BOSS","M","M"],"build_version":"2019-01-23","purchased_purges":2,"victory":false,"max_hp_per_floor":[80,80,80,80,80,80,80,80,80,80,80,94,94,94,94,94,94,94,94,94,94,94,94,94,94,94,94,94,94,94,94,94,94,94,94,94],"card_choices":[{"not_picked":["Double Energy","Redo"],"picked":"Self Repair","floor":1},{"not_picked":["Chaos","Redo"],"picked":"Go for the Eyes","floor":3},{"not_picked":["Redo","Chaos","Conserve Battery"],"picked":"SKIP","floor":5},{"not_picked":["Rebound","Fusion","Blizzard"],"picked":"SKIP","floor":6},{"not_picked":["Hello World","Hologram"],"picked":"Scrape","floor":10},{"not_picked":["Stack","Hologram"],"picked":"Storm","floor":14},{"not_picked":["Creative AI","Core Surge"],"picked":"Amplify","floor":16},{"not_picked":["Steam Power","Conserve Battery"],"picked":"FTL+1","floor":18},{"not_picked":["Stack+1","Reprogram"],"picked":"Loop","floor":20},{"not_picked":["Reinforced Body+1","Chaos+1"],"picked":"Ball Lightning","floor":21},{"not_picked":["Darkness","Genetic Algorithm","Melter"],"picked":"SKIP","floor":24},{"not_picked":["Loop","Hologram"],"picked":"Beam Cell+1","floor":25},{"not_picked":["Turbo","Hologram+1","Steam Power"],"picked":"SKIP","floor":28},{"not_picked":["Auto Shields","Reinforced Body"],"picked":"Redo","floor":30},{"not_picked":["Steam Power+1","Hello World","Stack+1"],"picked":"SKIP","floor":35}],"player_experience":200772,"relics_obtained":[{"floor":6,"key":"Bottled Lightning"},{"floor":9,"key":"The Courier"},{"floor":10,"key":"Potion Belt"},{"floor":26,"key":"DataDisk"}],"event_choices":[{"damage_healed":0,"gold_gain":0,"player_choice":"Take Damage","damage_taken":20,"relics_obtained":["Golden Idol"],"max_hp_gain":0,"max_hp_loss":0,"event_name":"Golden Idol","floor":2,"gold_loss":0},{"damage_healed":0,"gold_gain":0,"player_choice":"Success","damage_taken":3,"relics_obtained":["Mango"],"max_hp_gain":0,"max_hp_loss":0,"event_name":"Scrap Ooze","floor":12,"gold_loss":0},{"damage_healed":0,"gold_gain":0,"player_choice":"Simplicity","damage_taken":0,"max_hp_gain":0,"max_hp_loss":0,"event_name":"Back to Basics","floor":19,"gold_loss":0,"cards_upgraded":["Strike_B","Strike_B","Strike_B","Defend_B","Defend_B","Defend_B","Defend_B"]},{"damage_healed":0,"gold_gain":0,"cards_transformed":["Scrape"],"player_choice":"Transformed","damage_taken":0,"max_hp_gain":0,"max_hp_loss":0,"event_name":"Transmorgrifier","floor":29,"gold_loss":0,"cards_obtained":["Rip and Tear"]},{"damage_healed":0,"gold_gain":99,"player_choice":"Stole From Cult","damage_taken":0,"max_hp_gain":0,"max_hp_loss":0,"event_name":"Nest","floor":31,"gold_loss":0}],"is_beta":false,"boss_relics":[{"not_picked":["Astrolabe","Busted Crown"],"picked":"Lizard Tail"},{"not_picked":["Coffee Dripper","Pandora\u0027s Box"],"picked":"Black Star"}],"items_purged_floors":[8,22],"is_endless":false,"potions_floor_spawned":[1,5,14,16,21,25,28],"killed_by":"3 Darklings","ascension_level":0}