{"gold_per_floor":[111,111,36,36,36,71,81,81,150,162,188,188,188,205,205,309,309,323,339,3,3,3,20,20,33,33,33,49,67,67,67,67,168,218,233,251,24,43,43,43,56,156,156,156],"floor_reached":44,"playtime":3097,"items_purged":["Decay","Strike_G","Strike_G"],"score":418,"play_id":"163f24e4-32ed-4124-953a-e5530b50e0fc","local_time":"20190623231829","is_ascension_mode":false,"campfire_choices":[{"floor":8.0,"key":"REST"},{"floor":12.0,"key":"REST"},{"data":"Dagger Spray","floor":15.0,"key":"SMITH"},{"floor":24.0,"key":"REST"},{"floor":30.0,"key":"REST"},{"data":"Malaise","floor":32.0,"key":"SMITH"},{"floor":40.0,"key":"REST"}],"neow_cost":"NONE","seed_source_timestamp":0,"circlet_count":0,"master_deck":["Defend_G","Defend_G","Defend_G","Defend_G+1","Defend_G","Strike_G","Strike_G","Strike_G","Survivor","Neutralize","Unload","Underhanded Strike","Neutralize","Infinite Blades","Malaise+1","Finesse+1","Quick Slash","Noxious Fumes","Footwork","Backflip","Dagger Spray+1","Dagger Spray","Prepared+1","Footwork","Tactician+1","Accuracy","Prepared"],"special_seed":0,"relics":["Ring of the Snake","Paper Crane","StoneCalendar","Potion Belt","Busted Crown","ClockworkSouvenir","Boot","Orichalcum","War Paint","Tiny House","Darkstone Periapt"],"potions_floor_usage":[],"damage_taken":[{"damage":0.0,"enemies":"Jaw Worm","floor":1.0,"turns":4.0},{"damage":36.0,"enemies":"3 Sentries","floor":6.0,"turns":10.0},{"damage":0.0,"enemies":"Cultist","floor":7.0,"turns":3.0},{"damage":0.0,"enemies":"Small Slimes","floor":10.0,"turns":3.0},{"damage":39.0,"enemies":"Gremlin Nob","floor":11.0,"turns":7.0},{"damage":2.0,"enemies":"2 Fungi Beasts","floor":14.0,"turns":3.0},{"damage":32.0,"enemies":"Slime Boss","floor":16.0,"turns":7.0},{"damage":6.0,"enemies":"Chosen","floor":18.0,"turns":6.0},{"damage":18.0,"enemies":"2 Thieves","floor":19.0,"turns":4.0},{"damage":21.0,"enemies":"3 Cultists","floor":23.0,"turns":6.0},{"damage":16.0,"enemies":"Sentry and Sphere","floor":25.0,"turns":6.0},{"damage":0.0,"enemies":"Snake Plant","floor":28.0,"turns":5.0},{"damage":4.0,"enemies":"Centurion and Healer","floor":29.0,"turns":6.0},{"damage":25.0,"enemies":"Champ","floor":33.0,"turns":15.0},{"damage":24.0,"enemies":"3 Darklings","floor":35.0,"turns":6.0},{"damage":12.0,"enemies":"Orb Walker","floor":36.0,"turns":5.0},{"damage":3.0,"enemies":"Spire Growth","floor":38.0,"turns":7.0},{"damage":48.0,"enemies":"Jaw Worm Horde","floor":41.0,"turns":6.0},{"damage":10,"enemies":"Writhing Mass","floor":44,"turns":2}],"seed_played":"-5497099552868007705","potions_obtained":[{"floor":1.0,"key":"Block Potion"},{"floor":11.0,"key":"Weak Potion"},{"floor":18.0,"key":"Ancient Potion"},{"floor":23.0,"key":"Poison Potion"},{"floor":25.0,"key":"EssenceOfSteel"},{"floor":33.0,"key":"SpeedPotion"}],"is_trial":false,"path_per_floor":["M","?","$","T","?","E","M","R","T","M","E","R","?","M","R","B",null,"M","M","$","?","T","M","R","M","T","?","M","M","R","$","R","B",null,"M","M","$","M","?","R","M","?","T","M"],"character_chosen":"THE_SILENT","items_purchased":["ClockworkSouvenir","Prepared","Accuracy","Prepared"],"campfire_rested":5,"item_purchase_floors":[20,20,37,37],"current_hp_per_floor":[70,70,70,70,70,34,34,55,55,55,16,37,60,58,58,26,70,64,46,46,46,46,25,46,30,30,30,30,26,47,47,47,22,75,51,39,39,36,36,58,10,10,10,0],"gold":156,"neow_bonus":"ONE_RANDOM_RARE_CARD","is_prod":false,"is_daily":false,"chose_seed":false,"campfire_upgraded":2,"win_rate":0,"timestamp":1561357109,"path_taken":["M","?","$","?","?","E","?","R","T","M","E","R","?","M","R","BOSS","M","M","$","?","?","M","R","?","T","?","M","M","R","$","R","BOSS","M","M","$","M","?","R","M","?","T","?"],"build_version":"2019-01-23","purchased_purges":3,"victory":false,"max_hp_per_floor":[70,70,70,70,70,70,70,70,70,70,70,70,70,70,70,70,70,70,70,70,70,70,70,70,70,70,70,70,70,70,70,70,70,75,75,75,75,75,75,75,75,75,75,75],"card_choices":[{"not_picked":["Acrobatics","Deflect"],"picked":"Underhanded Strike","floor":1.0},{"not_picked":["Bullet Time","Deflect"],"picked":"Quick Slash","floor":6.0},{"not_picked":["Escape Plan","Concentrate"],"picked":"Noxious Fumes","floor":7.0},{"not_picked":["Crippling Poison","Cloak And Dagger"],"picked":"Footwork","floor":10.0},{"not_picked":["Quick Slash","Expertise"],"picked":"Backflip","floor":11.0},{"not_picked":["Prepared","Distraction"],"picked":"Dagger Spray","floor":14.0},{"not_picked":["Deflect"],"picked":"SKIP","floor":18.0},{"not_picked":[],"picked":"Dagger Spray","floor":19.0},{"not_picked":["Cloak And Dagger"],"picked":"SKIP","floor":23.0},{"not_picked":["Sucker Punch"],"picked":"SKIP","floor":25.0},{"not_picked":["Calculated Gamble"],"picked":"SKIP","floor":28.0},{"not_picked":["All Out Attack"],"picked":"SKIP","floor":29.0},{"not_picked":[],"picked":"Footwork","floor":34.0},{"not_picked":["Cloak And Dagger"],"picked":"SKIP","floor":35.0},{"not_picked":[],"picked":"Tactician+1","floor":36.0},{"not_picked":["Bane"],"picked":"SKIP","floor":38.0},{"not_picked":["Blur+1"],"picked":"SKIP","floor":41.0}],"player_experience":221619,"relics_obtained":[{"floor":4.0,"key":"Paper Crane"},{"floor":6.0,"key":"StoneCalendar"},{"floor":11.0,"key":"Potion Belt"},{"floor":22.0,"key":"Boot"},{"floor":26.0,"key":"Orichalcum"},{"floor":43.0,"key":"Darkstone Periapt"}],"event_choices":[{"damage_healed":0.0,"max_hp_gain":0.0,"max_hp_loss":0.0,"gold_gain":0.0,"event_name":"Wheel of Change","player_choice":"Cursed","floor":2.0,"gold_loss":0.0,"damage_taken":0.0,"cards_obtained":["Decay"]},{"damage_healed":0.0,"max_hp_gain":0.0,"max_hp_loss":0.0,"gold_gain":0.0,"event_name":"Match and Keep!","player_choice":"4 cards matched","floor":5.0,"gold_loss":0.0,"damage_taken":0.0,"cards_obtained":["Neutralize","Infinite Blades","Malaise","Finesse"]},{"damage_healed":23.0,"max_hp_gain":0.0,"max_hp_loss":0.0,"gold_gain":0.0,"event_name":"Big Fish","player_choice":"Banana","floor":13.0,"gold_loss":0.0,"damage_taken":0.0},{"damage_healed":0.0,"max_hp_gain":0.0,"max_hp_loss":0.0,"gold_gain":0.0,"event_name":"Ghosts","player_choice":"Ignored","floor":21.0,"gold_loss":0.0,"damage_taken":0.0},{"damage_healed":0.0,"max_hp_gain":0.0,"max_hp_loss":0.0,"gold_gain":0.0,"event_name":"WeMeetAgain","player_choice":"Gave Potion","floor":27.0,"gold_loss":0.0,"damage_taken":0.0,"relics_obtained":["War Paint"]},{"damage_healed":0.0,"max_hp_gain":0.0,"max_hp_loss":0.0,"gold_gain":0.0,"event_name":"The Moai Head","player_choice":"Ignored","floor":39.0,"gold_loss":0.0,"damage_taken":0.0},{"damage_healed":0.0,"max_hp_gain":0.0,"max_hp_loss":0.0,"gold_gain":100.0,"event_name":"Golden Shrine","player_choice":"Pray","floor":42.0,"gold_loss":0.0,"damage_taken":0.0}],"is_beta":false,"boss_relics":[{"not_picked":["Sozu","Ectoplasm"],"picked":"Busted Crown"},{"not_picked":["Calling Bell","Orrery"],"picked":"Tiny House"}],"items_purged_floors":[3,20,37],"is_endless":false,"potions_floor_spawned":[1,11,18,23,25,33,36],"killed_by":"Writhing Mass","ascension_level":0}