{"gold_per_floor":[117,117,130,130,4,30,30,53,76,76,76,76,89,121,121,192,192,203,40,40,50,60,60,60,60,85,85],"floor_reached":27,"playtime":509,"items_purged":["Strike_B"],"score":509,"play_id":"76b04b22-b18f-4084-b7b8-b7daf0c87bc1","local_time":"20190815161048","is_ascension_mode":true,"campfire_choices":[{"data":"Consume","floor":7.0,"key":"SMITH"},{"data":"Zap","floor":10.0,"key":"SMITH"},{"data":"Dualcast","floor":12.0,"key":"SMITH"},{"data":"Static Discharge","floor":15.0,"key":"SMITH"},{"data":"Coolheaded","floor":23,"key":"SMITH"},{"data":"Heatsinks","floor":25,"key":"SMITH"}],"neow_cost":"NONE","seed_source_timestamp":1551352106251079,"circlet_count":0,"master_deck":["AscendersBane","Strike_B","Strike_B","Defend_B+1","Defend_B+1","Defend_B","Defend_B","Zap+1","Dualcast+1","Ball Lightning","Chill","Recycle+1","Static Discharge+1","Consume+1","Conserve Battery","Coolheaded+1","Hologram","Heatsinks+1","Heatsinks+1","Coolheaded","Steam Power+1"],"special_seed":0,"relics":["Cracked Core","NeowsBlessing","Mango","Odd Mushroom","Art of War","Dodecahedron","White Beast Statue","Omamori"],"potions_floor_usage":[],"damage_taken":[{"damage":0.0,"enemies":"2 Louse","floor":1.0,"turns":1.0},{"damage":0.0,"enemies":"Cultist","floor":3.0,"turns":1.0},{"damage":0.0,"enemies":"Lagavulin","floor":6.0,"turns":1.0},{"damage":0.0,"enemies":"The Mushroom Lair","floor":8.0,"turns":3.0},{"damage":0.0,"enemies":"Jaw Worm","floor":13.0,"turns":2.0},{"damage":27.0,"enemies":"Gremlin Nob","floor":14.0,"turns":5.0},{"damage":15.0,"enemies":"Hexaghost","floor":16.0,"turns":7.0},{"damage":2.0,"enemies":"Chosen","floor":18.0,"turns":5.0},{"damage":26,"enemies":"3 Byrds","floor":21,"turns":3},{"damage":26,"enemies":"Centurion and Healer","floor":22,"turns":6},{"damage":0,"enemies":"Colosseum Slavers","floor":27,"turns":1}],"seed_played":"-3279941197646426115","potions_obtained":[{"floor":2.0,"key":"SmokeBomb"},{"floor":2.0,"key":"Fire Potion"},{"floor":3.0,"key":"Strength Potion"},{"floor":8.0,"key":"PowerPotion"},{"floor":13.0,"key":"Fruit Juice"},{"floor":16.0,"key":"Explosive Potion"},{"floor":18.0,"key":"Fire Potion"},{"floor":22,"key":"Ancient Potion"}],"is_trial":false,"path_per_floor":["M","?","M","?","$","E","R","?","T","R","?","R","M","E","R","B",null,"M","$","?","M","M","R","?","R","T","?"],"character_chosen":"DEFECT","items_purchased":["Recycle","Static Discharge","Heatsinks"],"campfire_rested":0,"item_purchase_floors":[5,5,19],"current_hp_per_floor":[64,64,64,43,43,57,57,57,57,57,57,57,62,35,35,20,73,71,71,71,45,19,19,19,19,19,19],"gold":85,"neow_bonus":"THREE_ENEMY_KILL","is_prod":false,"is_daily":false,"chose_seed":false,"campfire_upgraded":6,"win_rate":0,"timestamp":1565856648,"path_taken":["M","?","?","?","$","E","R","?","T","R","?","R","?","E","R","BOSS","M","$","?","M","?","R","?","R","T","?"],"build_version":"2019-07-17","purchased_purges":1,"victory":false,"max_hp_per_floor":[71,71,71,71,71,85,85,85,85,85,85,85,90,90,90,90,90,90,90,90,90,90,90,90,90,90,90],"card_choices":[{"not_picked":["Conserve Battery","Cold Snap"],"picked":"Ball Lightning","floor":1.0},{"not_picked":["Steam","Leap"],"picked":"Chill","floor":3.0},{"not_picked":["Sunder","Static Discharge"],"picked":"Consume","floor":6.0},{"not_picked":["FTL","Redo"],"picked":"Conserve Battery","floor":8.0},{"not_picked":["Cold Snap","Hologram"],"picked":"Coolheaded","floor":13.0},{"not_picked":["Steam Power","Gash"],"picked":"Hologram","floor":14.0},{"not_picked":["Cold Snap","Self Repair"],"picked":"Heatsinks+1","floor":18.0},{"not_picked":["Stack+1","Auto Shields"],"picked":"Coolheaded","floor":21},{"not_picked":["Beam Cell","Barrage"],"picked":"Steam Power+1","floor":22}],"player_experience":2173090,"relics_obtained":[{"floor":6.0,"key":"Mango"},{"floor":8.0,"key":"Odd Mushroom"},{"floor":9.0,"key":"Art of War"},{"floor":14.0,"key":"Dodecahedron"},{"floor":26,"key":"Omamori"}],"event_choices":[{"damage_healed":0.0,"max_hp_gain":0.0,"max_hp_loss":0.0,"gold_gain":0.0,"event_name":"Lab","player_choice":"Got Potions","floor":2.0,"gold_loss":0.0,"damage_taken":0.0},{"damage_healed":0.0,"max_hp_gain":0.0,"max_hp_loss":0.0,"gold_gain":0.0,"event_name":"Shining Light","player_choice":"Entered Light","floor":4.0,"gold_loss":0.0,"damage_taken":21.0,"cards_upgraded":["Defend_B","Defend_B"]},{"damage_healed":0.0,"max_hp_gain":0.0,"max_hp_loss":0.0,"gold_gain":0.0,"event_name":"Mushrooms","player_choice":"Fought Mushrooms","floor":8.0,"gold_loss":0.0,"damage_taken":0.0},{"cards_removed":["Strike_B"],"damage_healed":0.0,"max_hp_gain":0.0,"max_hp_loss":0.0,"gold_gain":0.0,"event_name":"Purifier","player_choice":"Purged","floor":11.0,"gold_loss":0.0,"damage_taken":0.0},{"damage_healed":0.0,"max_hp_gain":0.0,"max_hp_loss":0.0,"gold_gain":0.0,"event_name":"Accursed Blacksmith","player_choice":"Forge","floor":20.0,"gold_loss":0.0,"damage_taken":0.0,"cards_upgraded":["Recycle"]},{"damage_healed":0,"gold_gain":0,"player_choice":"Fight","damage_taken":0,"max_hp_gain":0,"max_hp_loss":0,"event_name":"Colosseum","floor":27,"gold_loss":0}],"is_beta":false,"boss_relics":[{"not_picked":["FrozenCore","Philosopher\u0027s Stone"],"picked":"White Beast Statue"}],"items_purged_floors":[19],"is_endless":false,"potions_floor_spawned":[3,8,13,16,18,21,22],"killed_by":"Colosseum Slavers","ascension_level":20}