{"gold_per_floor":[360,15,90,101,114,114,148,148,175,195,208,208,226,239,239,318,318,318],"floor_reached":18,"playtime":552,"items_purged":[],"score":428,"play_id":"99999ea9-4f04-4a2a-94ea-280679385285","local_time":"20190813154822","is_ascension_mode":true,"campfire_choices":[{"data":"Zap","floor":6.0,"key":"SMITH"},{"data":"Dualcast","floor":8.0,"key":"SMITH"},{"floor":15,"key":"REST"}],"neow_cost":"PERCENT_DAMAGE","seed_source_timestamp":1377075131774204,"circlet_count":0,"master_deck":["AscendersBane","Strike_B","Strike_B","Strike_B","Strike_B","Defend_B","Defend_B","Defend_B","Defend_B","Zap+1","Dualcast+1","Ball Lightning","Hologram","Cold Snap","Recycle","Echo Form","Sunder","Meteor Strike","Skim","Fusion","Meteor Strike"],"special_seed":0,"relics":["Cracked Core","Mummified Hand","Vajra","Oddly Smooth Stone","Philosopher\u0027s Stone"],"potions_floor_usage":[14,16],"damage_taken":[{"damage":2.0,"enemies":"Jaw Worm","floor":1.0,"turns":4.0},{"damage":7.0,"enemies":"Small Slimes","floor":4.0,"turns":3.0},{"damage":0.0,"enemies":"Cultist","floor":5.0,"turns":3.0},{"damage":12.0,"enemies":"3 Sentries","floor":7.0,"turns":5.0},{"damage":3.0,"enemies":"Exordium Thugs","floor":10.0,"turns":3.0},{"damage":5.0,"enemies":"Blue Slaver","floor":11.0,"turns":3.0},{"damage":3,"enemies":"Looter","floor":13,"turns":2},{"damage":1,"enemies":"2 Fungi Beasts","floor":14,"turns":3},{"damage":0,"enemies":"Slime Boss","floor":16,"turns":4},{"damage":61,"enemies":"3 Byrds","floor":18,"turns":4}],"seed_played":"-1937241292959679310","potions_obtained":[{"floor":1.0,"key":"FocusPotion"},{"floor":5.0,"key":"SpeedPotion"},{"floor":7.0,"key":"Swift Potion"},{"floor":13,"key":"FocusPotion"}],"is_trial":false,"path_per_floor":["M","$","?","M","M","R","E","R","T","M","M","?","M","M","R","B",null,"M"],"character_chosen":"DEFECT","items_purchased":["Mummified Hand","Ball Lightning"],"campfire_rested":1,"item_purchase_floors":[2,2],"current_hp_per_floor":[44,44,33,26,26,26,14,14,14,11,6,6,3,2,23,23,59,0],"gold":318,"neow_bonus":"TWO_FIFTY_GOLD","is_prod":false,"is_daily":false,"chose_seed":false,"campfire_upgraded":2,"win_rate":0,"timestamp":1565682502,"path_taken":["M","$","?","M","M","R","E","R","T","M","M","?","M","?","R","BOSS","M"],"build_version":"2019-07-17","purchased_purges":0,"victory":false,"max_hp_per_floor":[71,71,71,71,71,71,71,71,71,71,71,71,71,71,71,71,71,71],"card_choices":[{"not_picked":["Sweeping Beam","Stack","Steam Power"],"picked":"SKIP","floor":1.0},{"not_picked":["Gash","Hello World"],"picked":"Hologram","floor":4.0},{"not_picked":["Steam","Scrape"],"picked":"Cold Snap","floor":5.0},{"not_picked":["Doom and Gloom","Force Field"],"picked":"Recycle","floor":7.0},{"not_picked":["Redo","Rebound"],"picked":"Echo Form","floor":10.0},{"not_picked":["Leap","Streamline"],"picked":"Sunder","floor":11.0},{"not_picked":["Doom and Gloom","Scrape"],"picked":"Fusion","floor":13},{"not_picked":["Rebound","Aggregate","Streamline"],"picked":"SKIP","floor":14},{"not_picked":["Thunder Strike","Rainbow"],"picked":"Meteor Strike","floor":16}],"player_experience":2146198,"relics_obtained":[{"floor":7.0,"key":"Vajra"},{"floor":9.0,"key":"Oddly Smooth Stone"}],"event_choices":[{"damage_healed":0.0,"max_hp_gain":0.0,"max_hp_loss":0.0,"gold_gain":75.0,"event_name":"World of Goop","player_choice":"Gather Gold","floor":3.0,"gold_loss":0.0,"damage_taken":11.0},{"damage_healed":0,"gold_gain":0,"player_choice":"2 cards matched","damage_taken":0,"max_hp_gain":0,"max_hp_loss":0,"event_name":"Match and Keep!","floor":12,"gold_loss":0,"cards_obtained":["Meteor Strike","Skim"]}],"is_beta":false,"boss_relics":[{"not_picked":["Calling Bell","Velvet Choker"],"picked":"Philosopher\u0027s Stone"}],"items_purged_floors":[],"is_endless":false,"potions_floor_spawned":[1,5,7,13],"killed_by":"3 Byrds","ascension_level":20}