{"gold_per_floor":[114,134,62,80,80,80,120,120,120,68,68,87,87,103,103,223,223,244,265,290,215,215,215,241,241,289,324,324,338,36,36,36,36],"floor_reached":33,"playtime":1711,"items_purged":["Accuracy","Finisher"],"score":288,"play_id":"43547056-74e4-4bec-a29c-ab06ec6ac9f3","local_time":"20190802141239","is_ascension_mode":false,"campfire_choices":[{"data":"Noxious Fumes","floor":6,"key":"SMITH"},{"floor":8,"key":"REST"},{"data":"Strike_G","floor":11,"key":"SMITH"},{"floor":15,"key":"REST"},{"floor":23,"key":"REST"},{"floor":25,"key":"REST"},{"floor":28,"key":"REST"},{"floor":32,"key":"REST"}],"neow_cost":"NONE","seed_source_timestamp":7462273363052,"circlet_count":0,"master_deck":["Survivor","Neutralize","Catalyst","Noxious Fumes+1","Backflip","Caltrops","Wraith Form v2","Dagger Spray","Dagger Spray","Unload","Die Die Die","Catalyst","Corpse Explosion","Acrobatics","Reflex","Deadly Poison+1","Backflip","Backflip"],"relics":["Ring of the Snake","NeowsBlessing","Golden Idol","Peace Pipe","Pandora\u0027s Box","PreservedInsect","Potion Belt","Bottled Tornado","Blood Vial"],"potions_floor_usage":[],"damage_taken":[{"damage":0,"enemies":"Jaw Worm","floor":1,"turns":1},{"damage":0,"enemies":"2 Louse","floor":2,"turns":1},{"damage":0,"enemies":"Cultist","floor":4,"turns":1},{"damage":26,"enemies":"3 Sentries","floor":7,"turns":8},{"damage":7,"enemies":"Looter","floor":12,"turns":4},{"damage":13,"enemies":"Exordium Thugs","floor":14,"turns":5},{"damage":15,"enemies":"Hexaghost","floor":16,"turns":9},{"damage":29,"enemies":"2 Thieves","floor":18,"turns":3},{"damage":3,"enemies":"Chosen","floor":19,"turns":5},{"damage":25,"enemies":"Centurion and Healer","floor":20,"turns":4},{"damage":38,"enemies":"Book of Stabbing","floor":27,"turns":4},{"damage":13,"enemies":"Cultist and Chosen","floor":29,"turns":5},{"damage":55,"enemies":"Champ","floor":33,"turns":9}],"seed_played":"511395000899990764","potions_obtained":[{"floor":14,"key":"Poison Potion"},{"floor":16,"key":"GhostInAJar"},{"floor":20,"key":"Weak Potion"},{"floor":29,"key":"SkillPotion"}],"is_trial":false,"path_per_floor":["M","M","$","M","?","R","E","R","T","$","R","M","?","M","R","B",null,"M","M","M","$","?","R","T","R","T","E","R","M","$","$","R","B"],"character_chosen":"THE_SILENT","items_purchased":["Noxious Fumes","Backflip","Backflip","Blood Vial"],"campfire_rested":6,"item_purchase_floors":[3,10,30,30],"current_hp_per_floor":[70,70,70,70,53,53,27,48,48,48,48,41,38,25,46,31,70,41,38,13,13,13,34,34,55,55,17,38,25,25,25,46,0],"gold":36,"neow_bonus":"THREE_ENEMY_KILL","is_prod":false,"is_daily":false,"chose_seed":false,"campfire_upgraded":2,"win_rate":0,"timestamp":1564780359,"path_taken":["M","M","$","M","?","R","E","R","T","$","R","M","?","M","R","BOSS","M","M","M","$","?","R","?","R","T","E","R","M","?","$","R","BOSS"],"build_version":"2019-07-17","purchased_purges":2,"victory":false,"max_hp_per_floor":[70,70,70,70,70,70,70,70,70,70,70,70,70,70,70,70,70,70,70,70,70,70,70,70,70,70,70,70,70,70,70,70,70],"card_choices":[{"not_picked":["Dagger Spray","Prepared"],"picked":"Catalyst","floor":1},{"not_picked":["Quick Slash","Tactician","Leg Sweep"],"picked":"SKIP","floor":2},{"not_picked":["Sucker Punch","Choke","After Image"],"picked":"SKIP","floor":4},{"not_picked":["Deflect","Underhanded Strike"],"picked":"Prepared","floor":7},{"not_picked":["Dagger Throw","All Out Attack","Cloak And Dagger"],"picked":"SKIP","floor":12},{"not_picked":["Tactician","Distraction"],"picked":"Caltrops","floor":14},{"not_picked":["Deflect","Sucker Punch"],"picked":"Reflex","floor":18},{"not_picked":["Prepared","Backstab"],"picked":"Deadly Poison+1","floor":19},{"not_picked":["Underhanded Strike","PiercingWail"],"picked":"Backflip","floor":20},{"not_picked":["Footwork","Bullet Time","PiercingWail"],"picked":"SKIP","floor":27},{"not_picked":["Dagger Spray","Setup+1","Eviscerate+1"],"picked":"SKIP","floor":29}],"player_experience":272559,"relics_obtained":[{"floor":7,"key":"Peace Pipe"},{"floor":24,"key":"PreservedInsect"},{"floor":26,"key":"Potion Belt"},{"floor":27,"key":"Bottled Tornado"}],"event_choices":[{"damage_healed":0,"gold_gain":0,"player_choice":"Take Damage","damage_taken":17,"relics_obtained":["Golden Idol"],"max_hp_gain":0,"max_hp_loss":0,"event_name":"Golden Idol","floor":5,"gold_loss":0},{"damage_healed":0,"gold_gain":0,"player_choice":"Fled","damage_taken":3,"max_hp_gain":0,"max_hp_loss":0,"event_name":"Scrap Ooze","floor":13,"gold_loss":0},{"cards_removed":["Prepared"],"damage_healed":0,"gold_gain":0,"player_choice":"Elegance","damage_taken":0,"max_hp_gain":0,"max_hp_loss":0,"event_name":"Back to Basics","floor":22,"gold_loss":0}],"is_beta":false,"boss_relics":[{"not_picked":["Calling Bell","Philosopher\u0027s Stone"],"picked":"Pandora\u0027s Box"}],"items_purged_floors":[21,30],"is_endless":false,"potions_floor_spawned":[4,14,16,20,27,29],"killed_by":"Champ","ascension_level":0}