{"gold_per_floor":[119,134,134,144,162,189,189,189,262,296,315,334,334,334,334,438,438,448,465,465,465,481,481,496,53,102,102,120,120],"floor_reached":29,"playtime":1855,"items_purged":["Strike_B"],"score":237,"play_id":"7ffd67ca-2162-4a36-9217-b48311500922","local_time":"20190527113202","is_ascension_mode":false,"campfire_choices":[{"data":"Blizzard","floor":7,"key":"SMITH"},{"data":"Fusion","floor":13,"key":"SMITH"},{"floor":15,"key":"REST"},{"floor":23,"key":"REST"},{"floor":27,"key":"REST"}],"neow_cost":"NONE","seed_source_timestamp":92797745734107,"circlet_count":0,"master_deck":["Strike_B","Strike_B","Defend_B","Defend_B+1","Defend_B","Defend_B","Zap","Dualcast","Glacier","Doom and Gloom+1","Blizzard+1","Gash","Fusion+1","Redo","Rainbow","Defragment","Double Energy+1","Glacier+1","Defragment+1","Static Discharge+1","Loop","Cold Snap"],"relics":["FrozenCore","Turnip","Shuriken","Oddly Smooth Stone","Kunai","Membership Card","Vajra","Centennial Puzzle","War Paint"],"potions_floor_usage":[],"damage_taken":[{"damage":0,"enemies":"Small Slimes","floor":1,"turns":3},{"damage":0,"enemies":"Jaw Worm","floor":2,"turns":4},{"damage":1,"enemies":"Cultist","floor":4,"turns":3},{"damage":0,"enemies":"Large Slime","floor":5,"turns":3},{"damage":10,"enemies":"Gremlin Nob","floor":6,"turns":4},{"damage":8,"enemies":"3 Sentries","floor":10,"turns":5},{"damage":0,"enemies":"Blue Slaver","floor":11,"turns":4},{"damage":0,"enemies":"2 Fungi Beasts","floor":12,"turns":2},{"damage":45,"enemies":"Hexaghost","floor":16,"turns":13},{"damage":4,"enemies":"Shell Parasite","floor":18,"turns":7},{"damage":35,"enemies":"2 Thieves","floor":19,"turns":5},{"damage":28,"enemies":"Colosseum Slavers","floor":20,"turns":5},{"damage":19,"enemies":"Snecko","floor":22,"turns":6},{"damage":14,"enemies":"Snake Plant","floor":24,"turns":7},{"damage":29,"enemies":"Chosen and Byrds","floor":28,"turns":5},{"damage":9,"enemies":"Centurion and Healer","floor":29,"turns":2}],"seed_played":"-4801942599378771980","potions_obtained":[{"floor":1,"key":"Regen Potion"},{"floor":4,"key":"AttackPotion"},{"floor":6,"key":"PowerPotion"},{"floor":18,"key":"FairyPotion"},{"floor":22,"key":"Dexterity Potion"}],"is_trial":false,"path_per_floor":["M","M","?","M","M","E","R","?","T","E","M","M","R","?","R","B",null,"M","M","?","?","M","R","M","$","T","R","M","M"],"character_chosen":"DEFECT","items_purchased":["Membership Card","Vajra","Loop","Centennial Puzzle","Cold Snap"],"campfire_rested":3,"item_purchase_floors":[25,25,25,25,25],"current_hp_per_floor":[75,75,75,74,74,64,64,64,64,56,56,56,56,44,66,21,75,71,36,8,8,7,29,15,15,15,37,8,0],"gold":120,"neow_bonus":"TRANSFORM_CARD","is_prod":false,"is_daily":false,"chose_seed":false,"campfire_upgraded":2,"win_rate":0,"timestamp":1558981922,"path_taken":["M","M","?","M","M","E","R","?","T","E","M","?","R","?","R","BOSS","M","M","?","?","M","R","M","$","T","R","M","?"],"build_version":"2019-01-23","purchased_purges":1,"victory":false,"max_hp_per_floor":[75,75,75,75,75,75,75,75,75,75,75,75,75,75,75,75,75,75,75,75,75,75,75,75,75,75,75,75,75],"card_choices":[{"not_picked":["Self Repair","Double Energy"],"picked":"Doom and Gloom","floor":1},{"not_picked":["Force Field","Hologram","Double Energy"],"picked":"SKIP","floor":2},{"not_picked":["Rebound","Streamline"],"picked":"Blizzard","floor":4},{"not_picked":["Turbo","Force Field","Sweeping Beam"],"picked":"SKIP","floor":5},{"not_picked":["Auto Shields","Amplify"],"picked":"Gash","floor":6},{"not_picked":["Auto Shields","White Noise"],"picked":"Fusion","floor":10},{"not_picked":["Steam Power","Barrage"],"picked":"Redo","floor":11},{"not_picked":["Turbo","White Noise","Amplify"],"picked":"SKIP","floor":12},{"not_picked":["Core Surge","Reboot"],"picked":"Rainbow","floor":16},{"not_picked":["Aggregate","Storm"],"picked":"Defragment","floor":18},{"not_picked":["Barrage+1","Consume+1"],"picked":"Double Energy+1","floor":19},{"not_picked":["Barrage","Melter"],"picked":"Defragment+1","floor":22},{"not_picked":["Steam","Conserve Battery"],"picked":"Static Discharge+1","floor":24},{"not_picked":["Aggregate","Steam","Compile Driver"],"picked":"SKIP","floor":28}],"player_experience":161766,"relics_obtained":[{"floor":6,"key":"Turnip"},{"floor":9,"key":"Shuriken"},{"floor":10,"key":"Oddly Smooth Stone"},{"floor":26,"key":"War Paint"}],"event_choices":[{"damage_healed":0,"gold_gain":0,"player_choice":"Grow","damage_taken":0,"max_hp_gain":0,"max_hp_loss":0,"event_name":"Living Wall","floor":3,"gold_loss":0,"cards_upgraded":["Doom and Gloom"]},{"damage_healed":0,"gold_gain":0,"player_choice":"Ignored","damage_taken":0,"max_hp_gain":0,"max_hp_loss":0,"event_name":"NoteForYourself","floor":8,"gold_loss":0},{"damage_healed":0,"gold_gain":0,"player_choice":"Success","damage_taken":12,"relics_obtained":["Kunai"],"max_hp_gain":0,"max_hp_loss":0,"event_name":"Scrap Ooze","floor":14,"gold_loss":0},{"damage_healed":0,"gold_gain":0,"player_choice":"Fight","damage_taken":0,"max_hp_gain":0,"max_hp_loss":0,"event_name":"Colosseum","floor":20,"gold_loss":0},{"damage_healed":0,"gold_gain":0,"player_choice":"Fled From Nobs","damage_taken":0,"max_hp_gain":0,"max_hp_loss":0,"event_name":"Colosseum","floor":20,"gold_loss":0},{"damage_healed":0,"gold_gain":0,"player_choice":"Copied","damage_taken":0,"max_hp_gain":0,"max_hp_loss":0,"event_name":"Duplicator","floor":21,"gold_loss":0,"cards_obtained":["Glacier"]}],"is_beta":false,"boss_relics":[{"not_picked":["Black Star","Tiny House"],"picked":"FrozenCore"}],"items_purged_floors":[25],"is_endless":false,"potions_floor_spawned":[1,4,6,10,18,22],"killed_by":"Centurion and Healer","ascension_level":0}