{"gold_per_floor":[114,114,114,114,33,67,87,87,87,104,104,119,138,165,165,238,238,253,253,71,81,97,97,108,108,108,108,124,24,24,38,38,114,114,131,131,6,19,39,39,71,71,71,86,117,117,23,48,48,48,48,48,48,48,74,74],"floor_reached":56,"playtime":2097,"items_purged":["Strike_B","Strike_B","Strike_B"],"score":2044,"play_id":"d3ba7f3b-2c79-4f71-b686-6901d4b57c5e","local_time":"20190815155542","is_ascension_mode":true,"campfire_choices":[{"data":"Darkness","floor":8.0,"key":"SMITH"},{"data":"Chaos","floor":11.0,"key":"SMITH"},{"data":"Defragment","floor":15.0,"key":"SMITH"},{"data":"Turbo","floor":23.0,"key":"SMITH"},{"data":"Skim","floor":30.0,"key":"SMITH"},{"data":"Heatsinks","floor":32.0,"key":"SMITH"},{"data":"Coolheaded","floor":40.0,"key":"SMITH"},{"data":"Biased Cognition","floor":42.0,"key":"SMITH"},{"floor":49.0,"key":"RECALL"},{"data":"Discovery","floor":53.0,"key":"SMITH"}],"neow_cost":"NONE","seed_source_timestamp":1548011893299549,"circlet_count":0,"master_deck":["AscendersBane","Defend_B+1","Defend_B","Defend_B","Defend_B","Zap","Dualcast+1","Ball Lightning","Defragment+1","Darkness+1","Chaos+1","Turbo+1","Heatsinks+1","Skim+1","Biased Cognition+1","Sunder+1","Compile Driver","Turbo+1","Hologram","Double Energy+1","Cold Snap+1","Compile Driver","Meteor Strike","Go for the Eyes+1","Coolheaded+1","Echo Form+1","Discovery+1","Reboot"],"special_seed":0,"relics":["Cracked Core","NeowsBlessing","War Paint","Incense Burner","Ice Cream","Gambling Chip","Eternal Feather","Symbiotic Virus","Nuclear Battery","Frozen Egg 2","Girya","Orichalcum","Bag of Preparation"],"potions_floor_usage":[56],"damage_taken":[{"damage":0.0,"enemies":"Small Slimes","floor":1.0,"turns":1.0},{"damage":0.0,"enemies":"Lagavulin","floor":6.0,"turns":1.0},{"damage":0.0,"enemies":"Jaw Worm","floor":7.0,"turns":1.0},{"damage":6.0,"enemies":"Cultist","floor":10.0,"turns":3.0},{"damage":8.0,"enemies":"Blue Slaver","floor":12.0,"turns":3.0},{"damage":10.0,"enemies":"Gremlin Gang","floor":13.0,"turns":3.0},{"damage":10.0,"enemies":"3 Sentries","floor":14.0,"turns":5.0},{"damage":19.0,"enemies":"Hexaghost","floor":16.0,"turns":8.0},{"damage":13.0,"enemies":"2 Thieves","floor":18.0,"turns":3.0},{"damage":8.0,"enemies":"Shell Parasite","floor":21.0,"turns":3.0},{"damage":5.0,"enemies":"Snake Plant","floor":22.0,"turns":3.0},{"damage":17.0,"enemies":"Sentry and Sphere","floor":24.0,"turns":4.0},{"damage":0.0,"enemies":"Shelled Parasite and Fungi","floor":25.0,"turns":1.0},{"damage":0.0,"enemies":"Snake Plant","floor":28.0,"turns":2.0},{"damage":14.0,"enemies":"Centurion and Healer","floor":31.0,"turns":4.0},{"damage":2.0,"enemies":"Collector","floor":33.0,"turns":7.0},{"damage":0.0,"enemies":"Orb Walker","floor":35.0,"turns":2.0},{"damage":1.0,"enemies":"3 Darklings","floor":38.0,"turns":4.0},{"damage":7.0,"enemies":"4 Shapes","floor":39.0,"turns":4.0},{"damage":26.0,"enemies":"Nemesis","floor":41.0,"turns":5.0},{"damage":17.0,"enemies":"Writhing Mass","floor":44.0,"turns":4.0},{"damage":0.0,"enemies":"Giant Head","floor":45.0,"turns":4.0},{"damage":0.0,"enemies":"Reptomancer","floor":48.0,"turns":4.0},{"damage":32.0,"enemies":"Donu and Deca","floor":50.0,"turns":8.0},{"damage":8.0,"enemies":"Awakened One","floor":51.0,"turns":9.0},{"damage":43,"enemies":"Shield and Spear","floor":55,"turns":8},{"damage":19,"enemies":"The Heart","floor":56,"turns":2}],"seed_played":"-2212853534682669807","potions_obtained":[{"floor":1.0,"key":"Block Potion"},{"floor":6.0,"key":"SkillPotion"},{"floor":13.0,"key":"AttackPotion"},{"floor":21.0,"key":"Ancient Potion"},{"floor":22.0,"key":"SmokeBomb"},{"floor":33.0,"key":"GamblersBrew"},{"floor":39.0,"key":"PowerPotion"},{"floor":41.0,"key":"FearPotion"},{"floor":44.0,"key":"PowerPotion"},{"floor":48.0,"key":"EssenceOfSteel"}],"is_trial":false,"path_per_floor":["M","?","?","T","$","E","M","R","T","M","R","M","M","E","R","B",null,"M","?","$","M","M","R","M","M","T","?","M","$","R","M","R","B",null,"M","?","$","M","M","R","E","R","T","M","E","?","$","E","R","B","B",null,"R","$","E","B"],"character_chosen":"DEFECT","items_purchased":["Defragment","Compile Driver","Turbo","Discovery"],"campfire_rested":0,"item_purchase_floors":[5,20,20,47],"current_hp_per_floor":[64,64,57,57,57,57,57,57,57,51,51,43,33,23,23,4,54,41,41,41,33,28,40,23,23,23,23,23,23,35,21,33,31,61,61,61,61,60,53,68,42,57,57,40,40,40,40,40,55,23,15,57,71,71,28,9],"gold":74,"neow_bonus":"THREE_ENEMY_KILL","is_prod":false,"is_daily":false,"chose_seed":false,"campfire_upgraded":9,"win_rate":0,"timestamp":1565855742,"path_taken":["M","?","?","?","$","E","M","R","T","?","R","M","M","E","R","BOSS","M","?","$","M","?","R","M","M","T","?","M","?","R","M","R","BOSS","M","?","$","M","M","R","E","R","T","?","E","?","$","E","R","BOSS","BOSS","R","$","E","BOSS"],"build_version":"2019-07-17","purchased_purges":3,"victory":false,"max_hp_per_floor":[71,71,71,71,71,71,71,71,71,71,71,71,71,71,71,71,71,71,71,71,71,71,71,71,71,71,71,71,71,71,71,71,71,71,71,71,71,71,71,71,71,71,71,71,71,71,71,71,71,71,71,71,71,71,71,71],"card_choices":[{"not_picked":["Fusion","Go for the Eyes"],"picked":"Ball Lightning","floor":1.0},{"not_picked":["Redo","Steam","Go for the Eyes"],"picked":"SKIP","floor":6.0},{"not_picked":["Blizzard","Leap"],"picked":"Darkness","floor":7.0},{"not_picked":["Conserve Battery","Amplify"],"picked":"Chaos","floor":10.0},{"not_picked":["Go for the Eyes","Lockon"],"picked":"Turbo","floor":12.0},{"not_picked":["Rebound","Turbo"],"picked":"Heatsinks","floor":13.0},{"not_picked":["Rebound","Go for the Eyes"],"picked":"Skim","floor":14.0},{"not_picked":["Reboot","Machine Learning"],"picked":"Biased Cognition","floor":16.0},{"not_picked":["Chill","Force Field"],"picked":"Sunder","floor":18.0},{"not_picked":["Redo","Compile Driver"],"picked":"Hologram","floor":21.0},{"not_picked":["Rip and Tear","Doom and Gloom"],"picked":"Double Energy","floor":22.0},{"not_picked":["Hologram","Steam"],"picked":"Cold Snap+1","floor":24.0},{"not_picked":["Barrage","Steam","Sweeping Beam"],"picked":"SKIP","floor":28.0},{"not_picked":["Gash+1","Redo"],"picked":"Compile Driver","floor":31.0},{"not_picked":["Fission","Thunder Strike"],"picked":"Meteor Strike","floor":33.0},{"not_picked":["Force Field","BootSequence"],"picked":"Go for the Eyes+1","floor":35.0},{"not_picked":["Stack","Genetic Algorithm+1","Aggregate"],"picked":"SKIP","floor":38.0},{"not_picked":["Hologram","Stack"],"picked":"Coolheaded","floor":39.0},{"not_picked":["Barrage","Steam"],"picked":"Echo Form","floor":41.0},{"not_picked":["Doom and Gloom+1","BootSequence","Steam Power"],"picked":"SKIP","floor":44.0},{"not_picked":["FTL","Streamline+1","Rip and Tear"],"picked":"SKIP","floor":45.0},{"not_picked":["Leap","Doom and Gloom"],"picked":"Reboot","floor":48.0},{"not_picked":["Conserve Battery","Scrape+1","Aggregate"],"picked":"SKIP","floor":55}],"player_experience":2170770,"relics_obtained":[{"floor":4.0,"key":"War Paint"},{"floor":6.0,"key":"Incense Burner"},{"floor":9.0,"key":"Ice Cream"},{"floor":14.0,"key":"Gambling Chip"},{"floor":26.0,"key":"Symbiotic Virus"},{"floor":41.0,"key":"Frozen Egg 2"},{"floor":45.0,"key":"Girya"},{"floor":48.0,"key":"Orichalcum"},{"floor":55,"key":"Bag of Preparation"}],"event_choices":[{"damage_healed":0.0,"max_hp_gain":0.0,"max_hp_loss":0.0,"gold_gain":0.0,"event_name":"Liars Game","player_choice":"Ignored","floor":2.0,"gold_loss":0.0,"damage_taken":0.0},{"cards_removed":["Strike_B"],"damage_healed":0.0,"max_hp_gain":0.0,"max_hp_loss":0.0,"gold_gain":0.0,"event_name":"Golden Wing","player_choice":"Card Removal","floor":3.0,"gold_loss":0.0,"damage_taken":7.0},{"damage_healed":0.0,"max_hp_gain":0.0,"max_hp_loss":0.0,"gold_gain":0.0,"event_name":"Upgrade Shrine","player_choice":"Upgraded","floor":19.0,"gold_loss":0.0,"damage_taken":0.0,"cards_upgraded":["Sunder"]},{"damage_healed":0.0,"max_hp_gain":0.0,"max_hp_loss":0.0,"gold_gain":0.0,"event_name":"Vampires","player_choice":"Ignored","floor":27.0,"gold_loss":0.0,"damage_taken":0.0},{"damage_healed":0.0,"max_hp_gain":0.0,"max_hp_loss":0.0,"gold_gain":0.0,"event_name":"Upgrade Shrine","player_choice":"Upgraded","floor":36.0,"gold_loss":0.0,"damage_taken":0.0,"cards_upgraded":["Turbo"]},{"damage_healed":0.0,"max_hp_gain":0.0,"max_hp_loss":0.0,"gold_gain":0.0,"event_name":"Accursed Blacksmith","player_choice":"Forge","floor":46.0,"gold_loss":0.0,"damage_taken":0.0,"cards_upgraded":["Double Energy"]}],"is_beta":false,"boss_relics":[{"not_picked":["Black Star","Lizard Tail"],"picked":"Eternal Feather"},{"not_picked":["Coffee Dripper","Orrery"],"picked":"Nuclear Battery"}],"items_purged_floors":[20,29,37],"is_endless":false,"potions_floor_spawned":[1,6,13,21,22,25,33,39,41,44,48],"killed_by":"The Heart","ascension_level":20}