{"gold_per_floor":[15,15,30,30,49,49,77,77,77,152,152,208,258,269,269,269],"floor_reached":16,"playtime":386,"items_purged":[],"score":196,"play_id":"58baa8b9-285f-4677-8b68-541e07127070","local_time":"20190809094028","is_ascension_mode":true,"campfire_choices":[{"data":"Zap","floor":6,"key":"SMITH"},{"data":"Chaos","floor":8,"key":"SMITH"},{"data":"Coolheaded","floor":11,"key":"SMITH"},{"data":"Sunder","floor":15,"key":"SMITH"}],"neow_cost":"NO_GOLD","seed_source_timestamp":1009690618630654,"circlet_count":0,"master_deck":["AscendersBane","Strike_B","Strike_B","Strike_B","Strike_B","Defend_B","Defend_B","Defend_B","Defend_B","Zap+1","Dualcast","Turbo","Coolheaded+1","Tempest","Chaos+1","Redo+1","Sunder+1"],"relics":["Cracked Core","Du-Vu Doll","Pear","Toxic Egg 2","Ancient Tea Set"],"potions_floor_usage":[14,16],"damage_taken":[{"damage":7,"enemies":"Small Slimes","floor":1,"turns":3},{"damage":0,"enemies":"Cultist","floor":3,"turns":4},{"damage":0,"enemies":"Jaw Worm","floor":5,"turns":4},{"damage":31,"enemies":"3 Sentries","floor":7,"turns":8},{"damage":17,"enemies":"Lagavulin Event","floor":12,"turns":5},{"damage":2,"enemies":"3 Louse","floor":14,"turns":3},{"damage":17,"enemies":"Slime Boss","floor":16,"turns":5}],"seed_played":"-7052090810908806552","potions_obtained":[{"floor":1,"key":"SmokeBomb"},{"floor":2,"key":"Fruit Juice"},{"floor":12,"key":"Strength Potion"}],"is_trial":false,"path_per_floor":["M","?","M","$","M","R","E","R","T","?","R","?","?","M","R","B"],"character_chosen":"DEFECT","items_purchased":[],"campfire_rested":0,"item_purchase_floors":[],"current_hp_per_floor":[57,57,57,57,57,57,36,36,36,25,25,8,8,11,11,0],"gold":269,"neow_bonus":"ONE_RARE_RELIC","is_prod":false,"is_daily":false,"chose_seed":false,"campfire_upgraded":4,"win_rate":0,"timestamp":1565314828,"path_taken":["M","?","M","$","?","R","E","R","T","?","R","?","?","?","R","BOSS"],"build_version":"2019-07-17","purchased_purges":0,"victory":false,"max_hp_per_floor":[71,71,71,71,71,71,81,81,81,81,81,81,81,86,86,86],"card_choices":[{"not_picked":["Hello World","Loop"],"picked":"Turbo","floor":1},{"not_picked":["Blizzard","Sweeping Beam"],"picked":"Coolheaded","floor":3},{"not_picked":["Glacier","Rebound"],"picked":"Tempest","floor":5},{"not_picked":["Redo","Leap"],"picked":"Chaos","floor":7},{"not_picked":["Cold Snap","Reinforced Body+1"],"picked":"Redo+1","floor":12},{"not_picked":["Go for the Eyes","BootSequence+1"],"picked":"Sunder","floor":14}],"player_experience":2117905,"relics_obtained":[{"floor":7,"key":"Pear"},{"floor":9,"key":"Toxic Egg 2"},{"floor":12,"key":"Ancient Tea Set"}],"event_choices":[{"damage_healed":0,"gold_gain":0,"player_choice":"Got Potions","damage_taken":0,"max_hp_gain":0,"max_hp_loss":0,"event_name":"Lab","floor":2,"gold_loss":0},{"damage_healed":0,"gold_gain":75,"player_choice":"Gather Gold","damage_taken":11,"max_hp_gain":0,"max_hp_loss":0,"event_name":"World of Goop","floor":10,"gold_loss":0},{"damage_healed":0,"gold_gain":0,"player_choice":"Searched \u00272\u0027 times","damage_taken":0,"max_hp_gain":0,"max_hp_loss":0,"event_name":"Dead Adventurer","floor":12,"gold_loss":0},{"damage_healed":0,"gold_gain":50,"player_choice":"Pray","damage_taken":0,"max_hp_gain":0,"max_hp_loss":0,"event_name":"Golden Shrine","floor":13,"gold_loss":0}],"is_beta":false,"boss_relics":[],"items_purged_floors":[],"is_endless":false,"potions_floor_spawned":[1,5,12],"killed_by":"Slime Boss","ascension_level":20}