{"gold_per_floor":[114,114,114,138,160,200,224,161,161,179,179,179,454,475,475,599,599,613,613,315,315,339,339,357,357,357,357,357,357,375,92,92,217,217,235,568,584,202,0,0,0,0],"floor_reached":43,"playtime":3994,"items_purged":["Regret","Injury","Writhe"],"score":702,"play_id":"2ba41830-02f5-49c6-827d-70e587865884","local_time":"20190731222102","is_ascension_mode":true,"campfire_choices":[{"floor":15,"key":"REST"},{"floor":23,"key":"REST"},{"floor":29,"key":"REST"},{"floor":32,"key":"REST"},{"floor":40,"key":"DIG"}],"neow_cost":"NONE","seed_source_timestamp":1718515931999167,"circlet_count":0,"master_deck":["Strike_R","Strike_R","Strike_R","Strike_R","Strike_R","Defend_R","Defend_R","Defend_R","Shockwave","Feed","Clash","Heavy Blade","Anger","Anger","Warcry+1","Double Tap+1","Cleave","Rage+1","Blood for Blood","Heavy Blade","Whirlwind+1","Demon Form","Shrug It Off+1","Twin Strike+1","Trip+1","Infernal Blade+1"],"relics":["Burning Blood","Darkstone Periapt","MawBank","Self Forming Clay","Toxic Egg 2","Blood Vial","Runic Pyramid","Membership Card","Dead Branch","Regal Pillow","MutagenicStrength","Matryoshka","Brimstone","Gremlin Horn","Eternal Feather","Incense Burner","Shovel","Red Mask","Bottled Tornado"],"potions_floor_usage":[6,14],"damage_taken":[{"damage":8,"enemies":"2 Louse","floor":1,"turns":3},{"damage":26,"enemies":"Jaw Worm","floor":5,"turns":4},{"damage":35,"enemies":"Lagavulin","floor":6,"turns":6},{"damage":2,"enemies":"Small Slimes","floor":7,"turns":3},{"damage":10,"enemies":"2 Fungi Beasts","floor":10,"turns":3},{"damage":2,"enemies":"Exordium Thugs","floor":14,"turns":4},{"damage":74,"enemies":"The Guardian","floor":16,"turns":12},{"damage":22,"enemies":"3 Byrds","floor":18,"turns":6},{"damage":25,"enemies":"2 Thieves","floor":22,"turns":4},{"damage":40,"enemies":"Snake Plant","floor":24,"turns":5},{"damage":32,"enemies":"3 Cultists","floor":30,"turns":7},{"damage":73,"enemies":"Champ","floor":33,"turns":7},{"damage":23,"enemies":"3 Shapes","floor":35,"turns":3},{"damage":0,"enemies":"Orb Walker","floor":37,"turns":2},{"damage":93,"enemies":"Awakened One","floor":42,"turns":8}],"seed_played":"-5692161723673045201","potions_obtained":[{"floor":5,"key":"Fire Potion"},{"floor":6,"key":"Block Potion"},{"floor":16,"key":"Fire Potion"},{"floor":33,"key":"Explosive Potion"}],"is_trial":false,"path_per_floor":["M","?","?","T","M","E","M","$","T","M","?","?","?","M","R","B",null,"M","?","$","?","M","R","M","?","T","?","T","R","M","$","R","B",null,"M","?","M","$","?","R","?","B",null],"character_chosen":"IRONCLAD","items_purchased":["Membership Card","Rage+1","Brimstone","Gremlin Horn","Incense Burner","Shovel","Trip+1","Infernal Blade+1"],"campfire_rested":4,"item_purchase_floors":[20,20,31,31,38,38,38,38],"current_hp_per_floor":[86,92,92,92,72,46,50,50,50,46,34,40,46,52,84,18,109,96,96,96,96,79,112,78,84,84,84,84,118,96,96,122,55,122,108,108,116,116,116,125,125,41],"gold":0,"neow_bonus":"TEN_PERCENT_HP_BONUS","is_prod":false,"is_daily":false,"chose_seed":false,"campfire_upgraded":0,"win_rate":0,"timestamp":1564629662,"path_taken":["M","?","?","?","?","E","M","$","T","M","?","?","?","M","R","BOSS","M","?","$","?","?","R","M","?","T","?","?","R","M","$","R","BOSS","M","?","M","$","?","R","?","BOSS"],"build_version":"2019-07-17","purchased_purges":3,"victory":true,"max_hp_per_floor":[88,94,94,94,94,97,97,97,97,97,97,103,109,109,109,109,109,112,112,112,112,112,112,112,118,118,118,118,118,122,122,122,122,122,125,125,125,125,125,125,125,128],"card_choices":[{"not_picked":["Clothesline","Hemokinesis"],"picked":"Shockwave","floor":1},{"not_picked":["Fire Breathing","Pummel"],"picked":"Clash","floor":5},{"not_picked":["Iron Wave","Shrug It Off"],"picked":"Heavy Blade","floor":6},{"not_picked":["Clothesline","Pommel Strike"],"picked":"Anger","floor":7},{"not_picked":["Inflame","Pummel"],"picked":"Anger","floor":10},{"not_picked":["Iron Wave","Sword Boomerang"],"picked":"Warcry+1","floor":14},{"not_picked":["Exhume+1","Berserk"],"picked":"Double Tap+1","floor":16},{"not_picked":["Flex+1","Uppercut+1"],"picked":"Cleave","floor":18},{"not_picked":["Thunderclap","Iron Wave+1"],"picked":"Blood for Blood","floor":22},{"not_picked":["Blood for Blood","Clothesline"],"picked":"Heavy Blade","floor":24},{"not_picked":["Cleave","Warcry+1"],"picked":"Whirlwind+1","floor":30},{"not_picked":["Reaper","Dark Embrace"],"picked":"Demon Form","floor":33},{"not_picked":["Wild Strike","Intimidate+1"],"picked":"Shrug It Off+1","floor":35},{"not_picked":["Perfected Strike","Cleave+1"],"picked":"Twin Strike+1","floor":37}],"player_experience":250054,"relics_obtained":[{"floor":4,"key":"MawBank"},{"floor":6,"key":"Self Forming Clay"},{"floor":9,"key":"Toxic Egg 2"},{"floor":26,"key":"Regal Pillow"},{"floor":28,"key":"Matryoshka"},{"floor":40,"key":"Bottled Tornado"}],"event_choices":[{"damage_healed":0,"gold_gain":0,"player_choice":"Box","damage_taken":0,"relics_obtained":["Darkstone Periapt"],"max_hp_gain":0,"max_hp_loss":0,"event_name":"Big Fish","floor":2,"gold_loss":0,"cards_obtained":["Regret"]},{"damage_healed":0,"gold_gain":0,"cards_transformed":["Defend_R"],"player_choice":"Change","damage_taken":0,"max_hp_gain":0,"max_hp_loss":0,"event_name":"Living Wall","floor":3,"gold_loss":0,"cards_obtained":["Feed"]},{"damage_healed":0,"gold_gain":0,"player_choice":"Success","damage_taken":12,"relics_obtained":["Blood Vial"],"max_hp_gain":0,"max_hp_loss":0,"event_name":"Scrap Ooze","floor":11,"gold_loss":0},{"damage_healed":0,"gold_gain":0,"player_choice":"Take Wound","damage_taken":0,"relics_obtained":["Golden Idol"],"max_hp_gain":0,"max_hp_loss":0,"event_name":"Golden Idol","floor":12,"gold_loss":0,"cards_obtained":["Injury"]},{"damage_healed":0,"gold_gain":275,"player_choice":"Desecrate","damage_taken":0,"max_hp_gain":0,"max_hp_loss":0,"event_name":"Golden Shrine","floor":13,"gold_loss":0,"cards_obtained":["Regret"]},{"cards_removed":["Regret"],"damage_healed":0,"gold_gain":0,"player_choice":"Elegance","damage_taken":0,"max_hp_gain":0,"max_hp_loss":0,"event_name":"Back to Basics","floor":19,"gold_loss":0},{"cards_removed":["Bash"],"damage_healed":0,"gold_gain":0,"player_choice":"Purged","damage_taken":0,"max_hp_gain":0,"max_hp_loss":0,"event_name":"Purifier","floor":21,"gold_loss":0},{"damage_healed":0,"gold_gain":0,"player_choice":"Opened","damage_taken":0,"relics_obtained":["Dead Branch"],"max_hp_gain":0,"max_hp_loss":0,"event_name":"The Mausoleum","floor":25,"gold_loss":0,"cards_obtained":["Writhe"]},{"damage_healed":0,"gold_gain":0,"player_choice":"Inject Mutagens","damage_taken":0,"relics_obtained":["MutagenicStrength"],"max_hp_gain":0,"max_hp_loss":0,"event_name":"Drug Dealer","floor":27,"gold_loss":0},{"damage_healed":0,"gold_gain":333,"player_choice":"Gave Idol","damage_taken":0,"max_hp_gain":0,"max_hp_loss":0,"event_name":"The Moai Head","floor":36,"relics_lost":["Golden Idol"],"gold_loss":0},{"damage_healed":0,"gold_gain":0,"player_choice":"Paid","damage_taken":0,"relics_obtained":["Red Mask"],"max_hp_gain":0,"max_hp_loss":0,"event_name":"Tomb of Lord Red Mask","floor":39,"gold_loss":202},{"damage_healed":0,"gold_gain":0,"player_choice":"Took Portal","damage_taken":0,"max_hp_gain":0,"max_hp_loss":0,"event_name":"SecretPortal","floor":41,"gold_loss":0}],"is_beta":false,"boss_relics":[{"not_picked":["Mark of Pain","Orrery"],"picked":"Runic Pyramid"},{"not_picked":["Cursed Key","Velvet Choker"],"picked":"Eternal Feather"}],"items_purged_floors":[8,20,31],"is_endless":false,"potions_floor_spawned":[5,6,16,33,35],"ascension_level":2}