{"gold_per_floor":[118,132,143,157,157,157,169,169,193,193,205,216,216,216,216,336,336,351,365,365],"floor_reached":20,"playtime":1829,"items_purged":[],"score":168,"play_id":"09800fc6-7eb0-48df-9792-c6a25dfbd289","local_time":"20190901083428","is_ascension_mode":false,"campfire_choices":[{"data":"Shrug It Off","floor":6,"key":"SMITH"},{"data":"Iron Wave","floor":10,"key":"SMITH"},{"data":"Clothesline","floor":13,"key":"SMITH"},{"data":"Rampage","floor":15,"key":"SMITH"}],"neow_cost":"NONE","seed_source_timestamp":361421785025800,"circlet_count":0,"master_deck":["Strike_R","Strike_R","Strike_R","Strike_R","Strike_R","Defend_R","Defend_R","Defend_R","Defend_R","Bash+1","Rampage","Headbutt","Clothesline+1","Shrug It Off+1","Iron Wave+1","Rampage+1","Impervious","Feed","Body Slam","Shrug It Off"],"special_seed":0,"relics":["Burning Blood","Ancient Tea Set","Golden Idol","Black Star"],"potions_floor_usage":[16,16],"damage_taken":[{"damage":5.0,"enemies":"Cultist","floor":1.0,"turns":4.0},{"damage":7.0,"enemies":"Small Slimes","floor":2.0,"turns":4.0},{"damage":6,"enemies":"2 Louse","floor":3,"turns":3},{"damage":1,"enemies":"Exordium Thugs","floor":4,"turns":6},{"damage":11,"enemies":"Red Slaver","floor":7,"turns":4},{"damage":0,"enemies":"Looter","floor":11,"turns":3},{"damage":20,"enemies":"Exordium Thugs","floor":12,"turns":4},{"damage":34,"enemies":"Hexaghost","floor":16,"turns":14},{"damage":39,"enemies":"Spheric Guardian","floor":18,"turns":7},{"damage":7,"enemies":"Chosen","floor":19,"turns":6},{"damage":64,"enemies":"Masked Bandits","floor":20,"turns":7}],"seed_played":"6875056926318694662","potions_obtained":[{"floor":1.0,"key":"SpeedPotion"},{"floor":3,"key":"Block Potion"},{"floor":4,"key":"Poison Potion"}],"is_trial":false,"path_per_floor":["M","M","M","M","?","R","M","$","T","R","M","M","R","?","R","B",null,"M","M","?"],"character_chosen":"IRONCLAD","items_purchased":[],"campfire_rested":0,"item_purchase_floors":[],"current_hp_per_floor":[80,79,79,80,80,80,75,75,75,75,80,66,66,46,46,18,80,47,49,0],"gold":365,"neow_bonus":"UPGRADE_CARD","is_prod":false,"is_daily":false,"chose_seed":false,"campfire_upgraded":4,"win_rate":0.0,"timestamp":1567341268,"path_taken":["M","M","M","M","?","R","M","$","T","R","M","M","R","?","R","BOSS","M","M","?"],"build_version":"2019-07-17","purchased_purges":0,"victory":false,"max_hp_per_floor":[80,80,80,80,80,80,80,80,80,80,80,80,80,80,80,80,80,80,83,83],"card_choices":[{"not_picked":["Intimidate","Sever Soul"],"picked":"Rampage","floor":1.0},{"not_picked":["Uppercut","Feel No Pain"],"picked":"Headbutt","floor":2},{"not_picked":["Sword Boomerang","Thunderclap"],"picked":"Clothesline","floor":3},{"not_picked":["Clothesline","Limit Break"],"picked":"Shrug It Off","floor":4},{"not_picked":["Headbutt","Armaments"],"picked":"Iron Wave","floor":7},{"not_picked":["Shrug It Off","Sword Boomerang"],"picked":"Rampage","floor":11},{"not_picked":["Twin Strike","Bloodletting"],"picked":"Impervious","floor":12},{"not_picked":["Limit Break","Fiend Fire"],"picked":"Feed","floor":16},{"not_picked":["Wild Strike","Hemokinesis"],"picked":"Body Slam","floor":18},{"not_picked":["Thunderclap","Pommel Strike"],"picked":"Shrug It Off","floor":19}],"player_experience":41269,"relics_obtained":[{"floor":9,"key":"Ancient Tea Set"}],"event_choices":[{"damage_healed":0,"gold_gain":0,"player_choice":"Leave","damage_taken":0,"max_hp_gain":0,"max_hp_loss":0,"event_name":"The Cleric","floor":5,"gold_loss":0},{"damage_healed":0,"gold_gain":0,"player_choice":"Take Damage","damage_taken":20,"relics_obtained":["Golden Idol"],"max_hp_gain":0,"max_hp_loss":0,"event_name":"Golden Idol","floor":14,"gold_loss":0},{"damage_healed":0,"gold_gain":0,"player_choice":"Fought Bandits","damage_taken":0,"max_hp_gain":0,"max_hp_loss":0,"event_name":"Masked Bandits","floor":20,"gold_loss":0}],"is_beta":false,"boss_relics":[{"not_picked":["Empty Cage","Orrery"],"picked":"Black Star"}],"items_purged_floors":[],"is_endless":false,"potions_floor_spawned":[1,3,4],"killed_by":"Masked Bandits","ascension_level":0}