{"gold_per_floor":[14,28,28,28,49,93,93,109,109,109,127,127,145,183,183,279,279,304,329,12,12,12,12,37,53,53,53,77,77,95,108,108,201,201,214,214,1,26,0,0,0,15,15,50,63,63,94,115,115,115,115],"floor_reached":51,"playtime":1627,"items_purged":["Strike_B"],"score":1392,"play_id":"eff482d1-5d3e-4609-9a2c-50c82a757b9a","local_time":"20190818150101","is_ascension_mode":true,"campfire_choices":[{"data":"Consume","floor":7.0,"key":"SMITH"},{"data":"Zap","floor":12.0,"key":"SMITH"},{"floor":15.0,"key":"REST"},{"data":"Dualcast","floor":23.0,"key":"SMITH"},{"data":"Coolheaded","floor":27.0,"key":"SMITH"},{"data":"Defragment","floor":29.0,"key":"SMITH"},{"floor":32.0,"key":"REST"},{"data":"Capacitor","floor":40.0,"key":"SMITH"},{"data":"Loop","floor":46.0,"key":"SMITH"},{"floor":49.0,"key":"RECALL"}],"neow_cost":"NO_GOLD","seed_source_timestamp":1804122675715970,"circlet_count":0,"master_deck":["AscendersBane","Defend_B","Defend_B","Defend_B","Defend_B","Zap+1","Dualcast+1","Consume+1","Rip and Tear","Undo","Capacitor+1","Heatsinks+1","Conserve Battery","Coolheaded+1","Electrodynamics","Consume+1","Melter+1","Tempest+1","Storm+1","Loop+1","Defragment+1","Heatsinks+1","Force Field","Glacier","Defragment+1","Echo Form","Stack","Turbo+1","Fusion+1"],"special_seed":0,"relics":["Cracked Core","Turnip","Golden Idol","Art of War","Kunai","Mummified Hand","Potion Belt","Astrolabe","Eternal Feather","Medical Kit","Red Mask","Juzu Bracelet","Question Card","Smiling Mask"],"potions_floor_usage":[51],"damage_taken":[{"damage":1.0,"enemies":"Cultist","floor":1.0,"turns":3.0},{"damage":2.0,"enemies":"Jaw Worm","floor":2.0,"turns":3.0},{"damage":11.0,"enemies":"Small Slimes","floor":5.0,"turns":4.0},{"damage":11.0,"enemies":"Lagavulin","floor":6.0,"turns":7.0},{"damage":4.0,"enemies":"Exordium Wildlife","floor":8.0,"turns":3.0},{"damage":14.0,"enemies":"Lots of Slimes","floor":11.0,"turns":4.0},{"damage":0.0,"enemies":"3 Louse","floor":13.0,"turns":1.0},{"damage":10.0,"enemies":"3 Sentries","floor":14.0,"turns":6.0},{"damage":28.0,"enemies":"Slime Boss","floor":16.0,"turns":8.0},{"damage":32.0,"enemies":"2 Thieves","floor":18.0,"turns":4.0},{"damage":10.0,"enemies":"Shell Parasite","floor":19.0,"turns":4.0},{"damage":0.0,"enemies":"Snake Plant","floor":24.0,"turns":2.0},{"damage":0.0,"enemies":"Sentry and Sphere","floor":25.0,"turns":3.0},{"damage":0.0,"enemies":"3 Cultists","floor":28.0,"turns":3.0},{"damage":8.0,"enemies":"Snecko","floor":30.0,"turns":3.0},{"damage":0.0,"enemies":"Shelled Parasite and Fungi","floor":31.0,"turns":3.0},{"damage":17.0,"enemies":"Collector","floor":33.0,"turns":7.0},{"damage":14.0,"enemies":"3 Shapes","floor":35.0,"turns":4.0},{"damage":14.0,"enemies":"Orb Walker","floor":38.0,"turns":3.0},{"damage":0.0,"enemies":"Maw","floor":42.0,"turns":5.0},{"damage":0.0,"enemies":"Reptomancer","floor":44.0,"turns":4.0},{"damage":0.0,"enemies":"Transient","floor":45.0,"turns":6.0},{"damage":5.0,"enemies":"Nemesis","floor":47.0,"turns":3.0},{"damage":0.0,"enemies":"Sphere and 2 Shapes","floor":48.0,"turns":3.0},{"damage":63.0,"enemies":"Awakened One","floor":50.0,"turns":11.0},{"damage":0,"enemies":"Time Eater","floor":51,"turns":3}],"seed_played":"3429661318318949313","potions_obtained":[{"floor":2.0,"key":"SkillPotion"},{"floor":6.0,"key":"GamblersBrew"},{"floor":11.0,"key":"Explosive Potion"},{"floor":13.0,"key":"Block Potion"},{"floor":24.0,"key":"Poison Potion"},{"floor":25.0,"key":"Weak Potion"},{"floor":31.0,"key":"AttackPotion"},{"floor":33.0,"key":"Explosive Potion"},{"floor":35.0,"key":"AttackPotion"},{"floor":38.0,"key":"PowerPotion"},{"floor":44.0,"key":"EssenceOfSteel"},{"floor":47.0,"key":"Explosive Potion"}],"is_trial":false,"path_per_floor":["M","M","?","?","M","E","R","M","T","?","M","R","M","E","R","B",null,"M","M","$","?","$","R","M","M","T","R","M","R","M","M","R","B",null,"M","?","$","M","?","R","?","M","T","E","M","R","E","M","R","B","B"],"character_chosen":"DEFECT","items_purchased":["Regen Potion","Loop","FocusPotion","Medical Kit"],"campfire_rested":2,"item_purchase_floors":[20,20,20,37],"current_hp_per_floor":[63,61,61,66,55,44,44,40,40,35,21,21,21,11,31,3,53,21,11,11,11,11,11,16,16,16,16,16,16,8,8,28,11,55,41,41,41,27,27,42,42,42,42,42,42,57,52,52,67,4,4],"gold":115,"neow_bonus":"ONE_RARE_RELIC","is_prod":false,"is_daily":false,"chose_seed":false,"campfire_upgraded":7,"win_rate":0,"timestamp":1566111661,"path_taken":["M","M","?","?","M","E","R","M","T","?","M","R","?","E","R","BOSS","M","?","$","?","$","R","M","M","T","R","?","R","M","?","R","BOSS","M","?","$","M","?","R","?","M","T","E","M","R","E","M","R","BOSS","BOSS"],"build_version":"2019-07-17","purchased_purges":1,"victory":false,"max_hp_per_floor":[71,71,64,69,69,69,69,69,69,69,69,69,69,69,69,69,69,69,69,69,69,69,69,69,69,69,69,69,69,69,69,69,69,69,69,69,69,69,69,69,69,69,69,69,69,69,69,69,69,69,69],"card_choices":[{"not_picked":["Barrage","Redo"],"picked":"Ball Lightning","floor":1.0},{"not_picked":["Doom and Gloom","Rip and Tear"],"picked":"Consume","floor":2.0},{"not_picked":["Barrage","Stack"],"picked":"Rip and Tear","floor":5.0},{"not_picked":["Multi-Cast","Fission"],"picked":"Undo","floor":6.0},{"not_picked":["Tempest","Rebound"],"picked":"Capacitor","floor":8.0},{"not_picked":["Barrage","Conserve Battery"],"picked":"Heatsinks","floor":11.0},{"not_picked":["Hello World","Steam Power"],"picked":"Conserve Battery","floor":13.0},{"not_picked":["Barrage","Steam"],"picked":"Coolheaded","floor":14.0},{"not_picked":["Creative AI","Thunder Strike"],"picked":"Electrodynamics","floor":16.0},{"not_picked":["Hello World","Rebound"],"picked":"Storm+1","floor":18.0},{"not_picked":["FTL","Streamline","Rebound"],"picked":"SKIP","floor":19.0},{"not_picked":["Coolheaded","Sweeping Beam"],"picked":"Defragment","floor":24.0},{"not_picked":["Gash","Hologram"],"picked":"Heatsinks+1","floor":25.0},{"not_picked":["Sweeping Beam+1","Genetic Algorithm"],"picked":"Force Field","floor":28.0},{"not_picked":["Cold Snap+1","Ball Lightning"],"picked":"Glacier","floor":30.0},{"not_picked":["Leap","Static Discharge"],"picked":"Defragment+1","floor":31.0},{"not_picked":["Creative AI","Hyperbeam"],"picked":"Echo Form","floor":33.0},{"not_picked":["Leap","Sweeping Beam"],"picked":"Stack","floor":35.0},{"not_picked":["Reprogram","Electrodynamics","Steam"],"picked":"SKIP","floor":38.0},{"not_picked":["Consume","Steam","Gash"],"picked":"SKIP","floor":42.0},{"not_picked":["Tempest+1","Leap","Doom and Gloom"],"picked":"SKIP","floor":44.0},{"not_picked":["BootSequence","Lockon","Auto Shields"],"picked":"Turbo+1","floor":45.0},{"not_picked":["BootSequence","Go for the Eyes","Streamline+1","Compile Driver"],"picked":"SKIP","floor":47.0},{"not_picked":["Go for the Eyes","Sunder+1","Sweeping Beam"],"picked":"Fusion+1","floor":48.0}],"player_experience":2196620,"relics_obtained":[{"floor":6.0,"key":"Art of War"},{"floor":9.0,"key":"Kunai"},{"floor":14.0,"key":"Potion Belt"},{"floor":43.0,"key":"Juzu Bracelet"},{"floor":44.0,"key":"Question Card"},{"floor":47.0,"key":"Smiling Mask"}],"event_choices":[{"damage_healed":0.0,"max_hp_gain":0.0,"max_hp_loss":7.0,"gold_gain":0.0,"event_name":"Golden Idol","player_choice":"Lose Max HP","floor":3.0,"gold_loss":0.0,"damage_taken":0.0,"relics_obtained":["Golden Idol"]},{"damage_healed":0.0,"max_hp_gain":5.0,"max_hp_loss":0.0,"gold_gain":0.0,"event_name":"Big Fish","player_choice":"Donut","floor":4.0,"gold_loss":0.0,"damage_taken":0.0},{"damage_healed":0.0,"max_hp_gain":0.0,"max_hp_loss":0.0,"gold_gain":0.0,"event_name":"Scrap Ooze","player_choice":"Success","floor":10.0,"gold_loss":0.0,"damage_taken":5.0,"relics_obtained":["Mummified Hand"]},{"damage_healed":0.0,"max_hp_gain":0.0,"max_hp_loss":0.0,"gold_gain":0.0,"event_name":"Accursed Blacksmith","player_choice":"Forge","floor":21.0,"gold_loss":0.0,"damage_taken":0.0,"cards_upgraded":["Heatsinks"]},{"damage_healed":0.0,"max_hp_gain":0.0,"max_hp_loss":0.0,"gold_gain":0.0,"event_name":"Mysterious Sphere","player_choice":"Ignored","floor":36.0,"gold_loss":0.0,"damage_taken":0.0},{"damage_healed":0.0,"max_hp_gain":0.0,"max_hp_loss":0.0,"gold_gain":0.0,"event_name":"Tomb of Lord Red Mask","player_choice":"Paid","floor":39.0,"gold_loss":26.0,"damage_taken":0.0,"relics_obtained":["Red Mask"]},{"cards_removed":["Ball Lightning"],"damage_healed":0.0,"max_hp_gain":0.0,"max_hp_loss":0.0,"gold_gain":0.0,"event_name":"Falling","player_choice":"Removed Attack","floor":41.0,"gold_loss":0.0,"damage_taken":0.0}],"is_beta":false,"boss_relics":[{"not_picked":["Coffee Dripper","Runic Dome"],"picked":"Astrolabe"},{"not_picked":["Sozu","Snecko Eye"],"picked":"Eternal Feather"}],"items_purged_floors":[20],"is_endless":false,"potions_floor_spawned":[2,6,11,13,24,25,31,33,35,38,44,47],"killed_by":"Time Eater","ascension_level":20}