{"gold_per_floor":[115,130,142,159,171,205,205,220,243,243,253,270,287,321,321,420,420,440,440,454,379,379],"floor_reached":22,"playtime":2196,"items_purged":[],"score":253,"play_id":"dbed66fb-58dd-4739-90a1-1e2524fd2ca2","local_time":"20190902174234","is_ascension_mode":true,"campfire_choices":[{"data":"Clothesline","floor":7,"key":"SMITH"},{"data":"Shrug It Off","floor":10,"key":"SMITH"},{"data":"Spot Weakness","floor":15,"key":"SMITH"}],"neow_cost":"NONE","seed_source_timestamp":480373651282600,"circlet_count":0,"master_deck":["Strike_R","Strike_R","Strike_R","Strike_R","Defend_R","Defend_R","Defend_R","Defend_R","Bash+1","Twin Strike+1","Shrug It Off+1","Clothesline+1","Heavy Blade+1","Spot Weakness+1","Headbutt","Heavy Blade","Juggernaut","Shrug It Off","Battle Trance","Seeing Red","Double Tap"],"relics":["Burning Blood","Whetstone","Potion Belt","Juzu Bracelet","Orrery"],"potions_floor_usage":[6,14,22],"damage_taken":[{"damage":1,"enemies":"Cultist","floor":1,"turns":3},{"damage":3,"enemies":"Small Slimes","floor":2,"turns":3},{"damage":7,"enemies":"Jaw Worm","floor":3,"turns":3},{"damage":5,"enemies":"2 Fungi Beasts","floor":4,"turns":4},{"damage":5,"enemies":"Red Slaver","floor":5,"turns":3},{"damage":19,"enemies":"Lagavulin","floor":6,"turns":10},{"damage":11,"enemies":"Looter","floor":8,"turns":3},{"damage":10,"enemies":"Exordium Thugs","floor":11,"turns":4},{"damage":9,"enemies":"Red Slaver","floor":12,"turns":2},{"damage":16,"enemies":"Lots of Slimes","floor":13,"turns":3},{"damage":10,"enemies":"3 Sentries","floor":14,"turns":6},{"damage":23,"enemies":"The Guardian","floor":16,"turns":12},{"damage":23,"enemies":"Shell Parasite","floor":18,"turns":6},{"damage":44,"enemies":"Spheric Guardian","floor":20,"turns":6},{"damage":27,"enemies":"Chosen and Byrds","floor":22,"turns":4}],"seed_played":"-2743456438086781951","potions_obtained":[{"floor":2,"key":"GamblersBrew"},{"floor":3,"key":"Swift Potion"},{"floor":5,"key":"PowerPotion"},{"floor":6,"key":"SpeedPotion"},{"floor":8,"key":"Fire Potion"},{"floor":16,"key":"Energy Potion"},{"floor":20,"key":"GamblersBrew"}],"is_trial":false,"path_per_floor":["M","M","M","M","M","E","R","M","T","R","M","M","M","E","R","B",null,"M","?","M","?","M"],"character_chosen":"IRONCLAD","items_purchased":[],"campfire_rested":0,"item_purchase_floors":[],"current_hp_per_floor":[80,80,79,80,80,67,67,62,62,62,58,55,45,41,41,24,66,49,49,11,11,0],"gold":379,"neow_bonus":"UPGRADE_CARD","is_prod":false,"is_daily":false,"chose_seed":false,"campfire_upgraded":3,"win_rate":0,"timestamp":1567460554,"path_taken":["M","M","?","M","M","E","R","M","T","R","M","M","M","E","R","BOSS","M","?","M","?","M"],"build_version":"2019-07-17","purchased_purges":0,"victory":false,"max_hp_per_floor":[80,80,80,80,80,80,80,80,80,80,80,80,80,80,80,80,80,80,80,80,80,80],"card_choices":[{"not_picked":["Havoc","Sentinel"],"picked":"Twin Strike","floor":1},{"not_picked":["Ghostly Armor","Infernal Blade"],"picked":"Shrug It Off","floor":2},{"not_picked":["Burning Pact","Armaments"],"picked":"Clothesline","floor":3},{"not_picked":["Evolve","Flex","Armaments"],"picked":"SKIP","floor":4},{"not_picked":["Havoc","Perfected Strike"],"picked":"Heavy Blade","floor":5},{"not_picked":["Barricade","Wild Strike","Armaments"],"picked":"SKIP","floor":6},{"not_picked":["Twin Strike","Perfected Strike","Havoc"],"picked":"SKIP","floor":8},{"not_picked":["Clothesline","Clash"],"picked":"Spot Weakness","floor":11},{"not_picked":["Perfected Strike","Warcry"],"picked":"Headbutt","floor":12},{"not_picked":["Headbutt","Twin Strike","Fire Breathing"],"picked":"SKIP","floor":13},{"not_picked":["Burning Pact","Rampage"],"picked":"Heavy Blade","floor":14},{"not_picked":["Brutality","Immolate"],"picked":"Juggernaut","floor":16},{"not_picked":["Wild Strike","Twin Strike"],"picked":"Shrug It Off","floor":17},{"not_picked":["Perfected Strike","Warcry"],"picked":"Battle Trance","floor":17},{"not_picked":["Body Slam","Twin Strike"],"picked":"Seeing Red","floor":17},{"not_picked":["Sentinel+1","Inflame+1"],"picked":"Double Tap","floor":18},{"not_picked":["Heavy Blade","Bloodletting+1","Entrench+1"],"picked":"SKIP","floor":20}],"player_experience":150580,"relics_obtained":[{"floor":6,"key":"Whetstone"},{"floor":9,"key":"Potion Belt"},{"floor":14,"key":"Juzu Bracelet"}],"event_choices":[{"damage_healed":0,"gold_gain":0,"player_choice":"Ignored","damage_taken":0,"max_hp_gain":0,"max_hp_loss":0,"event_name":"Ghosts","floor":19,"gold_loss":0},{"cards_removed":["Strike_R"],"damage_healed":0,"gold_gain":0,"player_choice":"Gave Gold","damage_taken":0,"max_hp_gain":0,"max_hp_loss":0,"event_name":"Beggar","floor":21,"gold_loss":75}],"is_beta":false,"boss_relics":[{"not_picked":["Astrolabe","Tiny House"],"picked":"Orrery"}],"items_purged_floors":[],"is_endless":false,"potions_floor_spawned":[2,3,5,6,8,16,20],"killed_by":"Chosen and Byrds","ascension_level":5}