{"gold_per_floor":[361,381,381,115,133,133,165,175,200,200,234,234,248,263,263,338,338,349,153,170,190,205,205,205],"floor_reached":24,"playtime":674,"items_purged":["Strike_B","Strike_B"],"score":420,"play_id":"d0d70871-0310-4d44-b441-75b2c08b5b5f","local_time":"20190819125558","is_ascension_mode":true,"campfire_choices":[{"data":"Streamline","floor":6,"key":"SMITH"},{"data":"Zap","floor":10,"key":"SMITH"},{"data":"Sunder","floor":12,"key":"SMITH"},{"data":"Turbo","floor":15,"key":"SMITH"},{"data":"Coolheaded","floor":23,"key":"SMITH"}],"neow_cost":"TEN_PERCENT_HP_LOSS","seed_source_timestamp":1885149382445248,"circlet_count":0,"master_deck":["AscendersBane","Strike_B","Strike_B","Defend_B","Defend_B","Defend_B","Defend_B","Zap+1","Dualcast","Turbo+1","Undo","Streamline+1","Coolheaded+1","BootSequence","Sunder+1","Loop","Echo Form","Self Repair","Compile Driver","Go for the Eyes+1","Coolheaded"],"relics":["Cracked Core","Cables","Happy Flower","Boot","Bottled Lightning","Nuclear Battery"],"potions_floor_usage":[7,16],"damage_taken":[{"damage":7,"enemies":"Cultist","floor":1,"turns":4},{"damage":0,"enemies":"2 Louse","floor":2,"turns":2},{"damage":0,"enemies":"Small Slimes","floor":5,"turns":4},{"damage":18,"enemies":"Lagavulin","floor":7,"turns":7},{"damage":2,"enemies":"Red Slaver","floor":8,"turns":3},{"damage":22,"enemies":"Gremlin Nob","floor":11,"turns":4},{"damage":0,"enemies":"Large Slime","floor":13,"turns":4},{"damage":0,"enemies":"2 Fungi Beasts","floor":14,"turns":2},{"damage":10,"enemies":"The Guardian","floor":16,"turns":9},{"damage":11,"enemies":"Spheric Guardian","floor":18,"turns":5},{"damage":7,"enemies":"3 Byrds","floor":20,"turns":6},{"damage":8,"enemies":"Snecko","floor":21,"turns":4},{"damage":16,"enemies":"Snake Plant","floor":22,"turns":5},{"damage":28,"enemies":"Cultist and Chosen","floor":24,"turns":5}],"seed_played":"5415995951116527199","potions_obtained":[{"floor":2,"key":"SkillPotion"},{"floor":5,"key":"Dexterity Potion"},{"floor":13,"key":"Dexterity Potion"},{"floor":18,"key":"EntropicBrew"}],"is_trial":false,"path_per_floor":["M","M","T","$","M","R","E","M","T","R","E","R","M","M","R","B",null,"M","$","M","M","M","R","M"],"character_chosen":"DEFECT","items_purchased":["Streamline","Happy Flower","Self Repair","Compile Driver"],"campfire_rested":0,"item_purchase_floors":[4,4,19,19],"current_hp_per_floor":[57,57,57,57,57,57,39,37,37,37,15,15,15,15,15,5,49,38,38,45,44,28,28,0],"gold":205,"neow_bonus":"TWO_FIFTY_GOLD","is_prod":false,"is_daily":false,"chose_seed":false,"campfire_upgraded":5,"win_rate":0,"timestamp":1566190558,"path_taken":["M","M","?","$","M","R","E","M","T","R","E","R","?","M","R","BOSS","M","$","M","M","M","R","M"],"build_version":"2019-07-17","purchased_purges":2,"victory":false,"max_hp_per_floor":[64,64,64,64,64,64,64,64,64,64,64,64,64,64,64,64,64,64,64,64,64,64,64,64],"card_choices":[{"not_picked":["Gash","Consume"],"picked":"Turbo","floor":1},{"not_picked":["Cold Snap","Tempest"],"picked":"Undo","floor":2},{"not_picked":["Gash","Leap"],"picked":"Coolheaded","floor":5},{"not_picked":["Rebound","Coolheaded"],"picked":"BootSequence","floor":7},{"not_picked":["Cold Snap","Rebound","Streamline"],"picked":"SKIP","floor":8},{"not_picked":["Aggregate","BootSequence"],"picked":"Sunder","floor":11},{"not_picked":["Go for the Eyes","Undo"],"picked":"Loop","floor":13},{"not_picked":["Static Discharge","Cold Snap","Gash"],"picked":"SKIP","floor":14},{"not_picked":["Machine Learning","Reboot"],"picked":"Echo Form","floor":16},{"not_picked":["White Noise","Steam","Cold Snap"],"picked":"SKIP","floor":18},{"not_picked":["Steam","Compile Driver"],"picked":"Go for the Eyes+1","floor":20},{"not_picked":["Reprogram","Rebound"],"picked":"Coolheaded","floor":21},{"not_picked":["Stack","Self Repair","Ball Lightning"],"picked":"SKIP","floor":22}],"player_experience":2205446,"relics_obtained":[{"floor":3,"key":"Cables"},{"floor":7,"key":"Boot"},{"floor":11,"key":"Bottled Lightning"}],"event_choices":[],"is_beta":false,"boss_relics":[{"not_picked":["Eternal Feather","Fusion Hammer"],"picked":"Nuclear Battery"}],"items_purged_floors":[4,19],"is_endless":false,"potions_floor_spawned":[2,5,13,18,22],"killed_by":"Cultist and Chosen","ascension_level":20}