{"gold_per_floor":[118,128,53,66,141,167,167,183,210,210,210,229,241,256,256,351,351,367,377,377,301,301,301,20,54,114,138,160,172,184,216,228,240],"floor_reached":33,"playtime":1836,"items_purged":["Strike_G"],"score":319,"play_id":"6097e0cd-9121-4a48-8351-c34ff08fec77","local_time":"20190503173754","is_ascension_mode":false,"campfire_choices":[{"floor":7,"key":"REST"},{"data":"Crippling Poison","floor":10,"key":"SMITH"},{"data":"Corpse Explosion","floor":15,"key":"SMITH"},{"data":"Bullet Time","floor":23,"key":"SMITH"},{"floor":32,"key":"REST"}],"neow_cost":"NONE","seed_source_timestamp":27719410315829,"circlet_count":0,"master_deck":["Defend_G+1","Defend_G+1","Defend_G+1","Defend_G+1","Defend_G+1","Strike_G+1","Strike_G+1","Survivor","Neutralize","Crippling Poison+1","Prepared","Deadly Poison+1","Corpse Explosion+1","Bullet Time+1","Footwork","Poisoned Stab","Dramatic Entrance","Poisoned Stab+1","Deadly Poison"],"relics":["Ring of the Snake","NeowsBlessing","Regal Pillow","Smiling Mask","Gremlin Horn","Empty Cage","Blood Vial","MawBank","Bag of Preparation","Mango"],"potions_floor_usage":[28],"damage_taken":[{"damage":0,"enemies":"Cultist","floor":1,"turns":1},{"damage":0,"enemies":"Small Slimes","floor":2,"turns":1},{"damage":0,"enemies":"Jaw Worm","floor":4,"turns":1},{"damage":39,"enemies":"3 Sentries","floor":6,"turns":18},{"damage":1,"enemies":"Exordium Wildlife","floor":8,"turns":3},{"damage":0,"enemies":"Blue Slaver","floor":12,"turns":4},{"damage":3,"enemies":"2 Fungi Beasts","floor":13,"turns":3},{"damage":0,"enemies":"Red Slaver","floor":14,"turns":4},{"damage":28,"enemies":"Hexaghost","floor":16,"turns":8},{"damage":0,"enemies":"Spheric Guardian","floor":18,"turns":3},{"damage":0,"enemies":"Chosen","floor":19,"turns":4},{"damage":32,"enemies":"Gremlin Leader","floor":25,"turns":6},{"damage":9,"enemies":"Snake Plant","floor":27,"turns":5},{"damage":16,"enemies":"Snecko","floor":28,"turns":4},{"damage":10,"enemies":"3 Cultists","floor":31,"turns":3},{"damage":60,"enemies":"Champ","floor":33,"turns":10}],"seed_played":"5392657918648667294","potions_obtained":[{"floor":1,"key":"GamblersBrew"},{"floor":6,"key":"Ancient Potion"},{"floor":14,"key":"AttackPotion"},{"floor":31,"key":"Block Potion"}],"is_trial":false,"path_per_floor":["M","M","$","M","?","E","R","M","T","R","T","M","M","M","R","B",null,"M","M","?","$","?","R","$","E","T","M","M","T","?","M","R","B"],"character_chosen":"THE_SILENT","items_purchased":["Footwork","Poisoned Stab","Dramatic Entrance","Blood Vial"],"campfire_rested":2,"item_purchase_floors":[21,24,24,24],"current_hp_per_floor":[70,70,70,70,59,20,56,55,55,55,55,55,52,52,52,24,70,70,70,70,70,57,57,57,27,27,20,6,20,20,12,53,0],"gold":240,"neow_bonus":"THREE_ENEMY_KILL","is_prod":false,"is_daily":false,"chose_seed":false,"campfire_upgraded":3,"win_rate":0,"timestamp":1556930274,"path_taken":["M","M","$","?","?","E","R","M","T","R","?","?","M","M","R","BOSS","M","M","?","$","?","R","$","E","T","M","M","?","?","M","R","BOSS"],"build_version":"2019-01-23","purchased_purges":1,"victory":false,"max_hp_per_floor":[70,70,70,70,70,70,70,70,70,70,70,70,70,70,70,70,70,70,70,70,70,75,75,75,75,75,75,75,89,89,89,89,89],"card_choices":[{"not_picked":["Leg Sweep","Blade Dance"],"picked":"Crippling Poison","floor":1},{"not_picked":["Deflect","Slice"],"picked":"Prepared","floor":2},{"not_picked":["PiercingWail","Sucker Punch"],"picked":"Deadly Poison","floor":4},{"not_picked":["Riddle With Holes","Slice","Predator"],"picked":"SKIP","floor":6},{"not_picked":["Escape Plan","Prepared","All Out Attack"],"picked":"SKIP","floor":8},{"not_picked":["Bane","Expertise"],"picked":"Corpse Explosion","floor":12},{"not_picked":["Acrobatics","Dash","Endless Agony"],"picked":"SKIP","floor":13},{"not_picked":["Blade Dance","Prepared","Cloak And Dagger"],"picked":"SKIP","floor":14},{"not_picked":["Doppelganger","After Image"],"picked":"Bullet Time","floor":16},{"not_picked":["Leg Sweep","Acrobatics","Expertise"],"picked":"SKIP","floor":18},{"not_picked":["Quick Slash","Acrobatics","PiercingWail"],"picked":"SKIP","floor":19},{"not_picked":["PiercingWail","Backstab"],"picked":"Poisoned Stab+1","floor":25},{"not_picked":["All Out Attack","Sucker Punch","Blade Dance"],"picked":"SKIP","floor":27},{"not_picked":["Acrobatics","Dagger Throw+1"],"picked":"Deadly Poison","floor":28},{"not_picked":["Masterful Stab","Footwork","Sucker Punch+1"],"picked":"SKIP","floor":31}],"player_experience":110548,"relics_obtained":[{"floor":6,"key":"Regal Pillow"},{"floor":9,"key":"Smiling Mask"},{"floor":11,"key":"Gremlin Horn"},{"floor":25,"key":"MawBank"},{"floor":26,"key":"Bag of Preparation"},{"floor":29,"key":"Mango"}],"event_choices":[{"damage_healed":0,"gold_gain":75,"player_choice":"Gather Gold","damage_taken":11,"max_hp_gain":0,"max_hp_loss":0,"event_name":"World of Goop","floor":5,"gold_loss":0},{"damage_healed":0,"gold_gain":0,"player_choice":"Simplicity","damage_taken":0,"max_hp_gain":0,"max_hp_loss":0,"event_name":"Back to Basics","floor":20,"gold_loss":0,"cards_upgraded":["Defend_G","Defend_G","Defend_G","Defend_G","Defend_G","Strike_G","Strike_G"]},{"damage_healed":0,"gold_gain":0,"player_choice":"Shed Blood","damage_taken":18,"max_hp_gain":5,"max_hp_loss":0,"event_name":"Forgotten Altar","floor":22,"gold_loss":0},{"damage_healed":0,"gold_gain":0,"player_choice":"Upgraded","damage_taken":0,"max_hp_gain":0,"max_hp_loss":0,"event_name":"Upgrade Shrine","floor":30,"gold_loss":0,"cards_upgraded":["Deadly Poison"]}],"is_beta":false,"boss_relics":[{"not_picked":["Eternal Feather","HoveringKite"],"picked":"Empty Cage"}],"items_purged_floors":[3],"is_endless":false,"potions_floor_spawned":[1,6,14,16,28,31],"killed_by":"Champ","ascension_level":0}