{"gold_per_floor":[119,119,14,27,27,27,27,56,80,80,100,100,50,82,82,82],"floor_reached":16,"playtime":303,"items_purged":[],"score":192,"play_id":"3b160943-0d33-490a-908c-15ed56f9c34a","local_time":"20190813160736","is_ascension_mode":true,"campfire_choices":[{"data":"Zap","floor":6,"key":"SMITH"},{"data":"Dualcast","floor":10,"key":"SMITH"},{"data":"Heatsinks","floor":12,"key":"SMITH"},{"floor":15,"key":"REST"}],"neow_cost":"NONE","seed_source_timestamp":1378604512781643,"circlet_count":0,"master_deck":["AscendersBane","Strike_B","Strike_B","Strike_B","Strike_B","Defend_B","Defend_B","Defend_B+1","Defend_B+1","Zap+1","Dualcast+1","Hologram","Heatsinks+1","Turbo","Reinforced Body","Skim","Seek","Compile Driver","Beam Cell"],"relics":["Cracked Core","NeowsBlessing","Odd Mushroom","Smiling Mask","Darkstone Periapt"],"potions_floor_usage":[],"damage_taken":[{"damage":0,"enemies":"Small Slimes","floor":1,"turns":1},{"damage":0,"enemies":"2 Louse","floor":4,"turns":1},{"damage":0,"enemies":"The Mushroom Lair","floor":8,"turns":1},{"damage":12,"enemies":"Jaw Worm","floor":11,"turns":3},{"damage":33,"enemies":"3 Sentries","floor":14,"turns":9},{"damage":0,"enemies":"Slime Boss","floor":16,"turns":4}],"seed_played":"-6187571745791506237","potions_obtained":[{"floor":11,"key":"EssenceOfSteel"}],"is_trial":false,"path_per_floor":["M","?","$","M","$","R","?","?","T","R","M","R","$","E","R","B"],"character_chosen":"DEFECT","items_purchased":["Heatsinks","Turbo","Compile Driver"],"campfire_rested":1,"item_purchase_floors":[3,3,13],"current_hp_per_floor":[64,43,43,43,43,43,48,48,48,48,36,36,36,3,25,25],"gold":82,"neow_bonus":"THREE_ENEMY_KILL","is_prod":false,"is_daily":false,"chose_seed":false,"campfire_upgraded":3,"win_rate":0,"timestamp":1565683656,"path_taken":["M","?","$","M","$","R","?","?","T","R","?","R","$","E","R","BOSS"],"build_version":"2019-07-17","purchased_purges":0,"victory":false,"max_hp_per_floor":[71,71,71,71,71,71,76,76,76,76,76,76,76,76,76,76],"card_choices":[{"not_picked":["Blizzard","Go for the Eyes"],"picked":"Hologram","floor":1},{"not_picked":["Redo","Streamline"],"picked":"Reinforced Body","floor":4},{"not_picked":["Steam","Leap"],"picked":"Skim","floor":8},{"not_picked":["Rebound","Conserve Battery"],"picked":"Seek","floor":11},{"not_picked":["Sweeping Beam","Turbo"],"picked":"Beam Cell","floor":14}],"player_experience":2147021,"relics_obtained":[{"floor":8,"key":"Odd Mushroom"},{"floor":9,"key":"Smiling Mask"},{"floor":14,"key":"Darkstone Periapt"}],"event_choices":[{"damage_healed":0,"gold_gain":0,"player_choice":"Entered Light","damage_taken":21,"max_hp_gain":0,"max_hp_loss":0,"event_name":"Shining Light","floor":2,"gold_loss":0,"cards_upgraded":["Defend_B","Defend_B"]},{"damage_healed":0,"gold_gain":0,"player_choice":"Donut","damage_taken":0,"max_hp_gain":5,"max_hp_loss":0,"event_name":"Big Fish","floor":7,"gold_loss":0},{"damage_healed":0,"gold_gain":0,"player_choice":"Fought Mushrooms","damage_taken":0,"max_hp_gain":0,"max_hp_loss":0,"event_name":"Mushrooms","floor":8,"gold_loss":0}],"is_beta":false,"boss_relics":[],"items_purged_floors":[],"is_endless":false,"potions_floor_spawned":[11],"killed_by":"Slime Boss","ascension_level":20}