{"gold_per_floor":[113,133,133,133,144,144,173,173,250,267,325,355,368,368,368,471,471,490,506,506,526,544,544,29,43,43,53,53,87,87,104,104,207,207,225,225,277,294,309,309,343,343,343,343,151,162,177,197,197,197],"floor_reached":51,"playtime":2789,"items_purged":[],"score":851,"play_id":"e21d61eb-8353-4e9e-83b2-741be8b1f2ef","local_time":"20190427002319","is_ascension_mode":false,"campfire_choices":[{"data":"Electrodynamics","floor":6,"key":"SMITH"},{"data":"Sweeping Beam","floor":8,"key":"SMITH"},{"floor":15,"key":"REST"},{"data":"Zap","floor":23,"key":"SMITH"},{"floor":30,"key":"REST"},{"floor":32,"key":"REST"},{"data":"Double Energy","floor":40,"key":"SMITH"},{"floor":42,"key":"REST"},{"data":"Thunder Strike","floor":44,"key":"SMITH"},{"floor":49,"key":"REST"}],"neow_cost":"NONE","seed_source_timestamp":49865360043852,"circlet_count":0,"master_deck":["Defend_B","Defend_B","Zap+1","Sweeping Beam+1","Electrodynamics+1","Static Discharge","Double Energy+1","Thunder Strike+1","Seek+1","Darkness+1","Defragment+1","Ball Lightning","Leap","Amplify","Conserve Battery+1","Storm+1"],"relics":["Cracked Core","Strawberry","Bottled Lightning","Gremlin Horn","Tiny Chest","Singing Bowl","Astrolabe","Omamori","Matryoshka","Mercury Hourglass","Oddly Smooth Stone","Pantograph","Mummified Hand","Philosopher\u0027s Stone","Bronze Scales","Bag of Marbles","Ornamental Fan","Letter Opener","Runic Capacitor"],"potions_floor_usage":[7,16,29],"damage_taken":[{"damage":7,"enemies":"Small Slimes","floor":1,"turns":3},{"damage":1,"enemies":"Jaw Worm","floor":2,"turns":4},{"damage":1,"enemies":"Cultist","floor":5,"turns":3},{"damage":16,"enemies":"Lagavulin","floor":7,"turns":4},{"damage":1,"enemies":"Exordium Wildlife","floor":10,"turns":2},{"damage":9,"enemies":"3 Sentries","floor":11,"turns":2},{"damage":14,"enemies":"Blue Slaver","floor":13,"turns":3},{"damage":25,"enemies":"The Guardian","floor":16,"turns":12},{"damage":5,"enemies":"Chosen","floor":18,"turns":4},{"damage":20,"enemies":"2 Thieves","floor":19,"turns":2},{"damage":5,"enemies":"Sentry and Sphere","floor":21,"turns":3},{"damage":7,"enemies":"3 Cultists","floor":22,"turns":3},{"damage":7,"enemies":"Centurion and Healer","floor":25,"turns":3},{"damage":24,"enemies":"Shelled Parasite and Fungi","floor":27,"turns":4},{"damage":15,"enemies":"Gremlin Leader","floor":29,"turns":4},{"damage":0,"enemies":"Sentry and Sphere","floor":31,"turns":2},{"damage":0,"enemies":"Collector","floor":33,"turns":5},{"damage":3,"enemies":"3 Shapes","floor":35,"turns":2},{"damage":10,"enemies":"Orb Walker","floor":38,"turns":2},{"damage":0,"enemies":"4 Shapes","floor":39,"turns":1},{"damage":45,"enemies":"Giant Head","floor":41,"turns":6},{"damage":18,"enemies":"Maw","floor":46,"turns":5},{"damage":13,"enemies":"Writhing Mass","floor":47,"turns":3},{"damage":0,"enemies":"3 Darklings","floor":48,"turns":2},{"damage":88,"enemies":"Awakened One","floor":50,"turns":5}],"seed_played":"3398622946511989216","potions_obtained":[{"floor":5,"key":"FocusPotion"},{"floor":7,"key":"Regen Potion"},{"floor":10,"key":"AttackPotion"},{"floor":11,"key":"Ancient Potion"},{"floor":18,"key":"FocusPotion"},{"floor":27,"key":"Regen Potion"},{"floor":33,"key":"Fire Potion"}],"is_trial":false,"path_per_floor":["M","M","?","?","M","R","E","R","T","M","?","T","M","?","R","B",null,"M","M","?","M","M","R","$","M","T","M","?","E","R","M","R","B",null,"M","?","T","M","M","R","E","R","T","R","$","M","M","M","R","B",null],"character_chosen":"DEFECT","items_purchased":["Matryoshka","Mercury Hourglass","Runic Capacitor"],"campfire_rested":5,"item_purchase_floors":[24,24,45],"current_hp_per_floor":[68,67,60,60,59,59,50,50,50,49,40,40,26,23,47,37,82,79,61,61,58,53,53,53,48,48,24,24,21,48,50,78,94,94,93,93,93,85,87,87,42,72,72,72,72,56,43,45,76,13],"gold":197,"neow_bonus":"REMOVE_CARD","is_prod":false,"is_daily":false,"chose_seed":false,"campfire_upgraded":5,"win_rate":0.0,"timestamp":1556349799,"path_taken":["M","M","?","?","M","R","E","R","T","?","?","?","M","?","R","BOSS","M","M","?","?","M","R","$","M","T","?","?","E","R","M","R","BOSS","M","?","?","M","M","R","E","R","T","R","$","M","?","M","R","BOSS"],"build_version":"2019-01-23","purchased_purges":0,"victory":true,"max_hp_per_floor":[75,75,75,75,75,75,82,82,82,82,82,82,82,82,82,82,82,84,86,86,88,90,90,90,92,92,92,92,92,92,94,94,94,94,96,96,96,98,100,100,100,100,100,100,100,102,102,104,104,104],"card_choices":[{"not_picked":["Steam","Stack"],"picked":"Sweeping Beam","floor":1},{"not_picked":["Go for the Eyes","Consume"],"picked":"Electrodynamics","floor":2},{"not_picked":["Leap","Fusion"],"picked":"Static Discharge","floor":5},{"not_picked":["Go for the Eyes","Cold Snap","Reprogram"],"picked":"SKIP","floor":7},{"not_picked":["FTL","Coolheaded","Heatsinks"],"picked":"SKIP","floor":10},{"not_picked":["Static Discharge","Darkness"],"picked":"Double Energy","floor":13},{"not_picked":["Biased Cognition","Rainbow"],"picked":"Thunder Strike","floor":16},{"not_picked":["Glacier","Steam","Scrape"],"picked":"Singing Bowl","floor":18},{"not_picked":["Skim","Compile Driver","Doom and Gloom+1"],"picked":"Singing Bowl","floor":19},{"not_picked":["Skim","Cold Snap","Hologram"],"picked":"Singing Bowl","floor":21},{"not_picked":["Heatsinks","Compile Driver","Coolheaded+1"],"picked":"Singing Bowl","floor":22},{"not_picked":["Redo","Streamline+1","Chaos"],"picked":"Singing Bowl","floor":25},{"not_picked":["Stack+1","Genetic Algorithm"],"picked":"Ball Lightning","floor":27},{"not_picked":["Conserve Battery","Streamline+1"],"picked":"Leap","floor":29},{"not_picked":["Auto Shields","Streamline","Go for the Eyes"],"picked":"Singing Bowl","floor":31},{"not_picked":["Hyperbeam","All For One"],"picked":"Amplify","floor":33},{"not_picked":["Steam Power","Ball Lightning","Compile Driver+1"],"picked":"Singing Bowl","floor":35},{"not_picked":["Stack+1","Reprogram+1","Barrage"],"picked":"Singing Bowl","floor":38},{"not_picked":["Redo","Sunder+1","Rip and Tear+1"],"picked":"Singing Bowl","floor":39},{"not_picked":["Streamline","Seek"],"picked":"Conserve Battery+1","floor":41},{"not_picked":["Leap","Skim","Hologram"],"picked":"Singing Bowl","floor":46},{"not_picked":["Reprogram+1","Reinforced Body+1"],"picked":"Storm+1","floor":47},{"not_picked":["Leap","Stack","Cold Snap"],"picked":"Singing Bowl","floor":48}],"player_experience":93733,"relics_obtained":[{"floor":7,"key":"Strawberry"},{"floor":9,"key":"Bottled Lightning"},{"floor":12,"key":"Tiny Chest"},{"floor":26,"key":"Oddly Smooth Stone"},{"floor":26,"key":"Pantograph"},{"floor":29,"key":"Mummified Hand"},{"floor":37,"key":"Bronze Scales"},{"floor":37,"key":"Bag of Marbles"},{"floor":41,"key":"Ornamental Fan"},{"floor":43,"key":"Letter Opener"}],"event_choices":[{"cards_removed":["Strike_B"],"damage_healed":0,"gold_gain":0,"player_choice":"Card Removal","damage_taken":7,"max_hp_gain":0,"max_hp_loss":0,"event_name":"Golden Wing","floor":3,"gold_loss":0},{"damage_healed":0,"gold_gain":0,"player_choice":"Leave","damage_taken":0,"max_hp_gain":0,"max_hp_loss":0,"event_name":"FaceTrader","floor":4,"gold_loss":0},{"damage_healed":0,"gold_gain":0,"player_choice":"Searched \u00272\u0027 times","damage_taken":0,"relics_obtained":["Gremlin Horn"],"max_hp_gain":0,"max_hp_loss":0,"event_name":"Dead Adventurer","floor":11,"gold_loss":0},{"damage_healed":0,"gold_gain":0,"player_choice":"Success","damage_taken":3,"relics_obtained":["Singing Bowl"],"max_hp_gain":0,"max_hp_loss":0,"event_name":"Scrap Ooze","floor":14,"gold_loss":0},{"damage_healed":0,"gold_gain":0,"player_choice":"Gave Potion","damage_taken":0,"relics_obtained":["Omamori"],"max_hp_gain":0,"max_hp_loss":0,"event_name":"WeMeetAgain","floor":20,"gold_loss":0},{"cards_removed":["Dualcast"],"damage_healed":0,"gold_gain":0,"player_choice":"Elegance","damage_taken":0,"max_hp_gain":0,"max_hp_loss":0,"event_name":"Back to Basics","floor":28,"gold_loss":0},{"cards_removed":["Defend_B"],"damage_healed":0,"gold_gain":0,"player_choice":"Removed Skill","damage_taken":0,"max_hp_gain":0,"max_hp_loss":0,"event_name":"Falling","floor":36,"gold_loss":0}],"is_beta":false,"boss_relics":[{"not_picked":["Eternal Feather","Lizard Tail"],"picked":"Astrolabe"},{"not_picked":["Fusion Hammer","Runic Dome"],"picked":"Philosopher\u0027s Stone"}],"items_purged_floors":[],"is_endless":false,"potions_floor_spawned":[5,7,10,11,18,19,27,33,41,46,48],"ascension_level":0}