{"gold_per_floor":[113,113,113,113,133,176,176,201,251,286,286,300,300,324,324,443,443,467,467],"floor_reached":19,"playtime":2453,"items_purged":[],"score":177,"play_id":"5b2b6065-c8cd-4f04-bc59-90468ee97879","local_time":"20190629162428","is_ascension_mode":false,"campfire_choices":[{"floor":7,"key":"REST"},{"floor":13,"key":"REST"},{"floor":15,"key":"REST"}],"neow_cost":"NONE","seed_source_timestamp":979615154837556,"circlet_count":0,"master_deck":["Strike_R","Strike_R","Strike_R","Strike_R","Strike_R","Defend_R","Defend_R","Defend_R","Defend_R","Bash","Anger","Injury","Twin Strike","Clothesline","Heavy Blade","Reaper","Clash","Sever Soul","Double Tap","Clash+1"],"relics":["Burning Blood","Golden Idol","Strawberry","Orichalcum","Bag of Preparation","Eternal Feather"],"potions_floor_usage":[6,16,16,19],"damage_taken":[{"damage":6,"enemies":"Jaw Worm","floor":1,"turns":4},{"damage":6,"enemies":"2 Louse","floor":5,"turns":3},{"damage":55,"enemies":"Gremlin Nob","floor":6,"turns":5},{"damage":9,"enemies":"Small Slimes","floor":8,"turns":4},{"damage":38,"enemies":"Lagavulin","floor":10,"turns":8},{"damage":3,"enemies":"Exordium Thugs","floor":12,"turns":4},{"damage":9,"enemies":"Large Slime","floor":14,"turns":7},{"damage":24,"enemies":"Slime Boss","floor":16,"turns":8},{"damage":20,"enemies":"3 Byrds","floor":18,"turns":7},{"damage":42,"enemies":"Colosseum Slavers","floor":19,"turns":6},{"damage":49,"enemies":"Colosseum Nobs","floor":19,"turns":7}],"seed_played":"-5160313868532420573","potions_obtained":[{"floor":0,"key":"Explosive Potion"},{"floor":0,"key":"Ancient Potion"},{"floor":0,"key":"EssenceOfSteel"},{"floor":6,"key":"AttackPotion"}],"is_trial":false,"path_per_floor":["M","?","?","?","M","E","R","M","T","E","?","M","R","M","R","B",null,"M","?"],"character_chosen":"IRONCLAD","items_purchased":[],"campfire_rested":3,"item_purchase_floors":[],"current_hp_per_floor":[80,80,80,80,80,38,64,61,61,29,29,40,66,69,87,73,87,73,0],"gold":467,"neow_bonus":"THREE_SMALL_POTIONS","is_prod":false,"is_daily":false,"chose_seed":false,"campfire_upgraded":0,"win_rate":0.0,"timestamp":1561843468,"path_taken":["M","?","?","?","M","E","R","?","T","E","?","M","R","M","R","BOSS","M","?"],"build_version":"2019-01-23","purchased_purges":0,"victory":false,"max_hp_per_floor":[80,80,80,80,80,87,87,87,87,87,87,87,87,87,87,87,87,87,87],"card_choices":[{"not_picked":["Clothesline","Reckless Charge"],"picked":"Anger","floor":1},{"not_picked":["Body Slam","Shrug It Off"],"picked":"Twin Strike","floor":5},{"not_picked":["Perfected Strike","Sword Boomerang"],"picked":"Clothesline","floor":6},{"not_picked":["Dropkick","Body Slam"],"picked":"Heavy Blade","floor":8},{"not_picked":["Pommel Strike","Thunderclap"],"picked":"Reaper","floor":10},{"not_picked":["Headbutt","Clothesline"],"picked":"Clash","floor":12},{"not_picked":["Warcry","Clothesline"],"picked":"Sever Soul","floor":14},{"not_picked":["Bludgeon","Barricade"],"picked":"Double Tap","floor":16},{"not_picked":["Headbutt","Perfected Strike+1"],"picked":"Clash+1","floor":18}],"player_experience":14860,"relics_obtained":[{"floor":6,"key":"Strawberry"},{"floor":9,"key":"Orichalcum"},{"floor":10,"key":"Bag of Preparation"}],"event_choices":[{"damage_healed":0,"gold_gain":0,"player_choice":"Ignored","damage_taken":0,"max_hp_gain":0,"max_hp_loss":0,"event_name":"Golden Wing","floor":2,"gold_loss":0},{"damage_healed":0,"gold_gain":0,"player_choice":"Take Wound","damage_taken":0,"relics_obtained":["Golden Idol"],"max_hp_gain":0,"max_hp_loss":0,"event_name":"Golden Idol","floor":3,"gold_loss":0,"cards_obtained":["Injury"]},{"damage_healed":0,"gold_gain":0,"player_choice":"Leave","damage_taken":0,"max_hp_gain":0,"max_hp_loss":0,"event_name":"The Cleric","floor":4,"gold_loss":0},{"damage_healed":0,"gold_gain":0,"player_choice":"Ignored","damage_taken":0,"max_hp_gain":0,"max_hp_loss":0,"event_name":"Shining Light","floor":11,"gold_loss":0},{"damage_healed":0,"gold_gain":0,"player_choice":"Fight","damage_taken":0,"max_hp_gain":0,"max_hp_loss":0,"event_name":"Colosseum","floor":19,"gold_loss":0},{"damage_healed":0,"gold_gain":0,"player_choice":"Fought Nobs","damage_taken":0,"max_hp_gain":0,"max_hp_loss":0,"event_name":"Colosseum","floor":19,"gold_loss":0}],"is_beta":false,"boss_relics":[{"not_picked":["Calling Bell","Runic Dome"],"picked":"Eternal Feather"}],"items_purged_floors":[],"is_endless":false,"potions_floor_spawned":[6,12],"killed_by":"Colosseum Nobs","ascension_level":0}