{"gold_per_floor":[116,191,26,26,26,26,36,36,107,22,38,71,51,67,67,145,145,159,178,49,66,66],"floor_reached":22,"playtime":505,"items_purged":["Strike_B"],"score":368,"play_id":"921faa22-062c-4b58-92a8-a5fef907305c","local_time":"20190817224004","is_ascension_mode":true,"campfire_choices":[{"data":"Sunder","floor":6.0,"key":"SMITH"},{"data":"Defragment","floor":8.0,"key":"SMITH"},{"data":"Zap","floor":15.0,"key":"SMITH"}],"neow_cost":"TEN_PERCENT_HP_LOSS","seed_source_timestamp":1747535746334634,"circlet_count":0,"master_deck":["AscendersBane","Strike_B","Strike_B","Strike_B","Defend_B","Defend_B","Defend_B","Defend_B","Zap+1","Dualcast","Ball Lightning","Defragment+1","Sunder+1","Loop","Heatsinks","Coolheaded","Electrodynamics","Amplify","Redo+1","Turbo","Skim"],"special_seed":0,"relics":["Cracked Core","Nunchaku","Mango","Mercury Hourglass","Strawberry","Coffee Dripper"],"potions_floor_usage":[21,21],"damage_taken":[{"damage":5.0,"enemies":"Small Slimes","floor":1.0,"turns":3.0},{"damage":2.0,"enemies":"Jaw Worm","floor":7.0,"turns":3.0},{"damage":1.0,"enemies":"Cultist","floor":11.0,"turns":3.0},{"damage":8.0,"enemies":"3 Sentries","floor":12.0,"turns":5.0},{"damage":4.0,"enemies":"2 Fungi Beasts","floor":14.0,"turns":2.0},{"damage":13.0,"enemies":"The Guardian","floor":16.0,"turns":8.0},{"damage":22,"enemies":"2 Thieves","floor":18,"turns":2},{"damage":29,"enemies":"3 Byrds","floor":19,"turns":4},{"damage":12,"enemies":"Centurion and Healer","floor":21,"turns":3},{"damage":0,"enemies":"3 Cultists","floor":22,"turns":2}],"seed_played":"9163487729532078589","potions_obtained":[{"floor":1.0,"key":"SteroidPotion"},{"floor":7.0,"key":"SpeedPotion"},{"floor":13.0,"key":"AttackPotion"},{"floor":19,"key":"FocusPotion"}],"is_trial":false,"path_per_floor":["M","?","$","?","T","R","M","R","T","$","M","E","?","M","R","B",null,"M","M","$","M","M"],"character_chosen":"DEFECT","items_purchased":["Defragment","Sunder","Heatsinks","Swift Potion"],"campfire_rested":0,"item_purchase_floors":[3,3,10,20],"current_hp_per_floor":[59,48,48,64,78,78,76,76,76,76,75,74,74,70,70,57,78,56,27,27,15,15],"gold":66,"neow_bonus":"ONE_RARE_RELIC","is_prod":false,"is_daily":false,"chose_seed":false,"campfire_upgraded":3,"win_rate":0,"timestamp":1566052804,"path_taken":["M","?","$","?","?","R","M","R","T","?","?","E","?","M","R","BOSS","M","M","$","M","M"],"build_version":"2019-07-17","purchased_purges":1,"victory":false,"max_hp_per_floor":[64,64,64,64,78,78,78,78,78,78,78,85,85,85,85,85,85,85,85,85,85,85],"card_choices":[{"not_picked":["Blizzard","Cold Snap"],"picked":"Ball Lightning","floor":1.0},{"not_picked":["Stack","FTL"],"picked":"Loop","floor":7.0},{"not_picked":["Redo","Hello World"],"picked":"Coolheaded","floor":11.0},{"not_picked":["Gash","Capacitor","Steam"],"picked":"SKIP","floor":12.0},{"not_picked":["Streamline","FTL"],"picked":"Electrodynamics","floor":14.0},{"not_picked":["Multi-Cast","Echo Form"],"picked":"Amplify","floor":16.0},{"not_picked":["Go for the Eyes","Ball Lightning"],"picked":"Redo+1","floor":18},{"not_picked":["Rebound","Streamline"],"picked":"Turbo","floor":19},{"not_picked":["Steam","Cold Snap"],"picked":"Skim","floor":21}],"player_experience":2192607,"relics_obtained":[{"floor":5.0,"key":"Mango"},{"floor":9.0,"key":"Mercury Hourglass"},{"floor":12.0,"key":"Strawberry"}],"event_choices":[{"damage_healed":0.0,"max_hp_gain":0.0,"max_hp_loss":0.0,"gold_gain":75.0,"event_name":"World of Goop","player_choice":"Gather Gold","floor":2.0,"gold_loss":0.0,"damage_taken":11.0},{"damage_healed":21.0,"max_hp_gain":0.0,"max_hp_loss":0.0,"gold_gain":0.0,"event_name":"Big Fish","player_choice":"Banana","floor":4.0,"gold_loss":0.0,"damage_taken":0.0},{"damage_healed":0.0,"max_hp_gain":0.0,"max_hp_loss":0.0,"gold_gain":0.0,"event_name":"The Woman in Blue","player_choice":"Bought 1 Potion","floor":13.0,"gold_loss":0.0,"damage_taken":0.0}],"is_beta":false,"boss_relics":[{"not_picked":["Philosopher\u0027s Stone","Tiny House"],"picked":"Coffee Dripper"}],"items_purged_floors":[20],"is_endless":false,"potions_floor_spawned":[1,7,14,19],"killed_by":"3 Cultists","ascension_level":20}