{"gold_per_floor":[115,130,150,163,183,183,211,211,236,268,268,281,297,297,297,422,422,436,456,231,231,245,309,309],"floor_reached":24,"playtime":4708,"items_purged":[],"score":253,"play_id":"e8e74f63-8a18-40c5-a5ad-d818eec4481b","local_time":"20190814231548","is_ascension_mode":true,"campfire_choices":[{"floor":6,"key":"REST"},{"data":"Catalyst","floor":15,"key":"SMITH"}],"neow_cost":"NONE","seed_source_timestamp":99770937984535,"circlet_count":0,"master_deck":["Strike_G","Strike_G","Strike_G","Strike_G+1","Defend_G","Defend_G","Defend_G","Defend_G","Defend_G","Survivor","Neutralize","Choke","Backflip","Catalyst+1","Flying Knee","Dagger Spray","Footwork","Deadly Poison","Endless Agony","Bane","Wraith Form v2","Dagger Throw+1","Poisoned Stab+1","Noxious Fumes","Glass Knife","Good Instincts","PiercingWail","Accuracy","Dagger Spray","Flechettes+1"],"relics":["Ring of the Snake","Centennial Puzzle","Anchor","Oddly Smooth Stone","Golden Idol","Empty Cage","Whetstone","Tiny Chest"],"potions_floor_usage":[5,7,18,23,23],"damage_taken":[{"damage":1,"enemies":"Cultist","floor":1,"turns":4},{"damage":1,"enemies":"2 Louse","floor":2,"turns":2},{"damage":2,"enemies":"Jaw Worm","floor":3,"turns":5},{"damage":7,"enemies":"Blue Slaver","floor":4,"turns":5},{"damage":8,"enemies":"Large Slime","floor":5,"turns":6},{"damage":18,"enemies":"Lagavulin","floor":7,"turns":6},{"damage":13,"enemies":"3 Sentries","floor":10,"turns":8},{"damage":0,"enemies":"Red Slaver","floor":12,"turns":3},{"damage":2,"enemies":"Looter","floor":13,"turns":3},{"damage":54,"enemies":"The Guardian","floor":16,"turns":11},{"damage":19,"enemies":"Shell Parasite","floor":18,"turns":7},{"damage":10,"enemies":"3 Byrds","floor":19,"turns":6},{"damage":14,"enemies":"Snake Plant","floor":22,"turns":3},{"damage":27,"enemies":"Book of Stabbing","floor":23,"turns":5},{"damage":33,"enemies":"Shelled Parasite and Fungi","floor":24,"turns":3}],"seed_played":"8311476678626225239","potions_obtained":[{"floor":1,"key":"Poison Potion"},{"floor":4,"key":"Poison Potion"},{"floor":7,"key":"Energy Potion"},{"floor":16,"key":"Fire Potion"},{"floor":19,"key":"Swift Potion"}],"is_trial":false,"path_per_floor":["M","M","M","M","M","R","E","?","T","E","?","M","M","?","R","B",null,"M","M","$","?","M","E","M"],"character_chosen":"THE_SILENT","items_purchased":["Whetstone","Noxious Fumes"],"campfire_rested":1,"item_purchase_floors":[20,20],"current_hp_per_floor":[76,75,73,66,58,77,59,59,59,46,46,46,44,69,69,15,77,58,48,48,48,34,7,0],"gold":309,"neow_bonus":"TEN_PERCENT_HP_BONUS","is_prod":false,"is_daily":false,"chose_seed":false,"campfire_upgraded":1,"win_rate":0,"timestamp":1565842548,"path_taken":["M","M","M","M","M","R","E","?","T","E","?","M","?","?","R","BOSS","M","M","$","?","M","E","?"],"build_version":"2019-07-17","purchased_purges":0,"victory":false,"max_hp_per_floor":[77,77,77,77,77,77,77,77,77,77,77,77,77,77,77,77,77,77,77,77,77,77,77,77],"card_choices":[{"not_picked":["Concentrate","Outmaneuver"],"picked":"Choke","floor":1},{"not_picked":["Skewer","Acrobatics"],"picked":"Backflip","floor":2},{"not_picked":["Dagger Throw","Predator"],"picked":"Catalyst","floor":3},{"not_picked":["Blade Dance","Quick Slash"],"picked":"Flying Knee","floor":4},{"not_picked":["Reflex","Predator"],"picked":"Dagger Spray","floor":5},{"not_picked":["Blade Dance","Poisoned Stab"],"picked":"Footwork","floor":7},{"not_picked":["Cloak And Dagger","Underhanded Strike"],"picked":"Deadly Poison","floor":10},{"not_picked":["Flechettes","Tools of the Trade"],"picked":"Endless Agony","floor":12},{"not_picked":["Dagger Throw","Acrobatics"],"picked":"Bane","floor":13},{"not_picked":["Night Terror","Bullet Time"],"picked":"Wraith Form v2","floor":16},{"not_picked":["Acrobatics+1","Escape Plan"],"picked":"Dagger Throw+1","floor":18},{"not_picked":["Well Laid Plans+1","Heel Hook"],"picked":"Poisoned Stab","floor":19},{"not_picked":["Slice","Dodge and Roll"],"picked":"Dagger Spray","floor":22},{"not_picked":["Wraith Form v2","PiercingWail"],"picked":"Flechettes+1","floor":23}],"player_experience":303445,"relics_obtained":[{"floor":7,"key":"Centennial Puzzle"},{"floor":9,"key":"Anchor"},{"floor":10,"key":"Oddly Smooth Stone"},{"floor":23,"key":"Tiny Chest"}],"event_choices":[{"damage_healed":0,"gold_gain":0,"player_choice":"Ignored","damage_taken":0,"max_hp_gain":0,"max_hp_loss":0,"event_name":"Shining Light","floor":8,"gold_loss":0},{"damage_healed":0,"gold_gain":0,"player_choice":"Take Wound","damage_taken":0,"relics_obtained":["Golden Idol"],"max_hp_gain":0,"max_hp_loss":0,"event_name":"Golden Idol","floor":11,"gold_loss":0,"cards_obtained":["Injury"]},{"damage_healed":25,"gold_gain":0,"player_choice":"Banana","damage_taken":0,"max_hp_gain":0,"max_hp_loss":0,"event_name":"Big Fish","floor":14,"gold_loss":0},{"damage_healed":0,"gold_gain":0,"player_choice":"4 cards matched","damage_taken":0,"max_hp_gain":0,"max_hp_loss":0,"event_name":"Match and Keep!","floor":21,"gold_loss":0,"cards_obtained":["Glass Knife","Good Instincts","PiercingWail","Accuracy"]}],"is_beta":false,"boss_relics":[{"not_picked":["Runic Dome","Philosopher\u0027s Stone"],"picked":"Empty Cage"}],"items_purged_floors":[],"is_endless":false,"potions_floor_spawned":[1,4,7,16,19],"killed_by":"Shelled Parasite and Fungi","ascension_level":2}