{"gold_per_floor":[110,110,125,138,149,178,178,210,210,225,225,225],"floor_reached":12,"playtime":425,"items_purged":[],"score":180,"play_id":"9c8d4d15-612a-4706-aaba-64e53d2218f4","local_time":"20190702204130","is_ascension_mode":true,"campfire_choices":[{"floor":7.0,"key":"REST"},{"data":"Go for the Eyes","floor":11,"key":"SMITH"}],"neow_cost":"NONE","seed_source_timestamp":96629715271200,"circlet_count":0,"master_deck":["AscendersBane","Strike_B","Strike_B","Strike_B","Strike_B","Defend_B","Defend_B","Defend_B","Defend_B","Zap+1","Dualcast","Conserve Battery","Sweeping Beam","Steam","Coolheaded","Go for the Eyes+1","Auto Shields","Ball Lightning"],"special_seed":0,"relics":["Cracked Core","NeowsBlessing","Bag of Marbles","Peace Pipe","Meat on the Bone"],"potions_floor_usage":[8,12,12],"damage_taken":[{"damage":0.0,"enemies":"Cultist","floor":1.0,"turns":1.0},{"damage":0.0,"enemies":"Small Slimes","floor":3.0,"turns":1.0},{"damage":0.0,"enemies":"Jaw Worm","floor":4.0,"turns":1.0},{"damage":8.0,"enemies":"Red Slaver","floor":5.0,"turns":3.0},{"damage":20.0,"enemies":"3 Sentries","floor":6.0,"turns":9.0},{"damage":52,"enemies":"Gremlin Nob","floor":8,"turns":5},{"damage":0,"enemies":"Blue Slaver","floor":10,"turns":3},{"damage":17,"enemies":"Lagavulin","floor":12,"turns":6}],"seed_played":"-5848461701009864197","potions_obtained":[{"floor":4.0,"key":"Block Potion"},{"floor":6.0,"key":"Weak Potion"},{"floor":8,"key":"EssenceOfSteel"}],"is_trial":false,"path_per_floor":["M","?","M","M","M","E","R","E","T","M","R","E"],"character_chosen":"DEFECT","items_purchased":[],"campfire_rested":1,"item_purchase_floors":[],"current_hp_per_floor":[64,64,64,64,56,36,57,5,5,17,17,0],"gold":225,"neow_bonus":"THREE_ENEMY_KILL","is_prod":false,"is_daily":false,"chose_seed":false,"campfire_upgraded":1,"win_rate":0,"timestamp":1562121690,"path_taken":["M","?","?","M","M","E","R","E","T","M","R","E"],"build_version":"2019-06-30","purchased_purges":0,"victory":false,"max_hp_per_floor":[71,71,71,71,71,71,71,71,71,71,71,71],"card_choices":[{"not_picked":["Turbo","Darkness"],"picked":"Conserve Battery","floor":1.0},{"not_picked":["Lockon","Gash"],"picked":"Sweeping Beam","floor":3.0},{"not_picked":["Rebound","Barrage"],"picked":"Steam","floor":4.0},{"not_picked":["Rip and Tear","Beam Cell"],"picked":"Coolheaded","floor":5.0},{"not_picked":["Fusion","Stack"],"picked":"Go for the Eyes","floor":6.0},{"not_picked":["Undo","Reinforced Body"],"picked":"Auto Shields","floor":8},{"not_picked":["Fusion","Redo"],"picked":"Ball Lightning","floor":10}],"player_experience":825759,"relics_obtained":[{"floor":6.0,"key":"Bag of Marbles"},{"floor":8,"key":"Peace Pipe"},{"floor":9,"key":"Meat on the Bone"}],"event_choices":[{"damage_healed":0.0,"max_hp_gain":0.0,"max_hp_loss":0.0,"gold_gain":0.0,"event_name":"Upgrade Shrine","player_choice":"Upgraded","floor":2.0,"gold_loss":0.0,"damage_taken":0.0,"cards_upgraded":["Zap"]}],"is_beta":true,"boss_relics":[],"items_purged_floors":[],"is_endless":false,"potions_floor_spawned":[4,6,8],"killed_by":"Lagavulin","ascension_level":20}