{"gold_per_floor":[113,113,113,33,33,33,67,82,82,98,21,32,66,86,86,164,164,183,195,395,405,415,284,284,104,104,104,123,123,123,133,133,206,256,267,280,170,45,55,90,90,90,90,90,124,134,134,134,134,134,134,134,134,55,87,87],"floor_reached":57,"playtime":3223,"items_purged":["Strike_B","Strike_B","Strike_B"],"score":2715,"play_id":"38d0172a-a495-4a60-b98d-1afa7a8b3b78","local_time":"20190825181209","is_ascension_mode":true,"campfire_choices":[{"data":"Zap","floor":6.0,"key":"SMITH"},{"data":"Fusion","floor":15.0,"key":"SMITH"},{"data":"Recycle","floor":24.0,"key":"SMITH"},{"data":"Dualcast","floor":32.0,"key":"SMITH"},{"data":"Blizzard","floor":41.0,"key":"SMITH"},{"data":"Coolheaded","floor":44.0,"key":"SMITH"},{"floor":47.0,"key":"RECALL"},{"data":"Multi-Cast","floor":49.0,"key":"SMITH"},{"data":"Undo","floor":53.0,"key":"SMITH"}],"neow_cost":"PERCENT_DAMAGE","seed_source_timestamp":2418357737705547,"circlet_count":0,"master_deck":["AscendersBane","Defend_B","Defend_B","Defend_B","Zap+1","Dualcast+1","Electrodynamics","Chill","Compile Driver","Self Repair","Steam","Heatsinks+1","Seek+1","Fusion+1","Ball Lightning","Biased Cognition+1","Recycle+1","Coolheaded+1","Turbo+1","Skim+1","Undo+1","Blizzard+1","Force Field+1","Multi-Cast+1","Glacier","Turbo+1","Compile Driver","Undo+1"],"special_seed":0,"relics":["Cracked Core","Unceasing Top","Thread and Needle","Mercury Hourglass","Coffee Dripper","Dodecahedron","WarpedTongs","Tiny House","Art of War","FossilizedHelix","Bottled Lightning","Bag of Preparation"],"potions_floor_usage":[56],"damage_taken":[{"damage":0.0,"enemies":"Cultist","floor":1.0,"turns":3.0},{"damage":59.0,"enemies":"Gremlin Nob","floor":7.0,"turns":5.0},{"damage":0.0,"enemies":"Small Slimes","floor":8.0,"turns":3.0},{"damage":1.0,"enemies":"2 Louse","floor":10.0,"turns":2.0},{"damage":0.0,"enemies":"Blue Slaver","floor":12.0,"turns":4.0},{"damage":6.0,"enemies":"Lagavulin","floor":13.0,"turns":7.0},{"damage":0.0,"enemies":"3 Louse","floor":14.0,"turns":3.0},{"damage":13.0,"enemies":"The Guardian","floor":16.0,"turns":9.0},{"damage":0.0,"enemies":"Spheric Guardian","floor":18.0,"turns":3.0},{"damage":18.0,"enemies":"Chosen","floor":19.0,"turns":4.0},{"damage":18.0,"enemies":"Centurion and Healer","floor":21.0,"turns":7.0},{"damage":6.0,"enemies":"Cultist and Chosen","floor":22.0,"turns":5.0},{"damage":3.0,"enemies":"Shelled Parasite and Fungi","floor":28.0,"turns":5.0},{"damage":1.0,"enemies":"Snecko","floor":31.0,"turns":4.0},{"damage":1.0,"enemies":"Champ","floor":33.0,"turns":9.0},{"damage":7.0,"enemies":"3 Darklings","floor":35.0,"turns":3.0},{"damage":0.0,"enemies":"3 Shapes","floor":36.0,"turns":2.0},{"damage":3.0,"enemies":"Transient","floor":39.0,"turns":6.0},{"damage":6.0,"enemies":"Reptomancer","floor":40.0,"turns":7.0},{"damage":1.0,"enemies":"Nemesis","floor":45.0,"turns":7.0},{"damage":0.0,"enemies":"Spire Growth","floor":46.0,"turns":4.0},{"damage":23.0,"enemies":"Donu and Deca","floor":50.0,"turns":10.0},{"damage":17.0,"enemies":"Awakened One","floor":51.0,"turns":11.0},{"damage":30.0,"enemies":"Shield and Spear","floor":55.0,"turns":6.0},{"damage":42,"enemies":"The Heart","floor":56,"turns":12}],"seed_played":"6411033584208361092","potions_obtained":[{"floor":7.0,"key":"Swift Potion"},{"floor":8.0,"key":"FocusPotion"},{"floor":13.0,"key":"AttackPotion"},{"floor":21.0,"key":"Explosive Potion"},{"floor":31.0,"key":"Block Potion"},{"floor":33.0,"key":"Ancient Potion"},{"floor":40.0,"key":"AttackPotion"},{"floor":45.0,"key":"FearPotion"}],"is_trial":false,"path_per_floor":["M","T","?","$","?","R","E","M","T","M","$","M","E","M","R","B",null,"M","M","?","M","M","$","R","$","T","?","M","?","?","M","R","B",null,"M","M","?","$","M","E","R","$","T","R","E","M","R","?","R","B","B",null,"R","$","E","B",null],"character_chosen":"DEFECT","items_purchased":["Chill","Heatsinks","Fire Potion","Undo","Ancient Potion"],"campfire_rested":0,"item_purchase_floors":[4,11,23,25,54],"current_hp_per_floor":[46,46,69,69,62,62,3,3,3,9,9,16,17,24,24,18,58,58,47,47,36,37,37,37,37,37,37,41,41,41,50,50,56,72,72,72,72,72,76,76,76,76,76,76,76,76,76,76,76,60,50,70,70,70,47,12],"gold":87,"neow_bonus":"THREE_RARE_CARDS","is_prod":false,"is_daily":false,"chose_seed":false,"campfire_upgraded":8,"win_rate":0,"timestamp":1566727929,"path_taken":["M","?","?","$","?","R","E","M","T","?","$","M","E","M","R","BOSS","M","M","?","M","?","$","R","$","T","?","?","?","?","M","R","BOSS","M","?","?","$","M","E","R","$","T","R","E","?","R","?","R","BOSS","BOSS","R","$","E","BOSS"],"build_version":"2019-07-17","purchased_purges":3,"victory":true,"max_hp_per_floor":[71,71,71,71,71,71,71,71,71,71,71,71,71,71,71,71,71,71,71,71,71,71,71,71,71,71,71,71,71,71,71,71,71,76,76,76,76,76,76,76,76,76,76,76,76,76,76,76,76,76,76,76,76,76,76,76],"card_choices":[{"not_picked":["Thunder Strike","Creative AI"],"picked":"Electrodynamics","floor":0.0},{"not_picked":["Streamline","Go for the Eyes","Stack"],"picked":"SKIP","floor":1.0},{"not_picked":["Barrage","Gash"],"picked":"Compile Driver","floor":7.0},{"not_picked":["Cold Snap","Go for the Eyes"],"picked":"Self Repair","floor":8.0},{"not_picked":["Stack","Barrage"],"picked":"Steam","floor":10.0},{"not_picked":["Cold Snap","Beam Cell"],"picked":"Seek","floor":12.0},{"not_picked":["Capacitor","FTL"],"picked":"Fusion","floor":13.0},{"not_picked":["Go for the Eyes","Rebound"],"picked":"Ball Lightning","floor":14.0},{"not_picked":["Multi-Cast","Seek"],"picked":"Biased Cognition","floor":16.0},{"not_picked":["Cold Snap","Leap"],"picked":"Recycle","floor":18.0},{"not_picked":["Turbo","Ball Lightning"],"picked":"Coolheaded","floor":19.0},{"not_picked":["Barrage","Compile Driver"],"picked":"Turbo+1","floor":21.0},{"not_picked":["Chaos","Compile Driver"],"picked":"Skim+1","floor":22.0},{"not_picked":["Barrage","Conserve Battery"],"picked":"Blizzard","floor":28.0},{"not_picked":["Cold Snap","Stack"],"picked":"Force Field+1","floor":31.0},{"not_picked":["Machine Learning","Buffer"],"picked":"Multi-Cast","floor":33.0},{"not_picked":["Leap","Sweeping Beam"],"picked":"Glacier","floor":34.0},{"not_picked":["Steam Power","Ball Lightning","Cold Snap"],"picked":"SKIP","floor":35.0},{"not_picked":["Multi-Cast","Beam Cell+1","Go for the Eyes"],"picked":"SKIP","floor":36.0},{"not_picked":["Undo","Lockon"],"picked":"Turbo+1","floor":39.0},{"not_picked":["Sunder","FTL","Streamline"],"picked":"SKIP","floor":40.0},{"not_picked":["Stack","Barrage+1"],"picked":"Compile Driver","floor":45.0},{"not_picked":["Ball Lightning","Cold Snap","Streamline"],"picked":"SKIP","floor":46.0},{"not_picked":["Streamline+1","Barrage"],"picked":"Undo+1","floor":55.0}],"player_experience":2237083,"relics_obtained":[{"floor":2.0,"key":"Unceasing Top"},{"floor":7.0,"key":"Thread and Needle"},{"floor":13.0,"key":"Mercury Hourglass"},{"floor":26.0,"key":"Dodecahedron"},{"floor":40.0,"key":"Art of War"},{"floor":43.0,"key":"FossilizedHelix"},{"floor":45.0,"key":"Bottled Lightning"},{"floor":55.0,"key":"Bag of Preparation"}],"event_choices":[{"damage_healed":23.0,"max_hp_gain":0.0,"max_hp_loss":0.0,"gold_gain":0.0,"event_name":"Big Fish","player_choice":"Banana","floor":3.0,"gold_loss":0.0,"damage_taken":0.0},{"cards_removed":["Strike_B"],"damage_healed":0.0,"max_hp_gain":0.0,"max_hp_loss":0.0,"gold_gain":0.0,"event_name":"Golden Wing","player_choice":"Card Removal","floor":5.0,"gold_loss":0.0,"damage_taken":7.0},{"damage_healed":0.0,"max_hp_gain":0.0,"max_hp_loss":0.0,"gold_gain":250.0,"event_name":"The Joust","player_choice":"Bet on Owner","floor":20.0,"gold_loss":50.0,"damage_taken":0.0},{"damage_healed":0.0,"max_hp_gain":0.0,"max_hp_loss":0.0,"gold_gain":0.0,"event_name":"Accursed Blacksmith","player_choice":"Rummage","floor":27.0,"gold_loss":0.0,"damage_taken":0.0,"relics_obtained":["WarpedTongs"],"cards_obtained":["Pain"]},{"damage_healed":0.0,"max_hp_gain":0.0,"max_hp_loss":0.0,"gold_gain":0.0,"event_name":"The Mausoleum","player_choice":"Ignored","floor":29.0,"gold_loss":0.0,"damage_taken":0.0},{"damage_healed":0.0,"max_hp_gain":0.0,"max_hp_loss":0.0,"gold_gain":0.0,"event_name":"Upgrade Shrine","player_choice":"Upgraded","floor":30.0,"gold_loss":0.0,"damage_taken":0.0,"cards_upgraded":["Heatsinks"]},{"cards_removed":["Pain"],"damage_healed":0.0,"max_hp_gain":0.0,"max_hp_loss":0.0,"gold_gain":0.0,"event_name":"Designer","player_choice":"Upgrade and Remove","floor":37.0,"gold_loss":110.0,"damage_taken":0.0,"cards_upgraded":["Biased Cognition"]},{"cards_removed":["Defend_B"],"damage_healed":0.0,"max_hp_gain":0.0,"max_hp_loss":0.0,"gold_gain":0.0,"event_name":"Falling","player_choice":"Removed Skill","floor":48.0,"gold_loss":0.0,"damage_taken":0.0}],"is_beta":false,"boss_relics":[{"not_picked":["Inserter","Sozu"],"picked":"Coffee Dripper"},{"not_picked":["Runic Dome","Philosopher\u0027s Stone"],"picked":"Tiny House"}],"items_purged_floors":[23,25,38],"is_endless":false,"potions_floor_spawned":[7,8,13,21,31,33,36,40,45],"ascension_level":20}