{"gold_per_floor":[109,125,125,140,29,29,48,77,103,103,122,122,134,59,59,164,164,179,79,79],"floor_reached":20,"playtime":1315,"items_purged":["Strike_B","Strike_B"],"score":174,"play_id":"e7ba3a52-bc13-408a-9dfb-dd176d730249","local_time":"20190423083014","is_ascension_mode":false,"campfire_choices":[{"data":"Consume","floor":6,"key":"SMITH"},{"floor":12,"key":"REST"},{"data":"Capacitor","floor":15,"key":"SMITH"}],"neow_cost":"NONE","seed_source_timestamp":1372719864062,"circlet_count":0,"master_deck":["Strike_B","Defend_B","Defend_B","Defend_B","Defend_B","Zap","Dualcast+1","Loop","Gash","Capacitor+1","Consume+1","Genetic Algorithm","Genetic Algorithm","Ball Lightning","Ball Lightning"],"relics":["Cracked Core","Regal Pillow","Pen Nib","White Beast Statue"],"potions_floor_usage":[],"damage_taken":[{"damage":0,"enemies":"Small Slimes","floor":1,"turns":3},{"damage":1,"enemies":"Cultist","floor":2,"turns":3},{"damage":3,"enemies":"Jaw Worm","floor":4,"turns":4},{"damage":16,"enemies":"Blue Slaver","floor":7,"turns":4},{"damage":44,"enemies":"Gremlin Nob","floor":8,"turns":5},{"damage":1,"enemies":"Looter","floor":11,"turns":4},{"damage":5,"enemies":"3 Louse","floor":13,"turns":4},{"damage":7,"enemies":"Slime Boss","floor":16,"turns":8},{"damage":30,"enemies":"Chosen","floor":18,"turns":5},{"damage":61,"enemies":"Colosseum Slavers","floor":20,"turns":4}],"seed_played":"4215686381478322069","potions_obtained":[{"floor":4,"key":"Energy Potion"},{"floor":7,"key":"SkillPotion"},{"floor":13,"key":"SkillPotion"},{"floor":18,"key":"Strength Potion"}],"is_trial":false,"path_per_floor":["M","M","?","M","$","R","M","E","T","?","M","R","M","$","R","B",null,"M","$","?"],"character_chosen":"DEFECT","items_purchased":["Capacitor","Consume"],"campfire_rested":1,"item_purchase_floors":[5,5],"current_hp_per_floor":[75,74,74,71,71,71,55,11,11,11,10,47,42,42,42,35,75,45,45,0],"gold":79,"neow_bonus":"UPGRADE_CARD","is_prod":false,"is_daily":false,"chose_seed":false,"campfire_upgraded":2,"win_rate":0.0,"timestamp":1556033414,"path_taken":["M","M","?","?","$","R","M","E","T","?","M","R","M","$","R","BOSS","M","$","?"],"build_version":"2019-01-23","purchased_purges":2,"victory":false,"max_hp_per_floor":[75,75,75,75,75,75,75,75,75,75,75,75,75,75,75,75,75,75,75,75],"card_choices":[{"not_picked":["Turbo","Hello World","Force Field"],"picked":"SKIP","floor":1},{"not_picked":["Streamline","Cold Snap"],"picked":"Loop","floor":2},{"not_picked":["Conserve Battery","Meteor Strike"],"picked":"Gash","floor":4},{"not_picked":["Steam Power","Leap"],"picked":"Genetic Algorithm","floor":7},{"not_picked":["Stack","Coolheaded"],"picked":"Genetic Algorithm","floor":8},{"not_picked":["Genetic Algorithm","FTL","Rebound"],"picked":"SKIP","floor":11},{"not_picked":["Beam Cell","Steam"],"picked":"Ball Lightning","floor":13},{"not_picked":["Coolheaded","Turbo"],"picked":"Ball Lightning","floor":18}],"player_experience":78919,"relics_obtained":[{"floor":8,"key":"Regal Pillow"},{"floor":9,"key":"Pen Nib"}],"event_choices":[{"cards_removed":["Strike_B"],"damage_healed":0,"gold_gain":0,"player_choice":"Offered Basic","damage_taken":0,"max_hp_gain":0,"max_hp_loss":0,"event_name":"Bonfire Elementals","floor":3,"gold_loss":0},{"damage_healed":0,"gold_gain":0,"player_choice":"Ignored","damage_taken":0,"max_hp_gain":0,"max_hp_loss":0,"event_name":"Golden Wing","floor":10,"gold_loss":0},{"damage_healed":0,"gold_gain":0,"player_choice":"Fight","damage_taken":0,"max_hp_gain":0,"max_hp_loss":0,"event_name":"Colosseum","floor":20,"gold_loss":0}],"is_beta":false,"boss_relics":[{"not_picked":["Snecko Eye","Cursed Key"],"picked":"White Beast Statue"}],"items_purged_floors":[14,19],"is_endless":false,"potions_floor_spawned":[4,7,13,18],"killed_by":"Colosseum Slavers","ascension_level":0}