{"gold_per_floor":[111,111,121,121,137,172,172,172,172,195,195,42,55,69,69,174,224,235,85,85,85,98,98,113,113,139,150,177,177,137,157,157,157],"floor_reached":33,"playtime":1883,"items_purged":[],"score":317,"play_id":"3692cb2e-3ec1-400a-8fcd-b1c7ab84250d","local_time":"20190727184208","is_ascension_mode":true,"campfire_choices":[{"floor":7,"key":"REST"},{"data":"Anger","floor":11,"key":"SMITH"},{"floor":15,"key":"REST"},{"floor":23,"key":"REST"},{"floor":29,"key":"REST"},{"floor":32,"key":"REST"}],"neow_cost":"NONE","seed_source_timestamp":1361984409466604,"circlet_count":0,"master_deck":["Strike_R+1","Strike_R","Strike_R","Strike_R","Strike_R","Defend_R+1","Defend_R","Defend_R","Bash","Cleave+1","Anger+1","Sword Boomerang","Uppercut","Armaments","Bludgeon","Iron Wave","Rage","Bludgeon","Anger","Dual Wield","Clash+1","Seeing Red+1","Dropkick+1","Warcry","Twin Strike","Rampage+1","Fire Breathing+1"],"relics":["Burning Blood","NeowsBlessing","Sundial","Dream Catcher","Pear","Smiling Mask","Vajra","Tiny House","Bag of Marbles","Bag of Preparation","Potion Belt"],"potions_floor_usage":[16,16,27,27,28,33,33],"damage_taken":[{"damage":0,"enemies":"2 Louse","floor":1,"turns":1},{"damage":2,"enemies":"Cultist","floor":3,"turns":2},{"damage":0,"enemies":"Jaw Worm","floor":5,"turns":1},{"damage":29,"enemies":"3 Sentries","floor":6,"turns":8},{"damage":18,"enemies":"Lots of Slimes","floor":13,"turns":4},{"damage":8,"enemies":"Looter","floor":14,"turns":2},{"damage":41,"enemies":"Hexaghost","floor":16,"turns":9},{"damage":2,"enemies":"Spheric Guardian","floor":18,"turns":3},{"damage":42,"enemies":"2 Thieves","floor":22,"turns":4},{"damage":0,"enemies":"Snecko","floor":24,"turns":2},{"damage":38,"enemies":"Chosen and Byrds","floor":27,"turns":5},{"damage":27,"enemies":"Slavers","floor":28,"turns":4},{"damage":18,"enemies":"Centurion and Healer","floor":31,"turns":3},{"damage":98,"enemies":"Collector","floor":33,"turns":7}],"seed_played":"-6850652393855470269","potions_obtained":[{"floor":5,"key":"Swift Potion"},{"floor":6,"key":"Weak Potion"},{"floor":13,"key":"FearPotion"},{"floor":17,"key":"Energy Potion"},{"floor":22,"key":"Energy Potion"},{"floor":27,"key":"Dexterity Potion"},{"floor":28,"key":"Ancient Potion"}],"is_trial":false,"path_per_floor":["M","?","M","?","M","E","R","$","T","T","R","$","M","M","R","B",null,"M","$","?","$","M","R","M","$","T","M","E","R","?","M","R","B"],"character_chosen":"IRONCLAD","items_purchased":["Vajra","Bag of Marbles"],"campfire_rested":5,"item_purchase_floors":[12,19],"current_hp_per_floor":[80,80,80,80,80,57,80,80,90,90,90,90,78,76,90,55,95,95,95,95,95,59,87,93,93,93,61,40,68,68,56,84,0],"gold":157,"neow_bonus":"THREE_ENEMY_KILL","is_prod":false,"is_daily":false,"chose_seed":false,"campfire_upgraded":1,"win_rate":0,"timestamp":1564270928,"path_taken":["M","?","M","?","?","E","R","$","T","?","R","?","?","M","R","BOSS","M","$","?","?","M","R","M","$","T","?","E","R","?","M","R","BOSS"],"build_version":"2019-07-17","purchased_purges":0,"victory":false,"max_hp_per_floor":[80,80,80,80,80,80,80,80,90,90,90,90,90,90,90,90,95,95,95,95,95,95,95,95,95,95,95,95,95,95,95,95,95],"card_choices":[{"not_picked":["Clothesline","Sever Soul"],"picked":"Cleave","floor":1},{"not_picked":["Metallicize","Rupture"],"picked":"Anger","floor":3},{"not_picked":["Hemokinesis","Power Through"],"picked":"Sword Boomerang","floor":5},{"not_picked":["Barricade","Infernal Blade"],"picked":"Uppercut","floor":6},{"not_picked":["Havoc","Wild Strike"],"picked":"Armaments","floor":7},{"not_picked":["Power Through","Battle Trance"],"picked":"Bludgeon","floor":13},{"not_picked":["Corruption","Bloodletting"],"picked":"Iron Wave","floor":14},{"not_picked":["True Grit","Flame Barrier"],"picked":"Rage","floor":15},{"not_picked":["Demon Form","Immolate"],"picked":"Bludgeon","floor":16},{"not_picked":["Rage","Disarm"],"picked":"Anger","floor":17},{"not_picked":["Sentinel","Dropkick"],"picked":"Dual Wield","floor":18},{"not_picked":["Spot Weakness","Power Through"],"picked":"Clash+1","floor":22},{"not_picked":["Iron Wave","Twin Strike"],"picked":"Seeing Red+1","floor":23},{"not_picked":["Headbutt","Rage"],"picked":"Dropkick+1","floor":24},{"not_picked":["Shrug It Off","Pummel"],"picked":"Warcry","floor":27},{"not_picked":["Rage","Wild Strike+1"],"picked":"Twin Strike","floor":28},{"not_picked":["True Grit+1","Spot Weakness"],"picked":"Rampage+1","floor":29},{"not_picked":["Dropkick","Feel No Pain"],"picked":"Fire Breathing+1","floor":31}],"player_experience":191274,"relics_obtained":[{"floor":6,"key":"Dream Catcher"},{"floor":9,"key":"Pear"},{"floor":10,"key":"Smiling Mask"},{"floor":26,"key":"Bag of Preparation"},{"floor":28,"key":"Potion Belt"}],"event_choices":[{"damage_healed":0,"gold_gain":0,"player_choice":"Box","damage_taken":0,"relics_obtained":["Sundial"],"max_hp_gain":0,"max_hp_loss":0,"event_name":"Big Fish","floor":2,"gold_loss":0,"cards_obtained":["Regret"]},{"cards_removed":["Regret"],"damage_healed":0,"gold_gain":0,"player_choice":"Purged","damage_taken":0,"max_hp_gain":0,"max_hp_loss":0,"event_name":"Purifier","floor":4,"gold_loss":0},{"cards_removed":["Defend_R"],"damage_healed":0,"gold_gain":0,"player_choice":"Purged","damage_taken":0,"max_hp_gain":0,"max_hp_loss":0,"event_name":"Purifier","floor":20,"gold_loss":0},{"damage_healed":0,"gold_gain":0,"player_choice":"Upgraded Two","damage_taken":0,"max_hp_gain":0,"max_hp_loss":0,"event_name":"Designer","floor":30,"gold_loss":40,"cards_upgraded":["Defend_R","Cleave"]}],"is_beta":false,"boss_relics":[{"not_picked":["Ectoplasm","Runic Pyramid"],"picked":"Tiny House"}],"items_purged_floors":[],"is_endless":false,"potions_floor_spawned":[5,6,13,22,27,28],"killed_by":"Collector","ascension_level":2}