{"gold_per_floor":[109,109,127,144,158,190,209,223,304,304,316,336,350,315,315,413,413,431,431,447,10,26,26,36,65,65,65,65,78,92,110,110,110],"floor_reached":33,"playtime":1933,"items_purged":[],"score":279,"play_id":"1c345f36-579e-4282-92fd-0cf9346b7a2e","local_time":"20190424192931","is_ascension_mode":false,"campfire_choices":[{"floor":10,"key":"REST"},{"floor":15,"key":"REST"},{"data":"Loop","floor":23,"key":"SMITH"},{"floor":27,"key":"REST"},{"floor":32,"key":"REST"}],"neow_cost":"NONE","seed_source_timestamp":34376179689478,"circlet_count":0,"master_deck":["Strike_B","Strike_B","Strike_B+1","Strike_B","Defend_B","Defend_B","Defend_B+1","Defend_B","Zap+1","Dualcast","Sweeping Beam+1","Consume","Ball Lightning+1","Static Discharge","Conserve Battery","Conserve Battery","Ball Lightning","Loop+1","Leap","Self Repair","Storm"],"relics":["Cracked Core","Torii","The Courier","Lizard Tail","MutagenicStrength","Blood Vial","Gremlin Horn","Whetstone","Orichalcum","Blue Candle"],"potions_floor_usage":[31],"damage_taken":[{"damage":3,"enemies":"Jaw Worm","floor":1,"turns":4},{"damage":0,"enemies":"Cultist","floor":3,"turns":3},{"damage":1,"enemies":"2 Louse","floor":4,"turns":2},{"damage":0,"enemies":"2 Fungi Beasts","floor":5,"turns":3},{"damage":31,"enemies":"3 Sentries","floor":6,"turns":4},{"damage":2,"enemies":"Blue Slaver","floor":7,"turns":3},{"damage":10,"enemies":"Looter","floor":8,"turns":2},{"damage":1,"enemies":"Red Slaver","floor":11,"turns":2},{"damage":12,"enemies":"Blue Slaver","floor":12,"turns":2},{"damage":0,"enemies":"2 Fungi Beasts","floor":13,"turns":3},{"damage":39,"enemies":"Hexaghost","floor":16,"turns":7},{"damage":18,"enemies":"Spheric Guardian","floor":18,"turns":4},{"damage":14,"enemies":"Chosen","floor":20,"turns":5},{"damage":17,"enemies":"Snecko","floor":22,"turns":4},{"damage":14,"enemies":"Snake Plant","floor":24,"turns":4},{"damage":27,"enemies":"Book of Stabbing","floor":25,"turns":4},{"damage":16,"enemies":"Cultist and Chosen","floor":28,"turns":6},{"damage":12,"enemies":"Centurion and Healer","floor":29,"turns":6},{"damage":23,"enemies":"Snake Plant","floor":30,"turns":4},{"damage":15,"enemies":"Snecko","floor":31,"turns":4},{"damage":62,"enemies":"Champ","floor":33,"turns":10}],"seed_played":"8763733039872573091","potions_obtained":[{"floor":4,"key":"Ancient Potion"},{"floor":5,"key":"Swift Potion"},{"floor":8,"key":"Energy Potion"},{"floor":22,"key":"LiquidBronze"}],"is_trial":false,"path_per_floor":["M","?","M","M","M","E","M","M","T","R","M","M","M","?","R","B",null,"M","?","M","$","M","R","M","E","T","R","M","M","M","M","R","B"],"character_chosen":"DEFECT","items_purchased":["Blood Vial","Gremlin Horn","Whetstone"],"campfire_rested":4,"item_purchase_floors":[21,21,21],"current_hp_per_floor":[72,57,57,56,56,25,23,13,13,35,34,22,22,40,62,23,75,57,57,43,43,28,28,16,31,31,53,39,36,22,16,38,0],"gold":110,"neow_bonus":"UPGRADE_CARD","is_prod":false,"is_daily":false,"chose_seed":false,"campfire_upgraded":1,"win_rate":0.0,"timestamp":1556159371,"path_taken":["M","?","M","M","M","E","M","M","T","R","M","M","M","?","R","BOSS","M","?","M","$","M","R","M","E","T","R","M","M","M","M","R","BOSS"],"build_version":"2019-01-23","purchased_purges":0,"victory":false,"max_hp_per_floor":[75,75,75,75,75,75,75,75,75,75,75,75,75,75,75,75,75,75,75,75,75,75,75,75,75,75,75,75,75,75,75,75,75],"card_choices":[{"not_picked":["Doom and Gloom","Gash"],"picked":"Sweeping Beam","floor":1},{"not_picked":["Chaos","Steam Power"],"picked":"Consume","floor":3},{"not_picked":["Coolheaded","Scrape","Turbo"],"picked":"SKIP","floor":4},{"not_picked":["Gash","Rebound"],"picked":"Ball Lightning","floor":5},{"not_picked":["Compile Driver","Scrape","Recycle"],"picked":"SKIP","floor":6},{"not_picked":["Hologram","Undo"],"picked":"Static Discharge","floor":7},{"not_picked":["Steam","Reprogram","All For One"],"picked":"SKIP","floor":8},{"not_picked":["Chill","Coolheaded"],"picked":"Conserve Battery","floor":11},{"not_picked":["Chill","Sweeping Beam","Beam Cell"],"picked":"SKIP","floor":12},{"not_picked":["Redo","Reprogram","Coolheaded"],"picked":"SKIP","floor":13},{"not_picked":["Hologram","Blizzard"],"picked":"Conserve Battery","floor":18},{"not_picked":["Coolheaded","Blizzard"],"picked":"Ball Lightning","floor":20},{"not_picked":["Rebound","Genetic Algorithm"],"picked":"Loop","floor":22},{"not_picked":["Sweeping Beam","Turbo"],"picked":"Leap","floor":24},{"not_picked":["Electrodynamics","Cold Snap"],"picked":"Self Repair","floor":25},{"not_picked":["Static Discharge+1","Cold Snap+1","Sweeping Beam"],"picked":"SKIP","floor":28},{"not_picked":["Ball Lightning","Static Discharge","Rebound+1"],"picked":"SKIP","floor":29},{"not_picked":["Steam","Go for the Eyes"],"picked":"Storm","floor":30},{"not_picked":["Redo","Streamline","Beam Cell"],"picked":"SKIP","floor":31}],"player_experience":86491,"relics_obtained":[{"floor":6,"key":"Torii"},{"floor":9,"key":"The Courier"},{"floor":25,"key":"Orichalcum"},{"floor":26,"key":"Blue Candle"}],"event_choices":[{"damage_healed":0,"gold_gain":0,"player_choice":"Entered Light","damage_taken":15,"max_hp_gain":0,"max_hp_loss":0,"event_name":"Shining Light","floor":2,"gold_loss":0,"cards_upgraded":["Defend_B","Strike_B"]},{"damage_healed":18,"gold_gain":0,"player_choice":"Healed","damage_taken":0,"max_hp_gain":0,"max_hp_loss":0,"event_name":"The Cleric","floor":14,"gold_loss":35},{"damage_healed":0,"gold_gain":0,"player_choice":"Inject Mutagens","damage_taken":0,"relics_obtained":["MutagenicStrength"],"max_hp_gain":0,"max_hp_loss":0,"event_name":"Drug Dealer","floor":19,"gold_loss":0}],"is_beta":false,"boss_relics":[{"not_picked":["White Beast Statue","Philosopher\u0027s Stone"],"picked":"Lizard Tail"}],"items_purged_floors":[],"is_endless":false,"potions_floor_spawned":[1,4,5,8,11,22,25,28,30],"killed_by":"Champ","ascension_level":0}