{"gold_per_floor":[112,123,135,151,169,169,182,241,241,241,252,252,262,277,277,381,381,368,368,379,304,304,304],"floor_reached":23,"playtime":4497,"items_purged":["Decay"],"score":240,"play_id":"d441139b-fc77-4639-aa54-5b37474c6c3a","local_time":"20190827193537","is_ascension_mode":true,"campfire_choices":[{"data":"Rampage","floor":6.0,"key":"SMITH"},{"floor":12.0,"key":"REST"},{"floor":15.0,"key":"REST"}],"neow_cost":"NONE","seed_source_timestamp":0,"circlet_count":0,"master_deck":["Strike_R","Strike_R","Strike_R","Strike_R","Defend_R","Defend_R","Defend_R","Defend_R","Bash","Armaments","Rampage+1","Clash","Wild Strike","Clash","Fire Breathing","Pommel Strike","Feed","Reaper","Decay","Injury","Second Wind","Flex","Writhe"],"special_seed":0,"relics":["Burning Blood","Bag of Preparation","Shuriken","Darkstone Periapt","Calling Bell","Dodecahedron","Centennial Puzzle","Shovel","Matryoshka"],"potions_floor_usage":[23],"damage_taken":[{"damage":8.0,"enemies":"Jaw Worm","floor":1.0,"turns":4.0},{"damage":1.0,"enemies":"2 Louse","floor":2.0,"turns":2.0},{"damage":11.0,"enemies":"Cultist","floor":3.0,"turns":4.0},{"damage":5.0,"enemies":"Large Slime","floor":4.0,"turns":6.0},{"damage":5.0,"enemies":"2 Fungi Beasts","floor":5.0,"turns":3.0},{"damage":14.0,"enemies":"Blue Slaver","floor":7.0,"turns":4.0},{"damage":20.0,"enemies":"Gremlin Nob","floor":8.0,"turns":4.0},{"damage":22.0,"enemies":"3 Louse","floor":11.0,"turns":3.0},{"damage":15.0,"enemies":"2 Fungi Beasts","floor":13.0,"turns":3.0},{"damage":0.0,"enemies":"Large Slime","floor":14.0,"turns":3.0},{"damage":59.0,"enemies":"Hexaghost","floor":16.0,"turns":9.0},{"damage":17,"enemies":"2 Thieves","floor":18,"turns":4},{"damage":46,"enemies":"Spheric Guardian","floor":20,"turns":6},{"damage":75,"enemies":"Cultist and Chosen","floor":23,"turns":6}],"seed_played":"6170841234665304203","potions_obtained":[{"floor":1.0,"key":"GamblersBrew"},{"floor":4.0,"key":"Dexterity Potion"},{"floor":11.0,"key":"SteroidPotion"},{"floor":18,"key":"LiquidBronze"}],"is_trial":false,"path_per_floor":["M","M","M","M","M","R","M","?","T","?","M","R","M","M","R","B",null,"M","?","M","$","?","M"],"character_chosen":"IRONCLAD","items_purchased":[],"campfire_rested":2,"item_purchase_floors":[],"current_hp_per_floor":[78,80,75,76,77,77,69,55,55,60,44,69,60,66,85,32,103,92,92,52,52,58,0],"gold":304,"neow_bonus":"RANDOM_COMMON_RELIC","is_prod":false,"is_daily":false,"chose_seed":false,"campfire_upgraded":1,"win_rate":0,"timestamp":1566952537,"path_taken":["M","M","M","M","M","R","M","?","T","?","M","R","M","M","R","BOSS","M","?","M","?","?","M"],"build_version":"2019-07-17","purchased_purges":1,"victory":false,"max_hp_per_floor":[80,80,80,80,80,80,80,80,80,85,85,85,85,85,85,85,103,103,103,103,103,109,109],"card_choices":[{"not_picked":["Seeing Red","Pommel Strike"],"picked":"Armaments","floor":1.0},{"not_picked":["Body Slam","Pommel Strike"],"picked":"Rampage","floor":2.0},{"not_picked":["Heavy Blade","Rampage"],"picked":"Clash","floor":3.0},{"not_picked":["Ghostly Armor","Warcry"],"picked":"Wild Strike","floor":4.0},{"not_picked":["Dual Wield","Pommel Strike"],"picked":"Clash","floor":5.0},{"not_picked":["Uppercut","Metallicize"],"picked":"Fire Breathing","floor":7.0},{"not_picked":["Twin Strike","Shrug It Off"],"picked":"Pommel Strike","floor":8.0},{"not_picked":["True Grit","Reckless Charge"],"picked":"Feed","floor":11.0},{"not_picked":["Body Slam","Spot Weakness","Bloodletting"],"picked":"SKIP","floor":13.0},{"not_picked":["Burning Pact","Havoc","Whirlwind"],"picked":"SKIP","floor":14.0},{"not_picked":["Fiend Fire","Exhume"],"picked":"Reaper","floor":16.0},{"not_picked":["Hemokinesis","Sentinel","Iron Wave"],"picked":"SKIP","floor":18},{"not_picked":["Feel No Pain+1","Sword Boomerang"],"picked":"Flex","floor":20}],"player_experience":351985,"relics_obtained":[{"floor":8.0,"key":"Shuriken"},{"floor":9.0,"key":"Darkstone Periapt"},{"floor":17,"key":"Dodecahedron"},{"floor":17,"key":"Centennial Puzzle"},{"floor":17,"key":"Shovel"}],"event_choices":[{"damage_healed":0.0,"max_hp_gain":0.0,"max_hp_loss":0.0,"gold_gain":0.0,"event_name":"Dead Adventurer","player_choice":"Searched \u00271\u0027 times","floor":8.0,"gold_loss":0.0,"damage_taken":0.0},{"damage_healed":0.0,"max_hp_gain":5.0,"max_hp_loss":0.0,"gold_gain":0.0,"event_name":"Big Fish","player_choice":"Donut","floor":10.0,"gold_loss":0.0,"damage_taken":0.0},{"damage_healed":0,"gold_gain":0,"cards_transformed":["Strike_R"],"player_choice":"Transformed","damage_taken":0,"max_hp_gain":0,"max_hp_loss":0,"event_name":"Transmorgrifier","floor":19,"gold_loss":0,"cards_obtained":["Second Wind"]},{"damage_healed":0,"gold_gain":0,"player_choice":"Opened","damage_taken":0,"relics_obtained":["Matryoshka"],"max_hp_gain":0,"max_hp_loss":0,"event_name":"The Mausoleum","floor":22,"gold_loss":0,"cards_obtained":["Writhe"]}],"is_beta":false,"boss_relics":[{"not_picked":["Tiny House","Empty Cage"],"picked":"Calling Bell"}],"items_purged_floors":[21],"is_endless":false,"potions_floor_spawned":[1,4,11,13,18],"killed_by":"Cultist and Chosen","ascension_level":3}