{"gold_per_floor":[110,35,51,51,74,115,115,139,191,216,216,55,93,108,108,203,203,219,239,239,103,103,103,28,47,47,59,87,124,136,172,184,269,281,308,338,363,375,165,200,200,232,232,257,327,377,395,412,412,412,412,412,412,11,37,37],"floor_reached":57,"playtime":2842,"items_purged":["Strike_B"],"score":3100,"play_id":"96bd5d38-1231-47e7-949c-d4e70cf99401","local_time":"20190823095121","is_ascension_mode":true,"campfire_choices":[{"data":"Zap","floor":7.0,"key":"SMITH"},{"data":"Dualcast","floor":11.0,"key":"SMITH"},{"data":"Loop","floor":15.0,"key":"SMITH"},{"data":"Heatsinks","floor":23.0,"key":"SMITH"},{"data":"Defragment","floor":30.0,"key":"SMITH"},{"data":"Recycle","floor":32.0,"key":"SMITH"},{"floor":49.0,"key":"RECALL"},{"data":"Amplify","floor":53.0,"key":"SMITH"}],"neow_cost":"NONE","seed_source_timestamp":2216290135577125,"circlet_count":0,"master_deck":["AscendersBane","Zap+1","Dualcast+1","Turbo","Ball Lightning","Ball Lightning","Stack","Skim","Loop+1","Multi-Cast","Turbo","Seek","Heatsinks+1","Cold Snap","Beam Cell","Seek","Recycle+1","Cold Snap","Consume+1","Capacitor","Hologram","Chill","Defragment+1","Electrodynamics","White Noise+1","Reinforced Body+1","Coolheaded+1","Amplify+1","Loop","Compile Driver","Heatsinks","Skim","Conserve Battery+1","Buffer","Loop","Go for the Eyes+1"],"special_seed":0,"relics":["Cracked Core","NeowsBlessing","Bloody Idol","Cables","Blood Vial","Odd Mushroom","Centennial Puzzle","Pandora\u0027s Box","MawBank","Red Mask","Coffee Dripper","Happy Flower","SsserpentHead","Meat on the Bone","Bottled Flame","Sundial","Pocketwatch","Oddly Smooth Stone"],"potions_floor_usage":[56,56,56,56],"damage_taken":[{"damage":0.0,"enemies":"Small Slimes","floor":1.0,"turns":1.0},{"damage":0.0,"enemies":"Jaw Worm","floor":3.0,"turns":1.0},{"damage":0.0,"enemies":"2 Louse","floor":5.0,"turns":1.0},{"damage":11.0,"enemies":"Gremlin Nob","floor":6.0,"turns":3.0},{"damage":6.0,"enemies":"Blue Slaver","floor":8.0,"turns":3.0},{"damage":13.0,"enemies":"The Mushroom Lair","floor":10.0,"turns":4.0},{"damage":21.0,"enemies":"Lagavulin","floor":13.0,"turns":4.0},{"damage":11.0,"enemies":"Large Slime","floor":14.0,"turns":5.0},{"damage":8.0,"enemies":"Hexaghost","floor":16.0,"turns":6.0},{"damage":18.0,"enemies":"3 Byrds","floor":18.0,"turns":2.0},{"damage":0.0,"enemies":"Chosen","floor":19.0,"turns":3.0},{"damage":0.0,"enemies":"Centurion and Healer","floor":25.0,"turns":4.0},{"damage":14.0,"enemies":"Chosen and Byrds","floor":28.0,"turns":4.0},{"damage":5.0,"enemies":"Masked Bandits","floor":29.0,"turns":4.0},{"damage":0.0,"enemies":"Champ","floor":33.0,"turns":10.0},{"damage":0.0,"enemies":"Orb Walker","floor":35.0,"turns":3.0},{"damage":2.0,"enemies":"3 Darklings","floor":36.0,"turns":3.0},{"damage":32.0,"enemies":"Jaw Worm Horde","floor":37.0,"turns":3.0},{"damage":0.0,"enemies":"Giant Head","floor":40.0,"turns":8.0},{"damage":0.0,"enemies":"Reptomancer","floor":42.0,"turns":4.0},{"damage":8.0,"enemies":"Nemesis","floor":44.0,"turns":7.0},{"damage":0.0,"enemies":"Transient","floor":45.0,"turns":6.0},{"damage":16.0,"enemies":"3 Darklings","floor":47.0,"turns":2.0},{"damage":0.0,"enemies":"Maw","floor":48.0,"turns":6.0},{"damage":20.0,"enemies":"Donu and Deca","floor":50.0,"turns":8.0},{"damage":0.0,"enemies":"Awakened One","floor":51.0,"turns":12.0},{"damage":0.0,"enemies":"Shield and Spear","floor":55.0,"turns":5.0},{"damage":37,"enemies":"The Heart","floor":56,"turns":15}],"seed_played":"-1971657202240720627","potions_obtained":[{"floor":1.0,"key":"FocusPotion"},{"floor":3.0,"key":"PowerPotion"},{"floor":13.0,"key":"EssenceOfSteel"},{"floor":14.0,"key":"PowerPotion"},{"floor":16.0,"key":"PowerPotion"},{"floor":19.0,"key":"AttackPotion"},{"floor":29.0,"key":"Dexterity Potion"},{"floor":46.0,"key":"EntropicBrew"},{"floor":55.0,"key":"SpeedPotion"}],"is_trial":false,"path_per_floor":["M","?","M","?","M","E","R","M","T","?","R","$","E","M","R","B",null,"M","M","?","$","?","R","?","M","T","?","M","?","R","T","R","B",null,"M","M","M","?","$","E","?","E","T","E","M","?","M","M","R","B","B",null,"R","$","E","B",null],"character_chosen":"DEFECT","items_purchased":["Loop","Capacitor","Hologram","Amplify","Loop","Swift Potion","Pocketwatch","Energy Potion"],"campfire_rested":0,"item_purchase_floors":[12,21,21,39,39,39,54,54],"current_hp_per_floor":[64,64,64,64,64,53,53,47,47,36,36,36,17,8,8,2,49,33,35,35,35,35,35,35,42,42,47,45,52,57,64,64,64,64,64,64,37,42,47,54,54,61,61,58,61,61,50,57,57,39,41,56,56,56,61,36],"gold":37,"neow_bonus":"THREE_ENEMY_KILL","is_prod":false,"is_daily":false,"chose_seed":false,"campfire_upgraded":7,"win_rate":0,"timestamp":1566525081,"path_taken":["M","?","M","?","M","E","R","M","T","?","R","?","E","M","R","BOSS","M","M","?","$","?","R","?","M","T","?","?","?","R","?","R","BOSS","M","?","M","?","$","E","?","E","T","E","?","?","M","M","R","BOSS","BOSS","R","$","E","BOSS"],"build_version":"2019-07-17","purchased_purges":1,"victory":true,"max_hp_per_floor":[71,71,71,64,64,64,64,64,64,64,64,64,64,64,64,64,64,64,64,64,64,64,64,64,64,64,64,64,64,64,64,64,64,64,64,64,64,61,61,61,61,61,61,61,61,61,61,61,61,61,61,61,61,61,61,61],"card_choices":[{"not_picked":["Storm","Loop"],"picked":"Turbo","floor":1.0},{"not_picked":["Double Energy","Sweeping Beam"],"picked":"Ball Lightning","floor":3.0},{"not_picked":["Hello World","Barrage"],"picked":"Ball Lightning","floor":5.0},{"not_picked":["Turbo","Scrape","Streamline"],"picked":"SKIP","floor":6.0},{"not_picked":["Barrage","Doom and Gloom"],"picked":"Stack","floor":8.0},{"not_picked":["Leap","Compile Driver"],"picked":"Skim","floor":10.0},{"not_picked":["Stack","BootSequence"],"picked":"Multi-Cast","floor":13.0},{"not_picked":["Redo","Beam Cell"],"picked":"Turbo","floor":14.0},{"not_picked":["Buffer","Thunder Strike"],"picked":"Seek","floor":16.0},{"not_picked":["Gash","Steam Power"],"picked":"Cold Snap","floor":18.0},{"not_picked":["Turbo","Ball Lightning"],"picked":"Consume+1","floor":19.0},{"not_picked":["Streamline+1","Sweeping Beam","Steam Power"],"picked":"SKIP","floor":25.0},{"not_picked":["Gash","Consume"],"picked":"Chill","floor":28.0},{"not_picked":["Go for the Eyes+1","Streamline"],"picked":"Defragment","floor":29.0},{"not_picked":["Rainbow","Multi-Cast"],"picked":"Electrodynamics","floor":33.0},{"not_picked":["Steam","Stack"],"picked":"White Noise+1","floor":35.0},{"not_picked":["Coolheaded","Darkness"],"picked":"Reinforced Body+1","floor":36.0},{"not_picked":["Creative AI","Stack"],"picked":"Coolheaded+1","floor":37.0},{"not_picked":["Ball Lightning","Conserve Battery"],"picked":"Compile Driver","floor":40.0},{"not_picked":["Core Surge","Streamline"],"picked":"Heatsinks","floor":42.0},{"not_picked":["Undo","Creative AI"],"picked":"Skim","floor":44.0},{"not_picked":["Leap","Double Energy"],"picked":"Conserve Battery+1","floor":45.0},{"not_picked":["Compile Driver+1","Beam Cell"],"picked":"Buffer","floor":47.0},{"not_picked":["Cold Snap","Force Field+1"],"picked":"Loop","floor":48.0},{"not_picked":["Steam","Leap"],"picked":"Go for the Eyes+1","floor":55.0}],"player_experience":2229573,"relics_obtained":[{"floor":6.0,"key":"Cables"},{"floor":9.0,"key":"Blood Vial"},{"floor":10.0,"key":"Odd Mushroom"},{"floor":13.0,"key":"Centennial Puzzle"},{"floor":26.0,"key":"MawBank"},{"floor":29.0,"key":"Red Mask"},{"floor":40.0,"key":"Happy Flower"},{"floor":42.0,"key":"Meat on the Bone"},{"floor":43.0,"key":"Bottled Flame"},{"floor":44.0,"key":"Sundial"},{"floor":55.0,"key":"Oddly Smooth Stone"}],"event_choices":[{"cards_removed":["Strike_B"],"damage_healed":0.0,"max_hp_gain":0.0,"max_hp_loss":0.0,"gold_gain":0.0,"event_name":"The Cleric","player_choice":"Card Removal","floor":2.0,"gold_loss":75.0,"damage_taken":0.0},{"damage_healed":0.0,"max_hp_gain":0.0,"max_hp_loss":7.0,"gold_gain":0.0,"event_name":"Golden Idol","player_choice":"Lose Max HP","floor":4.0,"gold_loss":0.0,"damage_taken":0.0,"relics_obtained":["Golden Idol"]},{"damage_healed":0.0,"max_hp_gain":0.0,"max_hp_loss":0.0,"gold_gain":0.0,"event_name":"Mushrooms","player_choice":"Fought Mushrooms","floor":10.0,"gold_loss":0.0,"damage_taken":0.0},{"damage_healed":0.0,"max_hp_gain":0.0,"max_hp_loss":0.0,"gold_gain":0.0,"event_name":"Forgotten Altar","player_choice":"Gave Idol","floor":20.0,"relics_lost":["Golden Idol"],"gold_loss":0.0,"damage_taken":0.0,"relics_obtained":["Bloody Idol"]},{"damage_healed":0.0,"max_hp_gain":0.0,"max_hp_loss":0.0,"gold_gain":0.0,"event_name":"Vampires","player_choice":"Ignored","floor":22.0,"gold_loss":0.0,"damage_taken":0.0},{"cards_removed":["Steam Power"],"damage_healed":0.0,"max_hp_gain":0.0,"max_hp_loss":0.0,"gold_gain":0.0,"event_name":"Beggar","player_choice":"Gave Gold","floor":24.0,"gold_loss":75.0,"damage_taken":0.0},{"damage_healed":0.0,"max_hp_gain":0.0,"max_hp_loss":0.0,"gold_gain":0.0,"event_name":"Cursed Tome","player_choice":"Ignored","floor":27.0,"gold_loss":0.0,"damage_taken":0.0},{"damage_healed":0.0,"max_hp_gain":0.0,"max_hp_loss":0.0,"gold_gain":0.0,"event_name":"Masked Bandits","player_choice":"Fought Bandits","floor":29.0,"gold_loss":0.0,"damage_taken":0.0},{"damage_healed":0.0,"max_hp_gain":0.0,"max_hp_loss":3.0,"gold_gain":0.0,"event_name":"Winding Halls","player_choice":"Max HP","floor":38.0,"gold_loss":0.0,"damage_taken":0.0},{"damage_healed":0.0,"max_hp_gain":0.0,"max_hp_loss":0.0,"gold_gain":0.0,"event_name":"FaceTrader","player_choice":"Trade","floor":41.0,"gold_loss":0.0,"damage_taken":0.0,"relics_obtained":["SsserpentHead"]},{"damage_healed":0.0,"max_hp_gain":0.0,"max_hp_loss":0.0,"gold_gain":0.0,"event_name":"Lab","player_choice":"Got Potions","floor":46.0,"gold_loss":0.0,"damage_taken":0.0}],"is_beta":false,"boss_relics":[{"not_picked":["Orrery","Velvet Choker"],"picked":"Pandora\u0027s Box"},{"not_picked":["FrozenCore","Philosopher\u0027s Stone"],"picked":"Coffee Dripper"}],"items_purged_floors":[12],"is_endless":false,"potions_floor_spawned":[1,3,5,13,14,16,19,25,29,40,44,47,48,55],"ascension_level":20}