{"gold_per_floor":[115,290,305,305,305,305,340,359,359,376,153,153,153,173,173,173],"floor_reached":16,"playtime":1187,"items_purged":["Doubt"],"score":144,"play_id":"6575a486-d294-43bb-a2a0-21cd56e48b7f","local_time":"20190719231808","is_ascension_mode":true,"campfire_choices":[{"data":"Multi-Cast","floor":6,"key":"SMITH"},{"floor":13,"key":"REST"},{"data":"Sweeping Beam","floor":15,"key":"SMITH"}],"neow_cost":"NONE","seed_source_timestamp":688015904619560,"circlet_count":0,"master_deck":["Strike_B","Strike_B","Strike_B","Strike_B+1","Defend_B","Defend_B","Defend_B","Defend_B","Zap","Dualcast","Sweeping Beam+1","FTL","Multi-Cast+1","Compile Driver","Steam","Rebound","Conserve Battery","Gash"],"relics":["Cracked Core","NeowsBlessing","Question Card","Mummified Hand","Lantern","Regal Pillow"],"potions_floor_usage":[16],"damage_taken":[{"damage":0,"enemies":"Cultist","floor":1,"turns":1},{"damage":0,"enemies":"Jaw Worm","floor":3,"turns":1},{"damage":0,"enemies":"Lagavulin","floor":7,"turns":1},{"damage":1,"enemies":"2 Louse","floor":8,"turns":3},{"damage":24,"enemies":"Gremlin Gang","floor":10,"turns":4},{"damage":2,"enemies":"Exordium Wildlife","floor":14,"turns":4},{"damage":76,"enemies":"The Guardian","floor":16,"turns":8}],"seed_played":"-7246061563364663716","potions_obtained":[{"floor":10,"key":"FocusPotion"},{"floor":14,"key":"Dexterity Potion"}],"is_trial":false,"path_per_floor":["M","?","M","?","?","R","E","M","T","M","$","?","R","M","R","B"],"character_chosen":"DEFECT","items_purchased":["Lantern"],"campfire_rested":1,"item_purchase_floors":[11],"current_hp_per_floor":[75,75,75,75,75,75,75,74,74,50,50,43,75,73,73,0],"gold":173,"neow_bonus":"THREE_ENEMY_KILL","is_prod":false,"is_daily":false,"chose_seed":false,"campfire_upgraded":2,"win_rate":0,"timestamp":1563596288,"path_taken":["M","?","M","?","?","R","E","?","T","M","$","?","R","M","R","BOSS"],"build_version":"2019-07-17","purchased_purges":1,"victory":false,"max_hp_per_floor":[75,75,75,75,75,75,75,75,75,75,75,75,75,75,75,75],"card_choices":[{"not_picked":["Stack","Cold Snap"],"picked":"Sweeping Beam","floor":1},{"not_picked":["Reinforced Body","Tempest"],"picked":"FTL","floor":3},{"not_picked":["Force Field","Turbo"],"picked":"Steam","floor":7},{"not_picked":["Multi-Cast","Hologram","BootSequence"],"picked":"Rebound","floor":8},{"not_picked":["Coolheaded","Turbo","Leap"],"picked":"Conserve Battery","floor":10},{"not_picked":["Sweeping Beam","Streamline","Hologram"],"picked":"Gash","floor":14}],"player_experience":170169,"relics_obtained":[{"floor":7,"key":"Question Card"},{"floor":9,"key":"Mummified Hand"}],"event_choices":[{"damage_healed":0,"gold_gain":175,"player_choice":"AGREE","damage_taken":0,"max_hp_gain":0,"max_hp_loss":0,"event_name":"Liars Game","floor":2,"gold_loss":0,"cards_obtained":["Doubt"]},{"damage_healed":0,"gold_gain":0,"player_choice":"Grow","damage_taken":0,"max_hp_gain":0,"max_hp_loss":0,"event_name":"Living Wall","floor":4,"gold_loss":0,"cards_upgraded":["Strike_B"]},{"damage_healed":0,"gold_gain":0,"player_choice":"2 cards matched","damage_taken":0,"max_hp_gain":0,"max_hp_loss":0,"event_name":"Match and Keep!","floor":5,"gold_loss":0,"cards_obtained":["Multi-Cast","Compile Driver"]},{"damage_healed":0,"gold_gain":0,"player_choice":"Success","damage_taken":7,"relics_obtained":["Regal Pillow"],"max_hp_gain":0,"max_hp_loss":0,"event_name":"Scrap Ooze","floor":12,"gold_loss":0}],"is_beta":false,"boss_relics":[],"items_purged_floors":[11],"is_endless":false,"potions_floor_spawned":[10,14],"killed_by":"The Guardian","ascension_level":3}