{"gold_per_floor":[116,116,132,7,24,24,59,69,69,69,87,162,174,186,186,262,262,272,272,0,0,0,0,16,16,64,64,75,94,94,94,94,167,167,183,183,200,75,75,75,75,75,75,75,106,125,135,162,162,162],"floor_reached":50,"playtime":1607,"items_purged":["Strike_B","Strike_B","Strike_B"],"score":1225,"play_id":"ff1823b2-80b4-427a-9b2e-274084d912f3","local_time":"20190815143148","is_ascension_mode":true,"campfire_choices":[{"data":"Zap","floor":6.0,"key":"SMITH"},{"data":"Defragment","floor":10.0,"key":"SMITH"},{"data":"Dualcast","floor":15.0,"key":"SMITH"},{"data":"Recycle","floor":23.0,"key":"SMITH"},{"data":"Heatsinks","floor":30.0,"key":"SMITH"},{"data":"Panacea","floor":32.0,"key":"SMITH"},{"data":"Turbo","floor":40.0,"key":"SMITH"},{"data":"Heatsinks","floor":42.0,"key":"SMITH"},{"data":"Double Energy","floor":44.0,"key":"SMITH"},{"floor":49,"key":"RECALL"}],"neow_cost":"NONE","seed_source_timestamp":1543280232647555,"circlet_count":0,"master_deck":["AscendersBane","Defend_B","Defend_B+1","Defend_B","Zap+1","Dualcast+1","Lockon","Compile Driver","Heatsinks","Defragment+1","Skim","Undo","Turbo+1","Heatsinks+1","Echo Form","Turbo+1","Recycle+1","Panacea+1","Double Energy+1","Heatsinks+1","Hologram","Chill","Multi-Cast","Tempest+1","Loop+1","Core Surge","Heatsinks+1","White Noise"],"special_seed":0,"relics":["Cracked Core","NeowsBlessing","Mango","Bottled Flame","Sundial","Coffee Dripper","Bag of Preparation","War Paint","Ornamental Fan"],"potions_floor_usage":[],"damage_taken":[{"damage":0.0,"enemies":"Small Slimes","floor":1.0,"turns":1.0},{"damage":0.0,"enemies":"Cultist","floor":3.0,"turns":1.0},{"damage":0.0,"enemies":"2 Louse","floor":5.0,"turns":1.0},{"damage":20.0,"enemies":"Lagavulin","floor":7.0,"turns":6.0},{"damage":12.0,"enemies":"Looter","floor":8.0,"turns":3.0},{"damage":3.0,"enemies":"Blue Slaver","floor":11.0,"turns":2.0},{"damage":8.0,"enemies":"3 Louse","floor":13.0,"turns":2.0},{"damage":7.0,"enemies":"2 Fungi Beasts","floor":14.0,"turns":3.0},{"damage":14.0,"enemies":"Hexaghost","floor":16.0,"turns":9.0},{"damage":11.0,"enemies":"Chosen","floor":18.0,"turns":4.0},{"damage":29.0,"enemies":"2 Thieves","floor":24.0,"turns":4.0},{"damage":0.0,"enemies":"Centurion and Healer","floor":28.0,"turns":5.0},{"damage":6.0,"enemies":"Chosen and Byrds","floor":29.0,"turns":4.0},{"damage":0.0,"enemies":"Colosseum Slavers","floor":31.0,"turns":4.0},{"damage":0.0,"enemies":"Collector","floor":33.0,"turns":5.0},{"damage":0.0,"enemies":"Orb Walker","floor":35.0,"turns":4.0},{"damage":10.0,"enemies":"3 Darklings","floor":37.0,"turns":4.0},{"damage":5.0,"enemies":"Nemesis","floor":45.0,"turns":3.0},{"damage":27.0,"enemies":"Writhing Mass","floor":46.0,"turns":2.0},{"damage":0.0,"enemies":"Maw","floor":47.0,"turns":2.0},{"damage":0,"enemies":"Giant Head","floor":48,"turns":3},{"damage":62,"enemies":"Awakened One","floor":50,"turns":3}],"seed_played":"-2330433908996257893","potions_obtained":[{"floor":1.0,"key":"Strength Potion"},{"floor":5.0,"key":"PowerPotion"},{"floor":14.0,"key":"PowerPotion"},{"floor":24.0,"key":"Swift Potion"},{"floor":29.0,"key":"Fire Potion"},{"floor":33.0,"key":"FairyPotion"}],"is_trial":false,"path_per_floor":["M","?","M","$","M","R","E","M","T","R","M","?","M","M","R","B",null,"M","?","$","?","$","R","M","?","T","?","M","M","R","?","R","B",null,"M","?","M","$","$","R","?","R","T","R","E","M","M","E","R","B"],"character_chosen":"DEFECT","items_purchased":["Compile Driver","Recycle","Panacea"],"campfire_rested":0,"item_purchase_floors":[4,20,20],"current_hp_per_floor":[64,78,78,78,78,78,58,46,46,46,43,32,24,17,17,3,65,54,54,54,54,54,54,25,25,25,25,25,19,19,19,19,19,69,69,69,59,59,59,59,59,59,59,59,54,27,27,27,27,0],"gold":162,"neow_bonus":"THREE_ENEMY_KILL","is_prod":false,"is_daily":false,"chose_seed":false,"campfire_upgraded":9,"win_rate":0,"timestamp":1565850708,"path_taken":["M","?","?","$","M","R","E","M","T","R","?","?","M","M","R","BOSS","M","?","$","?","$","R","M","?","T","?","M","M","R","?","R","BOSS","M","?","M","$","?","R","?","R","T","R","E","M","M","E","R","BOSS"],"build_version":"2019-07-17","purchased_purges":3,"victory":false,"max_hp_per_floor":[71,85,85,85,85,85,85,85,85,85,85,85,85,85,85,85,85,85,85,85,85,85,85,85,85,85,85,85,85,85,85,85,85,85,85,85,85,85,85,85,81,81,81,81,81,81,81,81,81,81],"card_choices":[{"not_picked":["Reprogram","Steam","Scrape"],"picked":"SKIP","floor":1.0},{"not_picked":["Stack","Auto Shields"],"picked":"Lockon","floor":3.0},{"not_picked":["Redo","Scrape"],"picked":"Heatsinks","floor":5.0},{"not_picked":["Sweeping Beam","Cold Snap"],"picked":"Defragment","floor":7.0},{"not_picked":["Hologram","Double Energy"],"picked":"Skim","floor":8.0},{"not_picked":["Rebound","Conserve Battery"],"picked":"Undo","floor":11.0},{"not_picked":["Fusion","Static Discharge"],"picked":"Turbo","floor":13.0},{"not_picked":["Hyperbeam","Hologram"],"picked":"Heatsinks","floor":14.0},{"not_picked":["Machine Learning","Hyperbeam"],"picked":"Echo Form","floor":16.0},{"not_picked":["Fusion","Stack"],"picked":"Turbo","floor":18.0},{"not_picked":["Fusion","Go for the Eyes"],"picked":"Double Energy","floor":24.0},{"not_picked":["Streamline","Fission"],"picked":"Hologram","floor":28.0},{"not_picked":["BootSequence+1","Darkness"],"picked":"Chill","floor":29.0},{"not_picked":["Hyperbeam","Reboot"],"picked":"Multi-Cast","floor":33.0},{"not_picked":["Stack+1","Rebound","Doom and Gloom"],"picked":"SKIP","floor":35.0},{"not_picked":["Compile Driver","Barrage"],"picked":"Tempest+1","floor":37.0},{"not_picked":["Self Repair+1","Hologram"],"picked":"Loop+1","floor":45.0},{"not_picked":["Turbo","Leap+1"],"picked":"Core Surge","floor":46.0},{"not_picked":["Aggregate","Beam Cell"],"picked":"Heatsinks+1","floor":47.0},{"not_picked":["Self Repair","Fusion"],"picked":"White Noise","floor":48}],"player_experience":2167428,"relics_obtained":[{"floor":7.0,"key":"Bottled Flame"},{"floor":9.0,"key":"Sundial"},{"floor":26.0,"key":"Bag of Preparation"},{"floor":45.0,"key":"War Paint"},{"floor":48,"key":"Ornamental Fan"}],"event_choices":[{"damage_healed":0.0,"max_hp_gain":0.0,"max_hp_loss":0.0,"gold_gain":0.0,"event_name":"WeMeetAgain","player_choice":"Gave Potion","floor":2.0,"gold_loss":0.0,"damage_taken":0.0,"relics_obtained":["Mango"]},{"damage_healed":0.0,"max_hp_gain":0.0,"max_hp_loss":0.0,"gold_gain":75.0,"event_name":"World of Goop","player_choice":"Gather Gold","floor":12.0,"gold_loss":0.0,"damage_taken":11.0},{"cards_removed":["Strike_B"],"damage_healed":0.0,"max_hp_gain":0.0,"max_hp_loss":0.0,"gold_gain":0.0,"event_name":"Back to Basics","player_choice":"Elegance","floor":19.0,"gold_loss":0.0,"damage_taken":0.0},{"damage_healed":0.0,"max_hp_gain":0.0,"max_hp_loss":0.0,"gold_gain":0.0,"event_name":"The Mausoleum","player_choice":"Ignored","floor":21.0,"gold_loss":0.0,"damage_taken":0.0},{"damage_healed":0.0,"max_hp_gain":0.0,"max_hp_loss":0.0,"gold_gain":0.0,"event_name":"The Library","player_choice":"Read","floor":25.0,"gold_loss":0.0,"damage_taken":0.0,"cards_obtained":["Heatsinks"]},{"damage_healed":0.0,"max_hp_gain":0.0,"max_hp_loss":0.0,"gold_gain":0.0,"event_name":"Colosseum","player_choice":"Fight","floor":31.0,"gold_loss":0.0,"damage_taken":0.0},{"damage_healed":0.0,"max_hp_gain":0.0,"max_hp_loss":0.0,"gold_gain":0.0,"event_name":"Colosseum","player_choice":"Fled From Nobs","floor":31.0,"gold_loss":0.0,"damage_taken":0.0},{"cards_removed":["Defend_B"],"damage_healed":0.0,"max_hp_gain":0.0,"max_hp_loss":0.0,"gold_gain":0.0,"event_name":"Falling","player_choice":"Removed Skill","floor":36.0,"gold_loss":0.0,"damage_taken":0.0},{"damage_healed":0.0,"max_hp_gain":0.0,"max_hp_loss":4.0,"gold_gain":0.0,"event_name":"Winding Halls","player_choice":"Max HP","floor":41.0,"gold_loss":0.0,"damage_taken":0.0}],"is_beta":false,"boss_relics":[{"not_picked":["Inserter","Calling Bell"],"picked":"Coffee Dripper"},{"not_picked":["FrozenCore","Fusion Hammer","Snecko Eye"]}],"items_purged_floors":[4,20,38],"is_endless":false,"potions_floor_spawned":[1,5,14,24,29,31,33,47,48],"killed_by":"Awakened One","ascension_level":20}