{"gold_per_floor":[110,37,37,56,131,163,163,18,42,42,60,60,94,106,106,205,205,221,233,62,62,76,102,102,112,112,112,211,17,37,48,48,48],"floor_reached":33,"playtime":2331,"items_purged":["Strike_B","Zap","Reprogram+1"],"score":275,"play_id":"ed6ac9d0-1ac7-4cad-bd5b-6e7860643473","local_time":"20190508222636","is_ascension_mode":false,"campfire_choices":[{"data":"Defragment","floor":7,"key":"SMITH"},{"floor":10,"key":"REST"},{"data":"Static Discharge","floor":12,"key":"SMITH"},{"floor":15,"key":"REST"},{"floor":24,"key":"REST"},{"data":"Defragment","floor":27,"key":"SMITH"},{"floor":32,"key":"REST"}],"neow_cost":"NONE","seed_source_timestamp":28475170331444,"circlet_count":0,"master_deck":["Defend_B","Defend_B","Dualcast","Turbo","Reinforced Body","Defragment+1","Iron Wave","Ball Lightning","Static Discharge+1","Storm","Capacitor","Thunder Strike","Machine Learning+1","Chill+1","Leap","Sweeping Beam","Melter","Defragment+1","Force Field"],"relics":["Cracked Core","Singing Bowl","Blood Vial","StoneCalendar","Astrolabe","Omamori","Emotion Chip"],"potions_floor_usage":[],"damage_taken":[{"damage":5,"enemies":"Jaw Worm","floor":1,"turns":4},{"damage":1,"enemies":"Cultist","floor":4,"turns":4},{"damage":17,"enemies":"3 Sentries","floor":6,"turns":7},{"damage":0,"enemies":"Small Slimes","floor":11,"turns":4},{"damage":28,"enemies":"Gremlin Nob","floor":13,"turns":4},{"damage":26,"enemies":"Exordium Thugs","floor":14,"turns":3},{"damage":25,"enemies":"Slime Boss","floor":16,"turns":7},{"damage":21,"enemies":"Shell Parasite","floor":18,"turns":6},{"damage":4,"enemies":"Chosen","floor":19,"turns":6},{"damage":9,"enemies":"3 Cultists","floor":22,"turns":5},{"damage":37,"enemies":"Gremlin Leader","floor":23,"turns":7},{"damage":12,"enemies":"Centurion and Healer","floor":25,"turns":7},{"damage":7,"enemies":"Cultist and Chosen","floor":30,"turns":5},{"damage":14,"enemies":"Snake Plant","floor":31,"turns":4},{"damage":62,"enemies":"Collector","floor":33,"turns":5}],"seed_played":"4264882505404826170","potions_obtained":[{"floor":4,"key":"PowerPotion"},{"floor":6,"key":"Strength Potion"},{"floor":11,"key":"SpeedPotion"}],"is_trial":false,"path_per_floor":["M","$","?","M","?","E","R","$","T","R","M","R","E","M","R","B",null,"M","M","$","?","M","E","R","M","T","R","?","$","M","M","R","B"],"character_chosen":"DEFECT","items_purchased":["Defragment","Storm","Melter","Force Field"],"campfire_rested":4,"item_purchase_floors":[2,8,20,29],"current_hp_per_floor":[70,70,70,69,58,41,41,41,41,63,67,67,43,19,42,19,79,58,56,56,56,49,16,40,32,32,32,32,32,29,19,45,0],"gold":48,"neow_bonus":"TRANSFORM_CARD","is_prod":false,"is_daily":false,"chose_seed":false,"campfire_upgraded":3,"win_rate":0,"timestamp":1557379596,"path_taken":["M","$","?","?","?","E","R","$","T","R","M","R","E","M","R","BOSS","M","M","$","?","M","E","R","M","T","R","?","$","M","M","R","BOSS"],"build_version":"2019-01-23","purchased_purges":3,"victory":false,"max_hp_per_floor":[75,75,75,75,75,75,75,75,75,75,77,77,79,79,79,79,79,79,79,79,79,79,81,81,83,83,83,83,83,85,87,87,87],"card_choices":[{"not_picked":["Conserve Battery","Blizzard"],"picked":"Reinforced Body","floor":1},{"not_picked":["Consume","Streamline"],"picked":"Ball Lightning","floor":4},{"not_picked":["Hologram","Chaos"],"picked":"Static Discharge","floor":6},{"not_picked":["Beam Cell","Rebound","Streamline"],"picked":"Singing Bowl","floor":11},{"not_picked":["Compile Driver","Hyperbeam","Hologram"],"picked":"Singing Bowl","floor":13},{"not_picked":["Steam","Skim"],"picked":"Capacitor","floor":14},{"not_picked":["Echo Form","Multi-Cast"],"picked":"Thunder Strike","floor":16},{"not_picked":["Gash","Conserve Battery"],"picked":"Leap","floor":18},{"not_picked":["Consume","Steam"],"picked":"Sweeping Beam","floor":19},{"not_picked":["Double Energy","Streamline"],"picked":"Defragment","floor":22},{"not_picked":["Go for the Eyes","Stack","Sweeping Beam"],"picked":"Singing Bowl","floor":23},{"not_picked":["Redo","Chaos","Stack+1"],"picked":"Singing Bowl","floor":25},{"not_picked":["Recycle","Beam Cell+1","Echo Form"],"picked":"Singing Bowl","floor":30},{"not_picked":["Hologram","Reinforced Body","Chill"],"picked":"Singing Bowl","floor":31}],"player_experience":136201,"relics_obtained":[{"floor":6,"key":"Singing Bowl"},{"floor":9,"key":"Blood Vial"},{"floor":13,"key":"StoneCalendar"},{"floor":23,"key":"Omamori"},{"floor":26,"key":"Emotion Chip"}],"event_choices":[{"cards_removed":["Strike_B"],"damage_healed":0,"gold_gain":0,"player_choice":"Took Card","damage_taken":0,"max_hp_gain":0,"max_hp_loss":0,"event_name":"NoteForYourself","floor":3,"gold_loss":0,"cards_obtained":["Iron Wave"]},{"damage_healed":0,"gold_gain":75,"player_choice":"Gather Gold","damage_taken":11,"max_hp_gain":0,"max_hp_loss":0,"event_name":"World of Goop","floor":5,"gold_loss":0},{"damage_healed":0,"gold_gain":0,"player_choice":"Ignored","damage_taken":0,"max_hp_gain":0,"max_hp_loss":0,"event_name":"Beggar","floor":21,"gold_loss":0},{"damage_healed":0,"gold_gain":99,"player_choice":"Stole From Cult","damage_taken":0,"max_hp_gain":0,"max_hp_loss":0,"event_name":"Nest","floor":28,"gold_loss":0}],"is_beta":false,"boss_relics":[{"not_picked":["Eternal Feather","Ectoplasm"],"picked":"Astrolabe"}],"items_purged_floors":[8,20,29],"is_endless":false,"potions_floor_spawned":[4,6,11,18,30,31],"killed_by":"Collector","ascension_level":0}