{"gold_per_floor":[109,109,109,125,125,154,154,26,56,56,56,87,106,118,118,222,272,283,198,198,98,113,142,160,170,194,69,69,69,80,100,100,198,198,209,223,73,120,136,136,155,155,155,169,119,119,135,147,147,147],"floor_reached":51,"playtime":2996,"items_purged":["Strike_G","Defend_G","Strike_G","Strike_G","Defend_G"],"score":729,"play_id":"d1496492-95cb-4018-b6fe-591997c1fa37","local_time":"20190703163712","is_ascension_mode":false,"campfire_choices":[{"data":"Deadly Poison","floor":7,"key":"SMITH"},{"data":"Poisoned Stab","floor":10,"key":"SMITH"},{"data":"Neutralize","floor":15,"key":"SMITH"},{"floor":28,"key":"REST"},{"data":"Envenom","floor":32,"key":"SMITH"},{"data":"Burst","floor":40,"key":"SMITH"},{"floor":42,"key":"REST"},{"data":"Survivor","floor":49,"key":"SMITH"}],"neow_cost":"NONE","seed_source_timestamp":14491467391864,"circlet_count":0,"master_deck":["Strike_G","Defend_G","Defend_G+1","Defend_G","Survivor+1","Neutralize+1","Deadly Poison+1","Backstab","Poisoned Stab+1","Backstab","Envenom+1","Footwork+1","Burst+1","Catalyst+1","Crippling Poison+1","Caltrops+1","Crippling Poison+1"],"relics":["Ring of the Snake","NeowsBlessing","Art of War","Paper Crane","Ninja Scroll","Tiny Chest","Incense Burner","Tiny House","Pear","Bag of Marbles","Oddly Smooth Stone","Sozu","Smiling Mask","Bottled Flame"],"potions_floor_usage":[],"damage_taken":[{"damage":0,"enemies":"Small Slimes","floor":1,"turns":1},{"damage":0,"enemies":"Jaw Worm","floor":4,"turns":1},{"damage":0,"enemies":"3 Sentries","floor":6,"turns":2},{"damage":14,"enemies":"Gremlin Nob","floor":12,"turns":3},{"damage":0,"enemies":"2 Louse","floor":13,"turns":1},{"damage":0,"enemies":"Exordium Wildlife","floor":14,"turns":3},{"damage":3,"enemies":"The Guardian","floor":16,"turns":9},{"damage":13,"enemies":"3 Byrds","floor":18,"turns":6},{"damage":0,"enemies":"Chosen","floor":22,"turns":4},{"damage":28,"enemies":"Book of Stabbing","floor":23,"turns":7},{"damage":4,"enemies":"Snecko","floor":24,"turns":4},{"damage":2,"enemies":"Cultist and Chosen","floor":25,"turns":6},{"damage":9,"enemies":"Snake Plant","floor":30,"turns":4},{"damage":0,"enemies":"Sentry and Sphere","floor":31,"turns":5},{"damage":52,"enemies":"Champ","floor":33,"turns":15},{"damage":28,"enemies":"3 Darklings","floor":35,"turns":11},{"damage":0,"enemies":"Orb Walker","floor":36,"turns":1},{"damage":2,"enemies":"Spire Growth","floor":39,"turns":3},{"damage":9,"enemies":"Jaw Worm Horde","floor":41,"turns":3},{"damage":6,"enemies":"Maw","floor":44,"turns":6},{"damage":9,"enemies":"Sphere and 2 Shapes","floor":47,"turns":4},{"damage":0,"enemies":"4 Shapes","floor":48,"turns":4},{"damage":35,"enemies":"Awakened One","floor":50,"turns":13}],"seed_played":"4787896706588681198","potions_obtained":[{"floor":1,"key":"Explosive Potion"},{"floor":4,"key":"Poison Potion"},{"floor":14,"key":"Energy Potion"},{"floor":22,"key":"GhostInAJar"}],"is_trial":false,"path_per_floor":["M","?","T","M","?","E","R","$","T","R","$","E","M","M","R","B",null,"M","?","?","$","M","E","M","M","T","$","R","$","M","M","R","B",null,"M","M","$","T","M","R","M","R","T","M","$","?","M","M","R","B",null],"character_chosen":"THE_SILENT","items_purchased":["Poisoned Stab"],"campfire_rested":2,"item_purchase_floors":[8],"current_hp_per_floor":[70,52,52,52,52,52,52,52,52,52,52,38,38,38,38,35,75,62,72,72,72,72,44,40,38,38,38,63,63,54,54,54,2,85,57,57,57,57,55,55,46,71,71,65,65,65,56,56,56,21],"gold":147,"neow_bonus":"THREE_ENEMY_KILL","is_prod":false,"is_daily":false,"chose_seed":false,"campfire_upgraded":6,"win_rate":0,"timestamp":1562197032,"path_taken":["M","?","?","M","?","E","R","$","T","R","$","E","M","M","R","BOSS","M","?","?","$","M","E","M","M","T","?","R","$","M","M","R","BOSS","M","M","$","?","M","R","M","R","T","M","$","?","M","?","R","BOSS"],"build_version":"2019-07-01","purchased_purges":5,"victory":true,"max_hp_per_floor":[70,70,70,70,70,70,70,70,70,70,70,70,70,70,70,70,75,75,85,85,85,85,85,85,85,85,85,85,85,85,85,85,85,85,85,85,85,85,85,85,85,85,85,85,85,85,85,85,85,85],"card_choices":[{"not_picked":["Eviscerate","Dagger Spray"],"picked":"Deadly Poison","floor":1},{"not_picked":["Flying Knee","Dash"],"picked":"Backstab","floor":4},{"not_picked":["Quick Slash","Expertise","Dodge and Roll"],"picked":"SKIP","floor":6},{"not_picked":["Backflip","Deflect","Flying Knee"],"picked":"SKIP","floor":12},{"not_picked":["Phantasmal Killer","Heel Hook","PiercingWail"],"picked":"SKIP","floor":13},{"not_picked":["Dodge and Roll","Acrobatics"],"picked":"Backstab","floor":14},{"not_picked":["Grand Finale","Adrenaline"],"picked":"Envenom","floor":16},{"not_picked":["PiercingWail+1","Blade Dance","Accuracy"],"picked":"SKIP","floor":18},{"not_picked":["Terror","A Thousand Cuts","Bane"],"picked":"SKIP","floor":22},{"not_picked":["PiercingWail","Prepared","Malaise"],"picked":"SKIP","floor":23},{"not_picked":["Acrobatics","PiercingWail","Outmaneuver"],"picked":"SKIP","floor":24},{"not_picked":["Reflex","Well Laid Plans","Bane"],"picked":"SKIP","floor":25},{"not_picked":["Outmaneuver","Acrobatics+1","Infinite Blades"],"picked":"SKIP","floor":30},{"not_picked":["Choke","Sucker Punch+1","Flying Knee"],"picked":"SKIP","floor":31},{"not_picked":["A Thousand Cuts","Phantasmal Killer"],"picked":"Burst","floor":33},{"not_picked":["Dodge and Roll+1","Backflip+1"],"picked":"Catalyst+1","floor":35},{"not_picked":["Sucker Punch+1","Backstab+1"],"picked":"Crippling Poison+1","floor":36},{"not_picked":["Backflip+1","Dodge and Roll"],"picked":"Caltrops+1","floor":39},{"not_picked":["Accuracy","Quick Slash+1","Flying Knee+1"],"picked":"SKIP","floor":41},{"not_picked":["Caltrops","Acrobatics","Doppelganger"],"picked":"SKIP","floor":44},{"not_picked":["Slice+1","Underhanded Strike+1","Deadly Poison+1"],"picked":"SKIP","floor":47},{"not_picked":["Flying Knee+1","Flechettes+1"],"picked":"Crippling Poison+1","floor":48}],"player_experience":238413,"relics_obtained":[{"floor":3,"key":"Paper Crane"},{"floor":6,"key":"Ninja Scroll"},{"floor":9,"key":"Tiny Chest"},{"floor":12,"key":"Incense Burner"},{"floor":23,"key":"Bag of Marbles"},{"floor":26,"key":"Oddly Smooth Stone"},{"floor":38,"key":"Smiling Mask"},{"floor":43,"key":"Bottled Flame"}],"event_choices":[{"damage_healed":0,"gold_gain":0,"player_choice":"Success","damage_taken":18,"relics_obtained":["Art of War"],"max_hp_gain":0,"max_hp_loss":0,"event_name":"Scrap Ooze","floor":2,"gold_loss":0},{"cards_removed":["Strike_G"],"damage_healed":0,"gold_gain":0,"player_choice":"Forget","damage_taken":0,"max_hp_gain":0,"max_hp_loss":0,"event_name":"Living Wall","floor":5,"gold_loss":0},{"damage_healed":0,"gold_gain":0,"player_choice":"Obtained Relic","damage_taken":0,"relics_obtained":["Pear"],"max_hp_gain":0,"max_hp_loss":0,"event_name":"Addict","floor":19,"gold_loss":85},{"damage_healed":0,"gold_gain":0,"player_choice":"Read","damage_taken":0,"max_hp_gain":0,"max_hp_loss":0,"event_name":"The Library","floor":20,"gold_loss":0,"cards_obtained":["Footwork"]},{"damage_healed":0,"gold_gain":0,"player_choice":"Upgraded","damage_taken":0,"max_hp_gain":0,"max_hp_loss":0,"event_name":"Upgrade Shrine","floor":46,"gold_loss":0,"cards_upgraded":["Footwork"]}],"is_beta":false,"boss_relics":[{"not_picked":["Coffee Dripper","Snecko Eye"],"picked":"Tiny House"},{"not_picked":["Velvet Choker","Orrery"],"picked":"Sozu"}],"items_purged_floors":[8,21,27,37,45],"is_endless":false,"potions_floor_spawned":[1,4,14,22,24,33,36,44,47],"ascension_level":0}