{"gold_per_floor":[117,117,292,308,326,353,370,382,382,382,343,375,375,387,387,483,483,499,0,0,0,13,13,13,13,95,108,121,121,121,132,132,232,232,248,248,264,117,133,133,147,147,147,172,71,82,82,93,93,93],"floor_reached":50,"playtime":6218,"items_purged":["Doubt","Doubt"],"score":531,"play_id":"9d59b3dd-1782-45d4-8768-d6354dd5553b","local_time":"20190816220416","is_ascension_mode":true,"campfire_choices":[{"floor":10,"key":"REST"},{"floor":13,"key":"REST"},{"floor":15,"key":"REST"},{"floor":23,"key":"REST"},{"data":"Caltrops","floor":25,"key":"SMITH"},{"floor":30,"key":"REST"},{"floor":32,"key":"REST"},{"floor":40,"key":"REST"},{"floor":47,"key":"REST"},{"floor":49,"key":"REST"}],"neow_cost":"NONE","seed_source_timestamp":266777465878512,"circlet_count":0,"master_deck":["Strike_G","Strike_G","Strike_G","Strike_G","Strike_G","Defend_G","Defend_G","Defend_G","Defend_G","Survivor","Neutralize","Flying Knee","Caltrops+1","Sucker Punch","Poisoned Stab","Noxious Fumes","Endless Agony","Bane","Glass Knife","Bane+1","Wraith Form v2","Blur","Deadly Poison+1","Deadly Poison+1","Caltrops+1","Bullet Time","Blur+1","Blur","Sucker Punch+1","Backflip","Sucker Punch+1"],"relics":["Ring of the Snake","Pen Nib","Torii","Mango","Shuriken","Runic Pyramid","Strange Spoon","Art of War","Spirit Poop","Tiny Chest","Busted Crown","Bronze Scales","Smiling Mask","Unceasing Top"],"potions_floor_usage":[6,6,31,31,31,48,50,50],"damage_taken":[{"damage":5,"enemies":"Small Slimes","floor":1,"turns":6},{"damage":2,"enemies":"Jaw Worm","floor":4,"turns":4},{"damage":4,"enemies":"2 Louse","floor":5,"turns":4},{"damage":35,"enemies":"3 Sentries","floor":6,"turns":9},{"damage":11,"enemies":"Exordium Wildlife","floor":7,"turns":6},{"damage":3,"enemies":"Looter","floor":8,"turns":4},{"damage":24,"enemies":"Gremlin Nob","floor":12,"turns":5},{"damage":8,"enemies":"Gremlin Gang","floor":14,"turns":4},{"damage":46,"enemies":"The Guardian","floor":16,"turns":10},{"damage":11,"enemies":"2 Thieves","floor":18,"turns":3},{"damage":1,"enemies":"Chosen","floor":22,"turns":3},{"damage":37,"enemies":"Sentry and Sphere","floor":27,"turns":5},{"damage":21,"enemies":"Cultist and Chosen","floor":28,"turns":5},{"damage":19,"enemies":"3 Cultists","floor":31,"turns":6},{"damage":39,"enemies":"Automaton","floor":33,"turns":9},{"damage":8,"enemies":"Orb Walker","floor":35,"turns":3},{"damage":28,"enemies":"3 Darklings","floor":37,"turns":7},{"damage":40,"enemies":"4 Shapes","floor":39,"turns":4},{"damage":14,"enemies":"Transient","floor":41,"turns":5},{"damage":60,"enemies":"Giant Head","floor":44,"turns":10},{"damage":0,"enemies":"Jaw Worm Horde","floor":46,"turns":4},{"damage":6,"enemies":"3 Darklings","floor":48,"turns":5},{"damage":72,"enemies":"Donu and Deca","floor":50,"turns":8}],"seed_played":"7665788498220811485","potions_obtained":[{"floor":1,"key":"Poison Potion"},{"floor":4,"key":"SkillPotion"},{"floor":7,"key":"Energy Potion"},{"floor":12,"key":"SteroidPotion"},{"floor":16,"key":"EssenceOfSteel"},{"floor":28,"key":"PowerPotion"},{"floor":39,"key":"Swift Potion"},{"floor":44,"key":"Poison Potion"},{"floor":46,"key":"Poison Potion"}],"is_trial":false,"path_per_floor":["M","?","?","M","M","E","M","M","T","R","?","E","R","M","R","B",null,"M","$","?","?","M","R","?","R","T","M","M","?","R","M","R","B",null,"M","?","M","$","M","R","M","?","T","E","$","M","R","M","R","B"],"character_chosen":"THE_SILENT","items_purchased":["Strange Spoon","Wraith Form v2","Art of War","Bronze Scales","PowerPotion"],"campfire_rested":9,"item_purchase_floors":[19,19,19,38,45],"current_hp_per_floor":[65,65,65,63,59,24,13,10,24,49,49,25,50,42,67,21,84,73,73,73,73,72,84,84,84,84,47,26,26,51,32,57,18,84,76,76,48,48,8,33,19,84,84,24,24,24,49,43,68,0],"gold":93,"neow_bonus":"RANDOM_COMMON_RELIC","is_prod":false,"is_daily":false,"chose_seed":false,"campfire_upgraded":1,"win_rate":0,"timestamp":1566011056,"path_taken":["M","?","?","M","M","E","M","M","T","R","?","E","R","?","R","BOSS","M","$","?","?","M","R","?","R","T","?","M","?","R","M","R","BOSS","M","?","M","$","M","R","M","?","T","E","$","M","R","M","R","BOSS"],"build_version":"2019-07-17","purchased_purges":2,"victory":false,"max_hp_per_floor":[70,70,70,70,70,70,70,70,84,84,84,84,84,84,84,84,84,84,84,84,84,84,84,84,84,84,84,84,84,84,84,84,84,84,84,84,84,84,84,84,84,84,84,84,84,84,84,84,84,84],"card_choices":[{"not_picked":["Accuracy","PiercingWail"],"picked":"Flying Knee","floor":1},{"not_picked":["Blade Dance","PiercingWail"],"picked":"Caltrops","floor":4},{"not_picked":["Prepared","Deflect","Well Laid Plans"],"picked":"SKIP","floor":5},{"not_picked":["Infinite Blades","Outmaneuver"],"picked":"Sucker Punch","floor":6},{"not_picked":["Sucker Punch","Outmaneuver"],"picked":"Poisoned Stab","floor":7},{"not_picked":["Masterful Stab","Dash"],"picked":"Noxious Fumes","floor":8},{"not_picked":["Doppelganger","Blade Dance"],"picked":"Endless Agony","floor":12},{"not_picked":["Deadly Poison","Endless Agony"],"picked":"Bane","floor":14},{"not_picked":["Doppelganger","A Thousand Cuts"],"picked":"Glass Knife","floor":16},{"not_picked":["Blade Dance","Infinite Blades"],"picked":"Bane+1","floor":18},{"not_picked":["Concentrate","Flying Knee"],"picked":"Blur","floor":22},{"not_picked":["Dagger Throw+1","Blade Dance"],"picked":"Deadly Poison+1","floor":27},{"not_picked":["Dodge and Roll","Sucker Punch+1"],"picked":"Deadly Poison+1","floor":28},{"not_picked":["Quick Slash","Venomology"],"picked":"Caltrops+1","floor":31},{"not_picked":["Night Terror","A Thousand Cuts"],"picked":"Bullet Time","floor":33},{"not_picked":[],"picked":"Blur+1","floor":35},{"not_picked":["Underhanded Strike"],"picked":"SKIP","floor":37},{"not_picked":[],"picked":"Blur","floor":39},{"not_picked":[],"picked":"Sucker Punch+1","floor":41},{"not_picked":[],"picked":"Backflip","floor":44},{"not_picked":[],"picked":"Sucker Punch+1","floor":46},{"not_picked":["Acrobatics"],"picked":"SKIP","floor":48}],"player_experience":308153,"relics_obtained":[{"floor":6,"key":"Torii"},{"floor":9,"key":"Mango"},{"floor":12,"key":"Shuriken"},{"floor":26,"key":"Tiny Chest"},{"floor":43,"key":"Smiling Mask"},{"floor":44,"key":"Unceasing Top"}],"event_choices":[{"damage_healed":0,"gold_gain":0,"player_choice":"Ignored","damage_taken":0,"max_hp_gain":0,"max_hp_loss":0,"event_name":"Shining Light","floor":2,"gold_loss":0},{"damage_healed":0,"gold_gain":175,"player_choice":"AGREE","damage_taken":0,"max_hp_gain":0,"max_hp_loss":0,"event_name":"Liars Game","floor":3,"gold_loss":0,"cards_obtained":["Doubt"]},{"damage_healed":0,"gold_gain":0,"player_choice":"Left Gold","damage_taken":0,"max_hp_gain":0,"max_hp_loss":0,"event_name":"World of Goop","floor":11,"gold_loss":39},{"damage_healed":0,"gold_gain":0,"player_choice":"Smashed Altar","damage_taken":0,"max_hp_gain":0,"max_hp_loss":0,"event_name":"Forgotten Altar","floor":20,"gold_loss":0,"cards_obtained":["Decay"]},{"damage_healed":0,"gold_gain":0,"player_choice":"Ignored","damage_taken":0,"max_hp_gain":0,"max_hp_loss":0,"event_name":"Vampires","floor":21,"gold_loss":0},{"cards_removed":["Decay"],"damage_healed":0,"gold_gain":0,"player_choice":"Offered Curse","damage_taken":0,"relics_obtained":["Spirit Poop"],"max_hp_gain":0,"max_hp_loss":0,"event_name":"Bonfire Elementals","floor":24,"gold_loss":0},{"damage_healed":0,"gold_gain":0,"player_choice":"Ignored","damage_taken":0,"max_hp_gain":0,"max_hp_loss":0,"event_name":"Ghosts","floor":29,"gold_loss":0},{"cards_removed":["Defend_G"],"damage_healed":0,"gold_gain":0,"player_choice":"Removed Skill","damage_taken":0,"max_hp_gain":0,"max_hp_loss":0,"event_name":"Falling","floor":36,"gold_loss":0},{"damage_healed":65,"gold_gain":0,"player_choice":"Heal","damage_taken":0,"max_hp_gain":0,"max_hp_loss":0,"event_name":"MindBloom","floor":42,"gold_loss":0,"cards_obtained":["Doubt"]}],"is_beta":false,"boss_relics":[{"not_picked":["Coffee Dripper","White Beast Statue"],"picked":"Runic Pyramid"},{"not_picked":["HoveringKite","Calling Bell"],"picked":"Busted Crown"}],"items_purged_floors":[19,45],"is_endless":false,"potions_floor_spawned":[1,4,7,12,16,18,28,39,44,46],"killed_by":"Donu and Deca","ascension_level":2}