{"gold_per_floor":[116,134,150,167,184,213,226,251,305,305,323,338,355,355,355,355],"floor_reached":16,"playtime":1446,"items_purged":[],"score":185,"play_id":"300767ff-7b4b-4e7f-82f6-f14e15368686","local_time":"20190819205601","is_ascension_mode":true,"campfire_choices":[{"floor":10,"key":"REST"},{"floor":15,"key":"REST"}],"neow_cost":"NONE","seed_source_timestamp":0,"circlet_count":0,"master_deck":["Strike_G","Strike_G","Strike_G","Strike_G","Defend_G","Defend_G","Defend_G","Defend_G","Defend_G","Survivor","Neutralize","Bane","Flying Knee","Deadly Poison","Caltrops","Flying Knee","Poisoned Stab","Endless Agony","Caltrops","All Out Attack","Sucker Punch","Noxious Fumes"],"special_seed":0,"relics":["Ring of the Snake","NeowsBlessing","Blood Vial","Sundial","PreservedInsect"],"potions_floor_usage":[6,7,7,13],"damage_taken":[{"damage":0,"enemies":"2 Louse","floor":1,"turns":1},{"damage":0,"enemies":"Cultist","floor":2,"turns":1},{"damage":0,"enemies":"Jaw Worm","floor":3,"turns":1},{"damage":5,"enemies":"Red Slaver","floor":4,"turns":4},{"damage":3,"enemies":"Blue Slaver","floor":5,"turns":3},{"damage":19,"enemies":"3 Sentries","floor":6,"turns":9},{"damage":8,"enemies":"Gremlin Gang","floor":7,"turns":5},{"damage":13,"enemies":"Lagavulin","floor":8,"turns":6},{"damage":9,"enemies":"Looter","floor":11,"turns":3},{"damage":27,"enemies":"3 Louse","floor":12,"turns":4},{"damage":0,"enemies":"2 Fungi Beasts","floor":13,"turns":1},{"damage":41,"enemies":"Slime Boss","floor":16,"turns":7}],"seed_played":"-4415789877141855217","potions_obtained":[{"floor":1,"key":"Explosive Potion"},{"floor":3,"key":"SpeedPotion"},{"floor":5,"key":"LiquidBronze"},{"floor":12,"key":"Explosive Potion"}],"is_trial":false,"path_per_floor":["M","M","M","M","M","E","M","E","T","R","M","M","M","?","R","B"],"character_chosen":"THE_SILENT","items_purchased":[],"campfire_rested":2,"item_purchase_floors":[],"current_hp_per_floor":[70,70,70,65,62,43,37,26,26,47,40,15,17,17,38,0],"gold":355,"neow_bonus":"THREE_ENEMY_KILL","is_prod":false,"is_daily":false,"chose_seed":false,"campfire_upgraded":0,"win_rate":0,"timestamp":1566266161,"path_taken":["M","M","M","M","M","E","M","E","T","R","M","M","M","?","R","BOSS"],"build_version":"2019-07-17","purchased_purges":0,"victory":false,"max_hp_per_floor":[70,70,70,70,70,70,70,70,70,70,70,70,70,70,70,70],"card_choices":[{"not_picked":["Infinite Blades","Deflect"],"picked":"Bane","floor":1},{"not_picked":["Backflip","Slice"],"picked":"Flying Knee","floor":2},{"not_picked":["Sucker Punch","Expertise"],"picked":"Deadly Poison","floor":3},{"not_picked":["PiercingWail","Burst"],"picked":"Caltrops","floor":4},{"not_picked":["Acrobatics","Prepared","Dodge and Roll"],"picked":"SKIP","floor":5},{"not_picked":["Quick Slash","Cloak And Dagger"],"picked":"Flying Knee","floor":6},{"not_picked":["Slice","Dagger Throw"],"picked":"Poisoned Stab","floor":7},{"not_picked":["Burst","Skewer"],"picked":"Endless Agony","floor":8},{"not_picked":["Cloak And Dagger","Eviscerate"],"picked":"Caltrops","floor":11},{"not_picked":["Outmaneuver","Cloak And Dagger"],"picked":"All Out Attack","floor":12},{"not_picked":["Riddle With Holes","Slice"],"picked":"Sucker Punch","floor":13}],"player_experience":332373,"relics_obtained":[{"floor":6,"key":"Blood Vial"},{"floor":8,"key":"Sundial"},{"floor":9,"key":"PreservedInsect"}],"event_choices":[{"damage_healed":0,"gold_gain":0,"cards_transformed":["Strike_G"],"player_choice":"Transformed","damage_taken":0,"max_hp_gain":0,"max_hp_loss":0,"event_name":"Transmorgrifier","floor":14,"gold_loss":0,"cards_obtained":["Noxious Fumes"]}],"is_beta":false,"boss_relics":[],"items_purged_floors":[],"is_endless":false,"potions_floor_spawned":[1,3,5,12],"killed_by":"Slime Boss","ascension_level":2}