{"gold_per_floor":[119,119,129,145,420,420,452,463,463,463,463,463,476,551,551,651,651,662,662,676,178,178],"floor_reached":22,"playtime":1955,"items_purged":["Regret"],"score":202,"play_id":"708a3d76-ed26-442e-968e-43dda106cab5","local_time":"20190727223232","is_ascension_mode":true,"campfire_choices":[{"data":"Cleave","floor":6,"key":"SMITH"},{"floor":10,"key":"REST"},{"data":"Whirlwind","floor":12,"key":"SMITH"},{"floor":15,"key":"REST"}],"neow_cost":"NONE","seed_source_timestamp":1375737282573726,"circlet_count":0,"master_deck":["Strike_R","Strike_R","Strike_R","Strike_R","Strike_R","Defend_R","Defend_R","Defend_R","Defend_R","Bash","Pommel Strike","Cleave+1","Armaments","Whirlwind+1","Perfected Strike","Anger","Bludgeon","Headbutt+1","Thunderclap+1","Flex"],"relics":["Burning Blood","Charon\u0027s Ashes","Frozen Egg 2","Singing Bowl","Philosopher\u0027s Stone","Darkstone Periapt","Oddly Smooth Stone"],"potions_floor_usage":[7,7,7,16,16],"damage_taken":[{"damage":7,"enemies":"Jaw Worm","floor":1,"turns":3},{"damage":1,"enemies":"Cultist","floor":3,"turns":3},{"damage":7,"enemies":"Small Slimes","floor":4,"turns":3},{"damage":30,"enemies":"Lagavulin","floor":7,"turns":8},{"damage":17,"enemies":"Gremlin Gang","floor":8,"turns":4},{"damage":12,"enemies":"Exordium Wildlife","floor":13,"turns":2},{"damage":20,"enemies":"Slime Boss","floor":16,"turns":7},{"damage":37,"enemies":"2 Thieves","floor":18,"turns":4},{"damage":34,"enemies":"Shell Parasite","floor":20,"turns":4},{"damage":27,"enemies":"3 Cultists","floor":22,"turns":5}],"seed_played":"1041418020322375823","potions_obtained":[{"floor":0,"key":"EntropicBrew"},{"floor":0,"key":"SkillPotion"},{"floor":0,"key":"Swift Potion"},{"floor":2,"key":"SpeedPotion"},{"floor":2,"key":"Strength Potion"},{"floor":8,"key":"Fire Potion"},{"floor":13,"key":"Strength Potion"}],"is_trial":false,"path_per_floor":["M","?","M","M","?","R","E","M","T","R","T","R","M","?","R","B",null,"M","?","M","$","M"],"character_chosen":"IRONCLAD","items_purchased":["Darkstone Periapt","Oddly Smooth Stone","Flex"],"campfire_rested":2,"item_purchase_floors":[21,21,21],"current_hp_per_floor":[79,79,80,79,79,79,55,44,44,68,68,68,62,54,78,64,80,49,49,21,21,0],"gold":178,"neow_bonus":"THREE_SMALL_POTIONS","is_prod":false,"is_daily":false,"chose_seed":false,"campfire_upgraded":2,"win_rate":0,"timestamp":1564284752,"path_taken":["M","?","M","?","?","R","E","?","T","R","?","R","M","?","R","BOSS","M","?","M","$","M"],"build_version":"2019-07-17","purchased_purges":1,"victory":false,"max_hp_per_floor":[80,80,80,80,80,80,80,80,80,80,80,80,80,80,80,80,80,80,80,80,80,80],"card_choices":[{"not_picked":["Shrug It Off","Clothesline"],"picked":"Pommel Strike","floor":1},{"not_picked":["Pummel","Heavy Blade"],"picked":"Cleave","floor":3},{"not_picked":["Warcry","Carnage"],"picked":"Armaments","floor":4},{"not_picked":["Iron Wave","Double Tap"],"picked":"Whirlwind","floor":7},{"not_picked":["Body Slam","Clothesline"],"picked":"Perfected Strike","floor":8},{"not_picked":["Infernal Blade","Whirlwind"],"picked":"Anger","floor":13},{"not_picked":["Immolate","Dark Embrace+1"],"picked":"Bludgeon","floor":16},{"not_picked":["Ghostly Armor","Entrench"],"picked":"Headbutt+1","floor":18},{"not_picked":["Pummel","Warcry"],"picked":"Thunderclap+1","floor":20}],"player_experience":200841,"relics_obtained":[{"floor":7,"key":"Charon\u0027s Ashes"},{"floor":9,"key":"Frozen Egg 2"},{"floor":11,"key":"Singing Bowl"}],"event_choices":[{"damage_healed":0,"gold_gain":0,"player_choice":"Got Potions","damage_taken":0,"max_hp_gain":0,"max_hp_loss":0,"event_name":"Lab","floor":2,"gold_loss":0},{"damage_healed":0,"gold_gain":275,"player_choice":"Desecrate","damage_taken":0,"max_hp_gain":0,"max_hp_loss":0,"event_name":"Golden Shrine","floor":5,"gold_loss":0,"cards_obtained":["Regret"]},{"damage_healed":0,"gold_gain":75,"player_choice":"Touch","damage_taken":8,"max_hp_gain":0,"max_hp_loss":0,"event_name":"FaceTrader","floor":14,"gold_loss":0},{"damage_healed":0,"gold_gain":0,"player_choice":"Ignored","damage_taken":0,"max_hp_gain":0,"max_hp_loss":0,"event_name":"Ghosts","floor":19,"gold_loss":0}],"is_beta":false,"boss_relics":[{"not_picked":["Sozu","Coffee Dripper"],"picked":"Philosopher\u0027s Stone"}],"items_purged_floors":[21],"is_endless":false,"potions_floor_spawned":[8,13],"killed_by":"3 Cultists","ascension_level":2}