{"gold_per_floor":[116,66,141,160,160,191,253,253,253,253,265,265,282,302,302,302],"floor_reached":16,"playtime":721,"items_purged":[],"score":125,"play_id":"eaa39411-af3c-4d99-8bbd-2098dd904861","local_time":"20190506232222","is_ascension_mode":false,"campfire_choices":[{"floor":8,"key":"REST"},{"data":"Barrage","floor":10,"key":"SMITH"},{"data":"Zap","floor":15,"key":"SMITH"}],"neow_cost":"NONE","seed_source_timestamp":39654918153132,"circlet_count":0,"master_deck":["Strike_B","Strike_B+1","Strike_B","Defend_B+1","Defend_B","Defend_B","Defend_B","Zap+1","Dualcast","Barrage+1","Reinforced Body+1","Conserve Battery","Sweeping Beam","Gash","Leap"],"relics":["Cracked Core","NeowsBlessing","Kunai","Du-Vu Doll","Bag of Marbles"],"potions_floor_usage":[],"damage_taken":[{"damage":0,"enemies":"2 Louse","floor":1,"turns":1},{"damage":0,"enemies":"Small Slimes","floor":4,"turns":1},{"damage":0,"enemies":"Lagavulin","floor":6,"turns":1},{"damage":22,"enemies":"Lagavulin Event","floor":7,"turns":9},{"damage":3,"enemies":"Jaw Worm","floor":11,"turns":3},{"damage":7,"enemies":"Large Slime","floor":13,"turns":5},{"damage":0,"enemies":"Looter","floor":14,"turns":2},{"damage":45,"enemies":"Slime Boss","floor":16,"turns":10}],"seed_played":"5062151492131307221","potions_obtained":[{"floor":7,"key":"SpeedPotion"},{"floor":13,"key":"Dexterity Potion"},{"floor":14,"key":"SteroidPotion"}],"is_trial":false,"path_per_floor":["M","?","?","M","?","E","?","R","T","R","M","?","M","M","R","B"],"character_chosen":"DEFECT","items_purchased":[],"campfire_rested":1,"item_purchase_floors":[],"current_hp_per_floor":[75,75,64,64,49,49,27,49,49,49,46,46,39,39,39,0],"gold":302,"neow_bonus":"THREE_ENEMY_KILL","is_prod":false,"is_daily":false,"chose_seed":false,"campfire_upgraded":2,"win_rate":0,"timestamp":1557210142,"path_taken":["M","?","?","M","?","E","?","R","T","R","?","?","M","M","R","BOSS"],"build_version":"2019-01-23","purchased_purges":0,"victory":false,"max_hp_per_floor":[75,75,75,75,75,75,75,75,75,75,75,75,75,75,75,75],"card_choices":[{"not_picked":["Rebound","Coolheaded"],"picked":"Barrage","floor":1},{"not_picked":["Reinforced Body","Streamline","Consume"],"picked":"SKIP","floor":4},{"not_picked":["Streamline","Consume"],"picked":"Reinforced Body","floor":4},{"not_picked":["Turbo","Redo"],"picked":"Conserve Battery","floor":6},{"not_picked":["Hologram","Meteor Strike"],"picked":"Sweeping Beam","floor":7},{"not_picked":["Hologram","Auto Shields"],"picked":"Gash","floor":11},{"not_picked":["Coolheaded","Stack","Turbo"],"picked":"SKIP","floor":13},{"not_picked":["Stack","Lockon"],"picked":"Leap","floor":14}],"player_experience":126096,"relics_obtained":[{"floor":6,"key":"Kunai"},{"floor":9,"key":"Bag of Marbles"}],"event_choices":[{"cards_removed":["Strike_B"],"damage_healed":0,"gold_gain":0,"player_choice":"Card Removal","damage_taken":0,"max_hp_gain":0,"max_hp_loss":0,"event_name":"The Cleric","floor":2,"gold_loss":50},{"damage_healed":0,"gold_gain":75,"player_choice":"Gather Gold","damage_taken":11,"max_hp_gain":0,"max_hp_loss":0,"event_name":"World of Goop","floor":3,"gold_loss":0},{"damage_healed":0,"gold_gain":0,"player_choice":"Entered Light","damage_taken":15,"max_hp_gain":0,"max_hp_loss":0,"event_name":"Shining Light","floor":5,"gold_loss":0,"cards_upgraded":["Defend_B","Strike_B"]},{"damage_healed":0,"gold_gain":0,"player_choice":"Searched \u00273\u0027 times","damage_taken":0,"relics_obtained":["Du-Vu Doll"],"max_hp_gain":0,"max_hp_loss":0,"event_name":"Dead Adventurer","floor":7,"gold_loss":0},{"damage_healed":0,"gold_gain":0,"player_choice":"Grow","damage_taken":0,"max_hp_gain":0,"max_hp_loss":0,"event_name":"Living Wall","floor":12,"gold_loss":0,"cards_upgraded":["Reinforced Body"]}],"is_beta":false,"boss_relics":[],"items_purged_floors":[],"is_endless":false,"potions_floor_spawned":[7,13,14],"killed_by":"Slime Boss","ascension_level":0}