{"gold_per_floor":[115,163,338,352,352,387,397,397,467,189,205,205,205,205,205,302,302,321,122,140,140,55,55,55],"floor_reached":24,"playtime":1577,"items_purged":["Doubt"],"score":239,"play_id":"6b603b7b-9afc-4706-9073-767a5a8fbed8","local_time":"20190806230359","is_ascension_mode":true,"campfire_choices":[{"floor":8,"key":"REST"},{"data":"Glass Knife","floor":13,"key":"SMITH"},{"data":"Noxious Fumes","floor":15,"key":"SMITH"}],"neow_cost":"NONE","seed_source_timestamp":426787730350333,"circlet_count":0,"master_deck":["Strike_G","Strike_G","Strike_G","Strike_G","Strike_G","Defend_G","Defend_G","Defend_G","Defend_G","Defend_G","Survivor","Neutralize","Skewer","Backflip","Choke","Noxious Fumes+1","Glass Knife+1","Glass Knife","Flying Knee+1","Finisher"],"relics":["Ring of the Snake","NeowsBlessing","Art of War","Vajra","Potion Belt","Matryoshka","Toolbox","Omamori","Dodecahedron","Black Star","TwistedFunnel","Ancient Tea Set","WarpedTongs"],"potions_floor_usage":[16,24],"damage_taken":[{"damage":0,"enemies":"Cultist","floor":1,"turns":1},{"damage":0,"enemies":"Jaw Worm","floor":4,"turns":1},{"damage":0,"enemies":"3 Sentries","floor":6,"turns":1},{"damage":13,"enemies":"2 Louse","floor":7,"turns":2},{"damage":6,"enemies":"Exordium Wildlife","floor":11,"turns":3},{"damage":27,"enemies":"Hexaghost","floor":16,"turns":8},{"damage":8,"enemies":"Chosen","floor":18,"turns":4},{"damage":20,"enemies":"Spheric Guardian","floor":20,"turns":4},{"damage":52,"enemies":"Book of Stabbing","floor":24,"turns":4}],"seed_played":"-2323799462193856516","potions_obtained":[{"floor":6,"key":"SpeedPotion"},{"floor":7,"key":"GhostInAJar"},{"floor":11,"key":"SneckoOil"},{"floor":18,"key":"FairyPotion"}],"is_trial":false,"path_per_floor":["M","T","?","M","?","E","M","R","T","$","M","T","R","?","R","B",null,"M","$","M","?","?","?","E"],"character_chosen":"THE_SILENT","items_purchased":["Toolbox","TwistedFunnel"],"campfire_rested":1,"item_purchase_floors":[10,19],"current_hp_per_floor":[70,70,70,70,67,67,54,70,70,70,64,64,64,70,70,43,70,62,62,42,42,42,42,0],"gold":55,"neow_bonus":"THREE_ENEMY_KILL","is_prod":false,"is_daily":false,"chose_seed":false,"campfire_upgraded":2,"win_rate":0,"timestamp":1565150639,"path_taken":["M","?","?","M","?","E","M","R","T","$","?","?","R","?","R","BOSS","M","$","M","?","?","?","E"],"build_version":"2019-07-17","purchased_purges":1,"victory":false,"max_hp_per_floor":[70,70,70,70,70,70,70,70,70,70,70,70,70,70,70,70,70,70,70,70,70,70,70,70],"card_choices":[{"not_picked":["Sucker Punch","Cloak And Dagger"],"picked":"Skewer","floor":1},{"not_picked":["Caltrops","Bane"],"picked":"Backflip","floor":4},{"not_picked":["Dodge and Roll","Skewer"],"picked":"Choke","floor":6},{"not_picked":["Flying Knee","Slice"],"picked":"Noxious Fumes","floor":7},{"not_picked":["Choke","Acrobatics"],"picked":"Glass Knife","floor":11},{"not_picked":["Die Die Die","Corpse Explosion"],"picked":"Glass Knife","floor":16},{"not_picked":["Prepared","Riddle With Holes"],"picked":"Flying Knee+1","floor":18},{"not_picked":["Leg Sweep+1","Poisoned Stab"],"picked":"Finisher","floor":20}],"player_experience":284422,"relics_obtained":[{"floor":2,"key":"Art of War"},{"floor":6,"key":"Potion Belt"},{"floor":9,"key":"Matryoshka"},{"floor":12,"key":"Omamori"},{"floor":12,"key":"Dodecahedron"}],"event_choices":[{"damage_healed":0,"gold_gain":175,"player_choice":"AGREE","damage_taken":0,"max_hp_gain":0,"max_hp_loss":0,"event_name":"Liars Game","floor":3,"gold_loss":0,"cards_obtained":["Doubt"]},{"damage_healed":0,"gold_gain":0,"player_choice":"Success","damage_taken":3,"relics_obtained":["Vajra"],"max_hp_gain":0,"max_hp_loss":0,"event_name":"Scrap Ooze","floor":5,"gold_loss":0},{"damage_healed":17,"gold_gain":0,"player_choice":"Healed and dodged fight","damage_taken":0,"max_hp_gain":0,"max_hp_loss":0,"event_name":"Mushrooms","floor":14,"gold_loss":0,"cards_obtained":["Parasite"]},{"damage_healed":0,"gold_gain":0,"player_choice":"Ignored","damage_taken":0,"max_hp_gain":0,"max_hp_loss":0,"event_name":"Vampires","floor":21,"gold_loss":0},{"damage_healed":0,"gold_gain":0,"player_choice":"Obtained Relic","damage_taken":0,"relics_obtained":["Ancient Tea Set"],"max_hp_gain":0,"max_hp_loss":0,"event_name":"Addict","floor":22,"gold_loss":85},{"damage_healed":0,"gold_gain":0,"player_choice":"Rummage","damage_taken":0,"relics_obtained":["WarpedTongs"],"max_hp_gain":0,"max_hp_loss":0,"event_name":"Accursed Blacksmith","floor":23,"gold_loss":0,"cards_obtained":["Pain"]}],"is_beta":false,"boss_relics":[{"not_picked":["Philosopher\u0027s Stone","Cursed Key"],"picked":"Black Star"}],"items_purged_floors":[10],"is_endless":false,"potions_floor_spawned":[6,7,11,18],"killed_by":"Book of Stabbing","ascension_level":2}