{"gold_per_floor":[116,116,116,116,116,150,150,150,173,203,215,215,228,240,240,341,341,354,372,389,29,29,60,60,73,96,111,111,140,140,140,140,140],"floor_reached":33,"playtime":3624,"items_purged":[],"score":368,"play_id":"98f4bd2a-c40e-486d-944d-f4417e6a0670","local_time":"20190701224007","is_ascension_mode":false,"campfire_choices":[{"data":"Flex","floor":7,"key":"SMITH"},{"data":"Headbutt","floor":15,"key":"SMITH"},{"floor":24,"key":"REST"},{"floor":28,"key":"REST"},{"floor":30,"key":"REST"},{"data":"Feed","floor":32,"key":"SMITH"}],"neow_cost":"NONE","seed_source_timestamp":1173785774882119,"circlet_count":0,"master_deck":["Strike_R+1","Strike_R","Strike_R+1","Strike_R","Defend_R","Defend_R","Defend_R","Bash","Flex+1","Shrug It Off","Headbutt+1","Shrug It Off","Armaments","Sword Boomerang","Feed+1","Body Slam","Combust+1","Power Through","Carnage","True Grit+1","Feel No Pain","True Grit+1"],"relics":["Burning Blood","NeowsBlessing","Pear","Bronze Scales","Mummified Hand","Busted Crown","HandDrill","Bag of Marbles","MutagenicStrength","Pocketwatch","Whetstone","Toxic Egg 2"],"potions_floor_usage":[33,33,33],"damage_taken":[{"damage":0,"enemies":"Jaw Worm","floor":1,"turns":1},{"damage":0,"enemies":"Gremlin Nob","floor":6,"turns":1},{"damage":0,"enemies":"3 Sentries","floor":10,"turns":2},{"damage":0,"enemies":"Small Slimes","floor":11,"turns":3},{"damage":0,"enemies":"2 Louse","floor":13,"turns":2},{"damage":13,"enemies":"Gremlin Gang","floor":14,"turns":6},{"damage":53,"enemies":"Hexaghost","floor":16,"turns":10},{"damage":14,"enemies":"2 Thieves","floor":18,"turns":4},{"damage":10,"enemies":"3 Byrds","floor":19,"turns":4},{"damage":45,"enemies":"Shelled Parasite and Fungi","floor":20,"turns":6},{"damage":24,"enemies":"Book of Stabbing","floor":23,"turns":5},{"damage":0,"enemies":"Snake Plant","floor":25,"turns":2},{"damage":15,"enemies":"Snecko","floor":27,"turns":4},{"damage":17,"enemies":"Slavers","floor":29,"turns":5},{"damage":154,"enemies":"Automaton","floor":33,"turns":12}],"seed_played":"7570402927829991903","potions_obtained":[{"floor":6,"key":"BloodPotion"},{"floor":10,"key":"Swift Potion"},{"floor":14,"key":"SkillPotion"},{"floor":18,"key":"Fire Potion"},{"floor":25,"key":"Explosive Potion"}],"is_trial":false,"path_per_floor":["M","?","$","?","$","E","R","$","T","E","M","?","M","M","R","B",null,"M","M","M","$","?","E","R","M","T","M","R","E","R","$","R","B"],"character_chosen":"IRONCLAD","items_purchased":["HandDrill","Bag of Marbles"],"campfire_rested":3,"item_purchase_floors":[21,21],"current_hp_per_floor":[80,80,80,73,73,89,89,89,89,90,90,90,90,83,83,36,90,85,81,45,45,45,27,55,64,64,55,84,73,99,99,99,0],"gold":140,"neow_bonus":"THREE_ENEMY_KILL","is_prod":false,"is_daily":false,"chose_seed":false,"campfire_upgraded":3,"win_rate":0.0,"timestamp":1562038807,"path_taken":["M","?","$","?","?","E","R","$","T","E","M","?","M","M","R","BOSS","M","M","?","$","?","E","R","M","T","M","R","E","R","$","R","BOSS"],"build_version":"2019-07-01","purchased_purges":0,"victory":false,"max_hp_per_floor":[80,80,80,80,80,90,90,90,90,90,90,90,90,90,90,90,90,93,93,96,96,96,96,96,99,99,99,99,99,99,99,99,99],"card_choices":[{"not_picked":["Shrug It Off","Burning Pact"],"picked":"Flex","floor":1},{"not_picked":["Ghostly Armor","Berserk"],"picked":"Shrug It Off","floor":6},{"not_picked":["Battle Trance","Sword Boomerang"],"picked":"Headbutt","floor":10},{"not_picked":["Iron Wave","Bloodletting"],"picked":"Shrug It Off","floor":11},{"not_picked":["Clothesline","Whirlwind"],"picked":"Armaments","floor":13},{"not_picked":["Offering","Power Through"],"picked":"Sword Boomerang","floor":14},{"not_picked":["Fiend Fire","Dark Embrace"],"picked":"Feed","floor":16},{"not_picked":[],"picked":"Body Slam","floor":18},{"not_picked":[],"picked":"Combust+1","floor":19},{"not_picked":[],"picked":"Power Through","floor":20},{"not_picked":[],"picked":"Carnage","floor":23},{"not_picked":[],"picked":"True Grit+1","floor":25},{"not_picked":[],"picked":"Feel No Pain","floor":27},{"not_picked":[],"picked":"True Grit","floor":29}],"player_experience":72308,"relics_obtained":[{"floor":6,"key":"Pear"},{"floor":9,"key":"Bronze Scales"},{"floor":10,"key":"Mummified Hand"},{"floor":23,"key":"Pocketwatch"},{"floor":26,"key":"Whetstone"},{"floor":29,"key":"Toxic Egg 2"}],"event_choices":[{"damage_healed":0,"gold_gain":0,"player_choice":"Ignored","damage_taken":0,"max_hp_gain":0,"max_hp_loss":0,"event_name":"Shining Light","floor":2,"gold_loss":0},{"cards_removed":["Strike_R"],"damage_healed":0,"gold_gain":0,"player_choice":"Card Removal","damage_taken":7,"max_hp_gain":0,"max_hp_loss":0,"event_name":"Golden Wing","floor":4,"gold_loss":0},{"cards_removed":["Defend_R"],"damage_healed":0,"gold_gain":0,"player_choice":"Card Removal","damage_taken":0,"max_hp_gain":0,"max_hp_loss":0,"event_name":"Wheel of Change","floor":12,"gold_loss":0},{"damage_healed":0,"gold_gain":0,"player_choice":"Inject Mutagens","damage_taken":0,"relics_obtained":["MutagenicStrength"],"max_hp_gain":0,"max_hp_loss":0,"event_name":"Drug Dealer","floor":22,"gold_loss":0}],"is_beta":false,"boss_relics":[{"not_picked":["Coffee Dripper","Eternal Feather"],"picked":"Busted Crown"}],"items_purged_floors":[],"is_endless":false,"potions_floor_spawned":[6,10,14,18,25],"killed_by":"Automaton","ascension_level":0}