{"gold_per_floor":[117,42,117,117,135,135,146,179,179,199,199,233,233,259,271,360,372,398,440,463,488,510,522,534,546,558,570,582,609,74,85,85,160,160,171,171,191,204,16,49,63,95,95,109,331,64,64,97,97,97,97,97,97,21,47,47],"floor_reached":57,"playtime":3687,"items_purged":["Defend_B"],"score":2745,"play_id":"3e35ef7a-ef41-4669-a3f7-cb041b9f3492","local_time":"20190812145730","is_ascension_mode":true,"campfire_choices":[{"data":"Dualcast","floor":6.0,"key":"SMITH"},{"data":"Fission","floor":11.0,"key":"SMITH"},{"data":"Sunder","floor":15.0,"key":"SMITH"},{"data":"Turbo","floor":23.0,"key":"SMITH"},{"data":"Biased Cognition","floor":25.0,"key":"SMITH"},{"data":"Coolheaded","floor":27.0,"key":"SMITH"},{"data":"Recycle","floor":32.0,"key":"SMITH"},{"data":"Defragment","floor":47.0,"key":"SMITH"},{"floor":49.0,"key":"RECALL"},{"data":"Seek","floor":53.0,"key":"SMITH"}],"neow_cost":"TEN_PERCENT_HP_LOSS","seed_source_timestamp":0,"circlet_count":0,"master_deck":["AscendersBane","Zap+1","Coolheaded+1","All For One","Glacier","Fission+1","Self Repair","Turbo+1","Sunder+1","Biased Cognition+1","Reinforced Body","Go for the Eyes","Redo+1","Coolheaded","Hologram","Recycle+1","Compile Driver","Loop","Seek+1","Multi-Cast","Stack+1","Heatsinks+1","Coolheaded+1","Gash","Loop","Amplify","Capacitor+1","Defragment+1","Reboot","Meteor Strike","Turbo+1","Defragment","Chill+1"],"special_seed":0,"relics":["Cracked Core","The Courier","Blood Vial","Bottled Lightning","MawBank","Empty Cage","Red Mask","Kunai","TheAbacus","Happy Flower","Astrolabe","Centennial Puzzle","Ice Cream","Bag of Preparation","Orichalcum","Bottled Flame"],"potions_floor_usage":[56,56],"damage_taken":[{"damage":0.0,"enemies":"Cultist","floor":1.0,"turns":3.0},{"damage":0.0,"enemies":"Jaw Worm","floor":5.0,"turns":4.0},{"damage":0.0,"enemies":"2 Louse","floor":7.0,"turns":3.0},{"damage":10.0,"enemies":"3 Sentries","floor":8.0,"turns":10.0},{"damage":9.0,"enemies":"Exordium Thugs","floor":10.0,"turns":6.0},{"damage":17.0,"enemies":"Lagavulin","floor":12.0,"turns":7.0},{"damage":14.0,"enemies":"3 Sentries","floor":14.0,"turns":10.0},{"damage":46.0,"enemies":"Slime Boss","floor":16.0,"turns":10.0},{"damage":6.0,"enemies":"Shell Parasite","floor":18.0,"turns":5.0},{"damage":1.0,"enemies":"Masked Bandits","floor":19.0,"turns":4.0},{"damage":4.0,"enemies":"2 Thieves","floor":20.0,"turns":3.0},{"damage":37.0,"enemies":"3 Cultists","floor":21.0,"turns":6.0},{"damage":0.0,"enemies":"Centurion and Healer","floor":22.0,"turns":4.0},{"damage":12.0,"enemies":"Shelled Parasite and Fungi","floor":29.0,"turns":5.0},{"damage":0.0,"enemies":"Snake Plant","floor":31.0,"turns":2.0},{"damage":31.0,"enemies":"Automaton","floor":33.0,"turns":10.0},{"damage":8.0,"enemies":"3 Shapes","floor":35.0,"turns":2.0},{"damage":3.0,"enemies":"3 Darklings","floor":37.0,"turns":7.0},{"damage":0.0,"enemies":"Sphere and 2 Shapes","floor":38.0,"turns":5.0},{"damage":33.0,"enemies":"Nemesis","floor":40.0,"turns":8.0},{"damage":0.0,"enemies":"4 Shapes","floor":41.0,"turns":4.0},{"damage":12.0,"enemies":"Giant Head","floor":42.0,"turns":5.0},{"damage":2.0,"enemies":"Transient","floor":44.0,"turns":6.0},{"damage":0.0,"enemies":"Nemesis","floor":48.0,"turns":4.0},{"damage":17.0,"enemies":"Awakened One","floor":50.0,"turns":16.0},{"damage":28.0,"enemies":"Time Eater","floor":51.0,"turns":7.0},{"damage":21.0,"enemies":"Shield and Spear","floor":55.0,"turns":7.0},{"damage":29,"enemies":"The Heart","floor":56,"turns":12}],"seed_played":"-5553459949685989999","potions_obtained":[{"floor":1.0,"key":"Energy Potion"},{"floor":7.0,"key":"Regen Potion"},{"floor":8.0,"key":"SkillPotion"},{"floor":21.0,"key":"FearPotion"},{"floor":22.0,"key":"EssenceOfSteel"},{"floor":31.0,"key":"SkillPotion"},{"floor":33.0,"key":"EssenceOfSteel"},{"floor":35.0,"key":"Fire Potion"},{"floor":44.0,"key":"Dexterity Potion"}],"is_trial":false,"path_per_floor":["M","?","?","?","M","R","M","E","T","M","R","E","?","E","R","B",null,"M","?","M","M","M","R","?","R","T","R","?","M","$","M","R","B",null,"M","?","M","M","$","E","M","E","T","M","?","$","R","E","R","B","B",null,"R","$","E","B",null],"character_chosen":"DEFECT","items_purchased":["Hologram","Recycle","Compile Driver","Loop","TheAbacus","Happy Flower","Centennial Puzzle","Defragment","Bag of Preparation","Meteor Strike","Defragment","Swift Potion"],"campfire_rested":0,"item_purchase_floors":[30,30,30,30,30,30,39,39,46,46,54,54],"current_hp_per_floor":[64,64,53,53,53,53,53,58,58,58,58,50,55,50,50,13,55,58,66,64,36,45,45,45,45,45,45,45,35,35,44,44,22,57,58,58,64,69,69,43,59,56,56,69,69,69,69,69,69,59,40,62,62,62,50,30],"gold":47,"neow_bonus":"TRANSFORM_TWO_CARDS","is_prod":false,"is_daily":false,"chose_seed":false,"campfire_upgraded":9,"win_rate":0,"timestamp":1565593050,"path_taken":["M","?","?","?","M","R","M","E","T","?","R","E","?","E","R","BOSS","M","?","M","M","M","R","?","R","T","R","?","?","$","M","R","BOSS","M","?","M","?","$","E","M","E","T","M","?","$","R","E","R","BOSS","BOSS","R","$","E","BOSS"],"build_version":"2019-07-17","purchased_purges":1,"victory":true,"max_hp_per_floor":[64,64,64,64,64,64,64,64,64,64,64,64,69,69,69,69,69,69,69,69,69,69,69,69,69,69,69,69,69,69,69,69,69,69,69,69,69,69,69,69,69,69,69,69,69,69,69,69,69,69,69,69,69,69,69,69],"card_choices":[{"not_picked":["Steam Power","Steam","Reinforced Body"],"picked":"SKIP","floor":1.0},{"not_picked":["Stack","Rebound"],"picked":"Glacier","floor":5.0},{"not_picked":["Gash","Capacitor"],"picked":"Fission","floor":7.0},{"not_picked":["Conserve Battery","Streamline"],"picked":"Self Repair","floor":8.0},{"not_picked":["Leap","Ball Lightning"],"picked":"Turbo","floor":10.0},{"not_picked":["Cold Snap","Beam Cell"],"picked":"Ball Lightning","floor":12.0},{"not_picked":["Multi-Cast","Hello World"],"picked":"Sunder","floor":14.0},{"not_picked":["Thunder Strike","Echo Form"],"picked":"Biased Cognition","floor":16.0},{"not_picked":["Barrage","Reinforced Body","Streamline"],"picked":"SKIP","floor":18.0},{"not_picked":["Barrage","Streamline"],"picked":"Reinforced Body","floor":18.0},{"not_picked":["Leap","Redo"],"picked":"Go for the Eyes","floor":19.0},{"not_picked":["Conserve Battery","Go for the Eyes"],"picked":"Redo+1","floor":20.0},{"not_picked":["Force Field","Redo"],"picked":"Steam Power+1","floor":21.0},{"not_picked":["Conserve Battery","Rebound","Steam Power"],"picked":"SKIP","floor":22.0},{"not_picked":["Streamline","Steam"],"picked":"Coolheaded","floor":29.0},{"not_picked":["Stack+1","Turbo"],"picked":"Seek","floor":31.0},{"not_picked":["Buffer","Creative AI"],"picked":"Multi-Cast","floor":33.0},{"not_picked":["Leap","Conserve Battery"],"picked":"Gash","floor":35.0},{"not_picked":["Hologram","Aggregate"],"picked":"Capacitor+1","floor":37.0},{"not_picked":["Reinforced Body","Barrage","Gash"],"picked":"SKIP","floor":38.0},{"not_picked":["Thunder Strike","Recycle","Go for the Eyes"],"picked":"SKIP","floor":40.0},{"not_picked":["Ball Lightning+1","BootSequence","Coolheaded"],"picked":"SKIP","floor":41.0},{"not_picked":["Machine Learning","Sweeping Beam"],"picked":"Reboot","floor":42.0},{"not_picked":["Rebound","Stack","Turbo"],"picked":"SKIP","floor":44.0},{"not_picked":["Redo","Leap"],"picked":"Turbo+1","floor":48.0},{"not_picked":["Conserve Battery","Ball Lightning+1"],"picked":"Chill+1","floor":55.0}],"player_experience":2131302,"relics_obtained":[{"floor":8.0,"key":"The Courier"},{"floor":9.0,"key":"Blood Vial"},{"floor":12.0,"key":"Bottled Lightning"},{"floor":14.0,"key":"MawBank"},{"floor":19.0,"key":"Red Mask"},{"floor":26.0,"key":"Kunai"},{"floor":40.0,"key":"Ice Cream"},{"floor":48.0,"key":"Orichalcum"},{"floor":55.0,"key":"Bottled Flame"}],"event_choices":[{"cards_removed":["Strike_B"],"damage_healed":0.0,"max_hp_gain":0.0,"max_hp_loss":0.0,"gold_gain":0.0,"event_name":"The Cleric","player_choice":"Card Removal","floor":2.0,"gold_loss":75.0,"damage_taken":0.0},{"damage_healed":0.0,"max_hp_gain":0.0,"max_hp_loss":0.0,"gold_gain":75.0,"event_name":"World of Goop","player_choice":"Gather Gold","floor":3.0,"gold_loss":0.0,"damage_taken":11.0},{"damage_healed":0.0,"max_hp_gain":0.0,"max_hp_loss":0.0,"gold_gain":0.0,"event_name":"Upgrade Shrine","player_choice":"Upgraded","floor":4.0,"gold_loss":0.0,"damage_taken":0.0,"cards_upgraded":["Zap"]},{"damage_healed":0.0,"max_hp_gain":5.0,"max_hp_loss":0.0,"gold_gain":0.0,"event_name":"Big Fish","player_choice":"Donut","floor":13.0,"gold_loss":0.0,"damage_taken":0.0},{"damage_healed":0.0,"max_hp_gain":0.0,"max_hp_loss":0.0,"gold_gain":0.0,"event_name":"Masked Bandits","player_choice":"Fought Bandits","floor":19.0,"gold_loss":0.0,"damage_taken":0.0},{"cards_removed":["Defend_B"],"damage_healed":0.0,"max_hp_gain":0.0,"max_hp_loss":0.0,"gold_gain":0.0,"event_name":"Back to Basics","player_choice":"Elegance","floor":24.0,"gold_loss":0.0,"damage_taken":0.0},{"cards_removed":["Defend_B"],"damage_healed":0.0,"max_hp_gain":0.0,"max_hp_loss":0.0,"gold_gain":0.0,"event_name":"Bonfire Elementals","player_choice":"Offered Basic","floor":28.0,"gold_loss":0.0,"damage_taken":0.0},{"damage_healed":0.0,"max_hp_gain":0.0,"max_hp_loss":0.0,"gold_gain":0.0,"event_name":"Match and Keep!","player_choice":"2 cards matched","floor":36.0,"gold_loss":0.0,"damage_taken":0.0,"cards_obtained":["Loop","Amplify"]},{"damage_healed":0.0,"max_hp_gain":0.0,"max_hp_loss":0.0,"gold_gain":222.0,"event_name":"Tomb of Lord Red Mask","player_choice":"Wore Mask","floor":45.0,"gold_loss":0.0,"damage_taken":0.0}],"is_beta":false,"boss_relics":[{"not_picked":["Tiny House","Eternal Feather"],"picked":"Empty Cage"},{"not_picked":["White Beast Statue","Busted Crown"],"picked":"Astrolabe"}],"items_purged_floors":[30],"is_endless":false,"potions_floor_spawned":[1,7,8,14,16,18,21,22,31,33,35,38,40,44,48],"ascension_level":20}