{"gold_per_floor":[112,122,122,137,148,148,167,184,184,198,198,123,142,142,142,241,241,256,2,2,16,28,28,28,57,82,99,115,115,65,0,0,95,145,165,178,195,0,999,999,999],"floor_reached":41,"playtime":4509,"items_purged":["Pain","Decay"],"score":452,"play_id":"2ba0f7cf-60c6-48dc-85c1-99388a1fb78b","local_time":"20190705213608","is_ascension_mode":true,"campfire_choices":[{"data":"Endless Agony","floor":6,"key":"SMITH"},{"floor":11,"key":"REST"},{"floor":15,"key":"RECALL"},{"floor":23,"key":"REST"},{"floor":32,"key":"REST"},{"floor":40,"key":"REST"}],"neow_cost":"NONE","seed_source_timestamp":19562909120911,"circlet_count":0,"master_deck":["Strike_G","Strike_G","Strike_G","Strike_G","Strike_G","Defend_G","Defend_G","Defend_G","Defend_G","Defend_G","Survivor","Neutralize","Quick Slash","Adrenaline","Cloak And Dagger","Endless Agony+1","Poisoned Stab","Noxious Fumes+1","Flying Knee","Terror","Die Die Die","Blade Dance","Necronomicurse","Underhanded Strike+1","Acrobatics+1","Blur","Bane","Endless Agony","Tools of the Trade","Flechettes","Backflip+1","Flying Knee","Normality","Normality"],"relics":["Ring of the Snake","WarpedTongs","Mummified Hand","WristBlade","Ornamental Fan","Necronomicon","MutagenicStrength","Pen Nib","Smiling Mask","Tiny House","Red Mask"],"potions_floor_usage":[4,16,22,33,41,41],"damage_taken":[{"damage":0,"enemies":"2 Louse","floor":1,"turns":3},{"damage":1,"enemies":"Cultist","floor":2,"turns":4},{"damage":0,"enemies":"Small Slimes","floor":4,"turns":2},{"damage":8,"enemies":"2 Fungi Beasts","floor":5,"turns":4},{"damage":0,"enemies":"Blue Slaver","floor":7,"turns":2},{"damage":6,"enemies":"Looter","floor":8,"turns":3},{"damage":5,"enemies":"3 Louse","floor":10,"turns":3},{"damage":2,"enemies":"Exordium Thugs","floor":13,"turns":5},{"damage":29,"enemies":"Hexaghost","floor":16,"turns":6},{"damage":4,"enemies":"2 Thieves","floor":18,"turns":4},{"damage":0,"enemies":"Spheric Guardian","floor":21,"turns":3},{"damage":19,"enemies":"Shelled Parasite and Fungi","floor":22,"turns":4},{"damage":22,"enemies":"Book of Stabbing","floor":25,"turns":4},{"damage":0,"enemies":"Chosen and Byrds","floor":27,"turns":3},{"damage":12,"enemies":"Snake Plant","floor":28,"turns":3},{"damage":29,"enemies":"Automaton","floor":33,"turns":10},{"damage":10,"enemies":"3 Darklings","floor":35,"turns":6},{"damage":11,"enemies":"Orb Walker","floor":36,"turns":2},{"damage":44,"enemies":"Writhing Mass","floor":37,"turns":5},{"damage":84,"enemies":"Nemesis","floor":41,"turns":6}],"seed_played":"8711620823646947688","potions_obtained":[{"floor":2,"key":"GamblersBrew"},{"floor":4,"key":"SpeedPotion"},{"floor":8,"key":"LiquidBronze"},{"floor":13,"key":"LiquidBronze"},{"floor":16,"key":"Energy Potion"},{"floor":21,"key":"Fire Potion"},{"floor":27,"key":"SkillPotion"},{"floor":28,"key":"Ancient Potion"},{"floor":34,"key":"Energy Potion"}],"is_trial":false,"path_per_floor":["M","M","?","M","M","R","M","M","T","M","R","$","M","$","R","B",null,"M","$","?","M","M","R","?","E","T","M","M","?","$","?","R","B",null,"M","M","M","?","?","R","E"],"character_chosen":"THE_SILENT","items_purchased":["Ornamental Fan"],"campfire_rested":4,"item_purchase_floors":[19],"current_hp_per_floor":[77,76,76,76,68,68,68,62,62,57,77,77,75,75,75,46,77,73,73,57,57,38,61,61,39,39,39,27,27,27,27,50,21,82,72,61,17,17,17,41,0],"gold":999,"neow_bonus":"TEN_PERCENT_HP_BONUS","is_prod":false,"is_daily":false,"chose_seed":false,"campfire_upgraded":1,"win_rate":0,"timestamp":1562380568,"path_taken":["M","M","?","M","?","R","M","?","T","M","R","?","M","$","R","BOSS","M","$","?","M","M","R","?","E","T","M","M","?","$","?","R","BOSS","M","M","M","?","?","R","E"],"build_version":"2019-07-05","purchased_purges":2,"victory":false,"max_hp_per_floor":[77,77,77,77,77,77,77,77,77,77,77,77,77,77,77,77,77,77,77,77,77,77,77,77,77,77,77,77,77,77,77,77,77,82,82,82,82,82,82,82,82],"card_choices":[{"not_picked":["Deflect","Dodge and Roll"],"picked":"Quick Slash","floor":1},{"not_picked":["Deadly Poison","Noxious Fumes"],"picked":"Adrenaline","floor":2},{"not_picked":["Crippling Poison","Prepared"],"picked":"Cloak And Dagger","floor":4},{"not_picked":["Masterful Stab","Heel Hook"],"picked":"Endless Agony","floor":5},{"not_picked":["Deadly Poison","Skewer"],"picked":"Poisoned Stab","floor":7},{"not_picked":["Poisoned Stab","Deflect"],"picked":"Noxious Fumes","floor":8},{"not_picked":["Expertise","Backflip"],"picked":"Flying Knee","floor":10},{"not_picked":["Blur","Choke"],"picked":"Terror","floor":13},{"not_picked":["Venomology","Adrenaline"],"picked":"Die Die Die","floor":16},{"not_picked":["Deadly Poison","Prepared"],"picked":"Blade Dance","floor":18},{"not_picked":["Blur","Bane"],"picked":"Underhanded Strike+1","floor":21},{"not_picked":["Outmaneuver","Sucker Punch"],"picked":"Acrobatics+1","floor":22},{"not_picked":["Deflect","Masterful Stab"],"picked":"Blur","floor":25},{"not_picked":["Acrobatics","Dodge and Roll"],"picked":"Bane","floor":27},{"not_picked":["Expertise","Deflect+1"],"picked":"Endless Agony","floor":28},{"not_picked":["Storm of Steel","Doppelganger"],"picked":"Tools of the Trade","floor":33},{"not_picked":["Dodge and Roll","Deadly Poison"],"picked":"Flechettes","floor":34},{"not_picked":["Expertise","Calculated Gamble+1","Deadly Poison+1"],"picked":"SKIP","floor":35},{"not_picked":["Reflex","Riddle With Holes+1"],"picked":"Backflip+1","floor":36},{"not_picked":["Quick Slash","Dagger Throw+1"],"picked":"Flying Knee","floor":37}],"player_experience":113878,"relics_obtained":[{"floor":9,"key":"Mummified Hand"},{"floor":20,"key":"Necronomicon"},{"floor":25,"key":"Pen Nib"},{"floor":26,"key":"Smiling Mask"}],"event_choices":[{"damage_healed":0,"gold_gain":0,"player_choice":"Rummage","damage_taken":0,"relics_obtained":["WarpedTongs"],"max_hp_gain":0,"max_hp_loss":0,"event_name":"Accursed Blacksmith","floor":3,"gold_loss":0,"cards_obtained":["Pain"]},{"damage_healed":0,"gold_gain":0,"player_choice":"Obtained Book","damage_taken":16,"max_hp_gain":0,"max_hp_loss":0,"event_name":"Cursed Tome","floor":20,"gold_loss":0},{"damage_healed":0,"gold_gain":0,"player_choice":"Inject Mutagens","damage_taken":0,"relics_obtained":["MutagenicStrength"],"max_hp_gain":0,"max_hp_loss":0,"event_name":"Drug Dealer","floor":24,"gold_loss":0},{"damage_healed":0,"gold_gain":0,"player_choice":"Smashed Altar","damage_taken":0,"max_hp_gain":0,"max_hp_loss":0,"event_name":"Forgotten Altar","floor":29,"gold_loss":0,"cards_obtained":["Decay"]},{"damage_healed":0,"gold_gain":0,"player_choice":"Paid Fearfully","damage_taken":0,"max_hp_gain":0,"max_hp_loss":0,"event_name":"Masked Bandits","floor":31,"gold_loss":65},{"damage_healed":0,"gold_gain":0,"player_choice":"Paid","damage_taken":0,"relics_obtained":["Red Mask"],"max_hp_gain":0,"max_hp_loss":0,"event_name":"Tomb of Lord Red Mask","floor":38,"gold_loss":195},{"damage_healed":0,"gold_gain":999,"player_choice":"Gold","damage_taken":0,"max_hp_gain":0,"max_hp_loss":0,"event_name":"MindBloom","floor":39,"gold_loss":0,"cards_obtained":["Normality","Normality"]}],"is_beta":false,"boss_relics":[{"not_picked":["Snecko Eye","Runic Dome"],"picked":"WristBlade"},{"not_picked":["Empty Cage","Sozu"],"picked":"Tiny House"}],"items_purged_floors":[12,30],"is_endless":false,"potions_floor_spawned":[2,4,8,13,16,21,27,28,35],"killed_by":"Nemesis","ascension_level":1}