{"gold_per_floor":[118,193,213,56,106,137,157,157,157,157,173,190,208,233,233,304,304,319,319,337,73,90,90,110,110,110,110,130,130,147,147,147,224,224,238,288,308,318,318,318,350,362,388,413,413,428,452,8,8,8,8,8,8,8,37,37],"floor_reached":56,"playtime":2194,"items_purged":["Strike_B","Strike_B"],"score":2088,"play_id":"250061d2-f9d6-4812-a5f4-c63ad6aabf20","local_time":"20190809115652","is_ascension_mode":true,"campfire_choices":[{"data":"Heatsinks","floor":8.0,"key":"SMITH"},{"data":"Zap","floor":10.0,"key":"SMITH"},{"data":"Dualcast","floor":15.0,"key":"SMITH"},{"data":"Storm","floor":23.0,"key":"SMITH"},{"data":"Turbo","floor":27.0,"key":"SMITH"},{"data":"Heatsinks","floor":29.0,"key":"SMITH"},{"data":"Amplify","floor":32.0,"key":"SMITH"},{"data":"Turbo","floor":40.0,"key":"SMITH"},{"data":"Defragment","floor":45.0,"key":"SMITH"},{"floor":49.0,"key":"RECALL"},{"data":"Recycle","floor":53.0,"key":"SMITH"}],"neow_cost":"NONE","seed_source_timestamp":1012811205575951,"circlet_count":0,"master_deck":["AscendersBane","Defend_B","Defend_B","Defend_B","Defend_B","Zap+1","Dualcast+1","Turbo+1","Heatsinks+1","Undo","Coolheaded","Storm+1","Static Discharge","Melter","Heatsinks+1","Hologram","Echo Form","Machine Learning+1","Steam Power+1","Thunder Strike+1","Turbo+1","Sunder+1","Auto Shields","Loop+1","Self Repair","Amplify+1","Echo Form","Lockon+1","Capacitor+1","Skim+1","Double Energy","All For One","Defragment+1","Recycle+1","Double Energy","Hologram","Hologram"],"special_seed":0,"relics":["Cracked Core","NeowsBlessing","Mummified Hand","Kunai","Anchor","Astrolabe","Membership Card","Pantograph","Inserter","The Courier","Pen Nib","Thread and Needle","Omamori","Bag of Preparation","Pocketwatch","Turnip","Mango"],"potions_floor_usage":[],"damage_taken":[{"damage":0.0,"enemies":"2 Louse","floor":1.0,"turns":1.0},{"damage":0.0,"enemies":"Cultist","floor":3.0,"turns":1.0},{"damage":0.0,"enemies":"3 Sentries","floor":6.0,"turns":1.0},{"damage":0.0,"enemies":"Jaw Worm","floor":7.0,"turns":3.0},{"damage":7.0,"enemies":"Exordium Wildlife","floor":11.0,"turns":3.0},{"damage":0.0,"enemies":"Looter","floor":12.0,"turns":3.0},{"damage":7.0,"enemies":"Blue Slaver","floor":13.0,"turns":3.0},{"damage":6.0,"enemies":"Gremlin Nob","floor":14.0,"turns":3.0},{"damage":36.0,"enemies":"Slime Boss","floor":16.0,"turns":10.0},{"damage":11.0,"enemies":"Shell Parasite","floor":18.0,"turns":3.0},{"damage":12.0,"enemies":"Chosen","floor":20.0,"turns":5.0},{"damage":0.0,"enemies":"Centurion and Healer","floor":22.0,"turns":5.0},{"damage":11.0,"enemies":"3 Cultists","floor":24.0,"turns":4.0},{"damage":4.0,"enemies":"Snake Plant","floor":28.0,"turns":2.0},{"damage":0.0,"enemies":"Sentry and Sphere","floor":30.0,"turns":2.0},{"damage":28.0,"enemies":"Champ","floor":33.0,"turns":7.0},{"damage":4.0,"enemies":"3 Shapes","floor":35.0,"turns":3.0},{"damage":9.0,"enemies":"Orb Walker","floor":37.0,"turns":3.0},{"damage":1.0,"enemies":"Sphere and 2 Shapes","floor":38.0,"turns":3.0},{"damage":0.0,"enemies":"Reptomancer","floor":41.0,"turns":3.0},{"damage":5.0,"enemies":"3 Darklings","floor":42.0,"turns":3.0},{"damage":6.0,"enemies":"Giant Head","floor":44.0,"turns":3.0},{"damage":2.0,"enemies":"Writhing Mass","floor":46.0,"turns":2.0},{"damage":8.0,"enemies":"Awakened One","floor":50.0,"turns":3.0},{"damage":0.0,"enemies":"Donu and Deca","floor":51.0,"turns":3.0},{"damage":6.0,"enemies":"Shield and Spear","floor":55.0,"turns":3.0},{"damage":93,"enemies":"The Heart","floor":56,"turns":5}],"seed_played":"4713285482693363715","potions_obtained":[{"floor":3.0,"key":"Fruit Juice"},{"floor":6.0,"key":"Block Potion"},{"floor":7.0,"key":"PowerPotion"},{"floor":11.0,"key":"Block Potion"},{"floor":18.0,"key":"Block Potion"},{"floor":24.0,"key":"Fire Potion"},{"floor":30.0,"key":"Swift Potion"},{"floor":41.0,"key":"Block Potion"},{"floor":46.0,"key":"SkillPotion"}],"is_trial":false,"path_per_floor":["M","?","M","$","?","E","M","R","T","R","M","M","M","E","R","B",null,"M","?","M","$","M","R","M","T","T","R","M","R","M","?","R","B",null,"M","?","M","M","?","R","E","M","T","E","R","M","T","$","R","B","B",null,"R","$","E","B"],"character_chosen":"DEFECT","items_purchased":["Heatsinks","Undo","Membership Card","Recycle","Bag of Preparation","Pocketwatch","Turnip","Double Energy","Hologram"],"campfire_rested":0,"item_purchase_floors":[4,4,21,48,48,48,48,48,48],"current_hp_per_floor":[64,53,53,53,53,53,53,53,53,53,51,51,44,38,38,2,58,47,47,35,35,35,35,24,24,24,24,20,20,20,20,20,31,65,68,61,52,65,65,65,76,76,76,76,76,76,76,76,76,75,76,76,76,76,90,0],"gold":37,"neow_bonus":"THREE_ENEMY_KILL","is_prod":false,"is_daily":false,"chose_seed":false,"campfire_upgraded":10,"win_rate":0,"timestamp":1565323012,"path_taken":["M","?","M","$","?","E","M","R","T","R","M","?","M","E","R","BOSS","M","?","M","$","M","R","M","?","T","R","M","R","M","?","R","BOSS","M","?","M","?","?","R","E","M","T","E","R","M","?","$","R","BOSS","BOSS","R","$","E","BOSS"],"build_version":"2019-07-17","purchased_purges":2,"victory":false,"max_hp_per_floor":[71,71,71,71,71,71,71,71,71,71,76,76,76,76,76,76,76,76,76,76,76,76,76,76,76,76,76,76,76,76,76,76,76,76,76,76,76,76,76,76,76,76,76,76,76,76,76,76,76,76,76,76,76,76,90,90],"card_choices":[{"not_picked":["Beam Cell","Sweeping Beam"],"picked":"Ball Lightning","floor":1.0},{"not_picked":["Hologram","Barrage"],"picked":"Turbo","floor":3.0},{"not_picked":["Thunder Strike","Steam Power"],"picked":"Coolheaded","floor":6.0},{"not_picked":["Ball Lightning","Barrage"],"picked":"Storm","floor":7.0},{"not_picked":["Turbo","Stack"],"picked":"Static Discharge","floor":11.0},{"not_picked":["Coolheaded","Sweeping Beam"],"picked":"Melter","floor":12.0},{"not_picked":["Hello World","Leap"],"picked":"Heatsinks","floor":13.0},{"not_picked":["Chaos","Melter"],"picked":"Hologram","floor":14.0},{"not_picked":["Seek","Machine Learning"],"picked":"Echo Form","floor":16.0},{"not_picked":["Compile Driver","Streamline"],"picked":"Turbo","floor":18.0},{"not_picked":["Streamline","Redo"],"picked":"Sunder+1","floor":20.0},{"not_picked":["Rebound","Redo","Tempest"],"picked":"SKIP","floor":22.0},{"not_picked":["Steam","FTL"],"picked":"Auto Shields","floor":24.0},{"not_picked":["Hologram","Tempest"],"picked":"Loop+1","floor":28.0},{"not_picked":["Ball Lightning","Rebound"],"picked":"Self Repair","floor":30.0},{"not_picked":["Hyperbeam","Machine Learning"],"picked":"Echo Form","floor":33.0},{"not_picked":["Compile Driver+1","Self Repair"],"picked":"Lockon+1","floor":35.0},{"not_picked":["Gash+1","Reprogram"],"picked":"Capacitor+1","floor":37.0},{"not_picked":["Steam","Coolheaded"],"picked":"Skim+1","floor":38.0},{"not_picked":["Compile Driver+1","Stack+1"],"picked":"Double Energy","floor":41.0},{"not_picked":["Cold Snap","Beam Cell"],"picked":"All For One","floor":42.0},{"not_picked":["Gash","Compile Driver"],"picked":"Defragment","floor":44.0},{"not_picked":["Rebound","Coolheaded","Conserve Battery"],"picked":"SKIP","floor":46.0},{"not_picked":["Stack","Steam"],"picked":"Hologram","floor":55.0}],"player_experience":2120332,"relics_obtained":[{"floor":6.0,"key":"Mummified Hand"},{"floor":9.0,"key":"Kunai"},{"floor":14.0,"key":"Anchor"},{"floor":25.0,"key":"Pantograph"},{"floor":41.0,"key":"The Courier"},{"floor":43.0,"key":"Pen Nib"},{"floor":44.0,"key":"Thread and Needle"},{"floor":47.0,"key":"Omamori"},{"floor":55.0,"key":"Mango"}],"event_choices":[{"damage_healed":0.0,"max_hp_gain":0.0,"max_hp_loss":0.0,"gold_gain":75.0,"event_name":"World of Goop","player_choice":"Gather Gold","floor":2.0,"gold_loss":0.0,"damage_taken":11.0},{"damage_healed":0.0,"max_hp_gain":0.0,"max_hp_loss":0.0,"gold_gain":50.0,"event_name":"Golden Shrine","player_choice":"Pray","floor":5.0,"gold_loss":0.0,"damage_taken":0.0},{"damage_healed":0.0,"max_hp_gain":0.0,"max_hp_loss":0.0,"gold_gain":0.0,"event_name":"Vampires","player_choice":"Ignored","floor":19.0,"gold_loss":0.0,"damage_taken":0.0},{"damage_healed":0.0,"max_hp_gain":0.0,"max_hp_loss":0.0,"gold_gain":0.0,"event_name":"The Library","player_choice":"Read","floor":31.0,"gold_loss":0.0,"damage_taken":0.0,"cards_obtained":["Amplify"]},{"damage_healed":0.0,"max_hp_gain":0.0,"max_hp_loss":0.0,"gold_gain":50.0,"event_name":"FaceTrader","player_choice":"Touch","floor":36.0,"gold_loss":0.0,"damage_taken":7.0},{"damage_healed":0.0,"max_hp_gain":0.0,"max_hp_loss":0.0,"gold_gain":0.0,"event_name":"Tomb of Lord Red Mask","player_choice":"Ignored","floor":39.0,"gold_loss":0.0,"damage_taken":0.0}],"is_beta":false,"boss_relics":[{"not_picked":["FrozenCore","Tiny House"],"picked":"Astrolabe"},{"not_picked":["Philosopher\u0027s Stone","Snecko Eye"],"picked":"Inserter"}],"items_purged_floors":[21,48],"is_endless":false,"potions_floor_spawned":[3,6,7,11,18,24,30,37,38,41,46],"killed_by":"The Heart","ascension_level":20}