{"gold_per_floor":[110,130,130,143,153,186,199,209,284,314,314,391,417,134,134,231,231,246,261,261,351,368,368,368],"floor_reached":24,"playtime":3262,"items_purged":[],"score":251,"play_id":"b46a817a-ae36-49f6-9136-11f75b180cd7","local_time":"20190901004203","is_ascension_mode":true,"campfire_choices":[{"floor":15,"key":"REST"},{"floor":23,"key":"REST"}],"neow_cost":"NONE","seed_source_timestamp":246539071341700,"circlet_count":0,"master_deck":["Strike_R","Strike_R","Strike_R","Strike_R","Strike_R","Defend_R","Defend_R","Defend_R+1","Defend_R+1","Bash","Rampage","Cleave","Pommel Strike","Anger","Anger","Immolate","Cleave","Perfected Strike","Heavy Blade","Bludgeon","Wild Strike","Shame","Power Through+1"],"relics":["Burning Blood","NeowsBlessing","Juzu Bracelet","The Courier","War Paint","FossilizedHelix","Oddly Smooth Stone","MealTicket","Busted Crown","Orichalcum"],"potions_floor_usage":[6,6,6,13,24],"damage_taken":[{"damage":0,"enemies":"Cultist","floor":1,"turns":1},{"damage":0,"enemies":"2 Louse","floor":2,"turns":1},{"damage":0,"enemies":"Jaw Worm","floor":4,"turns":1},{"damage":12,"enemies":"Looter","floor":5,"turns":3},{"damage":50,"enemies":"Lagavulin","floor":6,"turns":6},{"damage":0,"enemies":"Large Slime","floor":7,"turns":5},{"damage":31,"enemies":"Exordium Thugs","floor":8,"turns":4},{"damage":25,"enemies":"3 Sentries","floor":10,"turns":3},{"damage":19,"enemies":"Lagavulin","floor":13,"turns":4},{"damage":30,"enemies":"Slime Boss","floor":16,"turns":10},{"damage":26,"enemies":"Shell Parasite","floor":18,"turns":4},{"damage":6,"enemies":"Chosen","floor":19,"turns":3},{"damage":9,"enemies":"Snecko","floor":22,"turns":4},{"damage":81,"enemies":"Gremlin Leader","floor":24,"turns":5}],"seed_played":"501578898327714014","potions_obtained":[{"floor":1,"key":"BloodPotion"},{"floor":2,"key":"Strength Potion"},{"floor":3,"key":"BloodPotion"},{"floor":6,"key":"FairyPotion"},{"floor":10,"key":"Poison Potion"},{"floor":22,"key":"Swift Potion"}],"is_trial":false,"path_per_floor":["M","M","?","M","M","E","M","M","T","E","?","?","E","$","R","B",null,"M","M","?","?","M","R","E"],"character_chosen":"IRONCLAD","items_purchased":["Oddly Smooth Stone","MealTicket"],"campfire_rested":2,"item_purchase_floors":[14,14],"current_hp_per_floor":[80,80,80,80,74,70,76,51,51,32,58,58,45,45,69,45,80,60,60,60,44,41,65,0],"gold":368,"neow_bonus":"THREE_ENEMY_KILL","is_prod":false,"is_daily":false,"chose_seed":false,"campfire_upgraded":0,"win_rate":0,"timestamp":1567316523,"path_taken":["M","M","?","M","M","E","M","M","T","E","?","?","E","?","R","BOSS","M","M","?","?","M","R","E"],"build_version":"2019-07-17","purchased_purges":0,"victory":false,"max_hp_per_floor":[80,80,80,80,80,80,80,80,80,80,80,80,80,80,80,80,80,80,80,80,80,80,80,80],"card_choices":[{"not_picked":["Reckless Charge","Fire Breathing"],"picked":"Rampage","floor":1},{"not_picked":["Sever Soul","Iron Wave"],"picked":"Cleave","floor":2},{"not_picked":["Combust","Iron Wave"],"picked":"Pommel Strike","floor":4},{"not_picked":["Perfected Strike","Battle Trance"],"picked":"Anger","floor":5},{"not_picked":["Evolve","Second Wind"],"picked":"Anger","floor":6},{"not_picked":["Inflame","Battle Trance"],"picked":"Immolate","floor":7},{"not_picked":["Iron Wave","Thunderclap"],"picked":"Cleave","floor":8},{"not_picked":["Body Slam","Pommel Strike"],"picked":"Perfected Strike","floor":10},{"not_picked":["Impervious","Bloodletting"],"picked":"Heavy Blade","floor":13},{"not_picked":["Impervious","Exhume"],"picked":"Bludgeon","floor":16},{"not_picked":["Battle Trance+1"],"picked":"SKIP","floor":18},{"not_picked":[],"picked":"Wild Strike","floor":19},{"not_picked":[],"picked":"Power Through+1","floor":22}],"player_experience":380361,"relics_obtained":[{"floor":6,"key":"Juzu Bracelet"},{"floor":9,"key":"The Courier"},{"floor":10,"key":"War Paint"},{"floor":13,"key":"FossilizedHelix"}],"event_choices":[{"damage_healed":0,"gold_gain":0,"player_choice":"Got Potions","damage_taken":0,"max_hp_gain":0,"max_hp_loss":0,"event_name":"Lab","floor":3,"gold_loss":0},{"damage_healed":26,"gold_gain":0,"player_choice":"Banana","damage_taken":0,"max_hp_gain":0,"max_hp_loss":0,"event_name":"Big Fish","floor":11,"gold_loss":0},{"damage_healed":0,"gold_gain":77,"player_choice":"Gained Gold","damage_taken":0,"max_hp_gain":0,"max_hp_loss":0,"event_name":"Golden Wing","floor":12,"gold_loss":0},{"damage_healed":0,"gold_gain":0,"player_choice":"Stole Relic","damage_taken":0,"relics_obtained":["Orichalcum"],"max_hp_gain":0,"max_hp_loss":0,"event_name":"Addict","floor":20,"gold_loss":0,"cards_obtained":["Shame"]},{"damage_healed":0,"gold_gain":90,"player_choice":"GOLD ","damage_taken":16,"max_hp_gain":0,"max_hp_loss":0,"event_name":"Knowing Skull","floor":21,"potions_obtained":[],"gold_loss":0,"cards_obtained":[]}],"is_beta":false,"boss_relics":[{"not_picked":["Lizard Tail","Runic Cube"],"picked":"Busted Crown"}],"items_purged_floors":[],"is_endless":false,"potions_floor_spawned":[1,2,6,10,22],"killed_by":"Gremlin Leader","ascension_level":3}