{"gold_per_floor":[16,16,16,16,16,16,35,35,62,78,78,106,106,126,126,227,227,238,163,178,178,192,192,222,61,61,61,61,80,80,100,100,100],"floor_reached":33,"playtime":2153,"items_purged":["Choke+1"],"score":288,"play_id":"2859d0b2-f864-401e-bf72-45d6d40a7eb8","local_time":"20190827015243","is_ascension_mode":false,"campfire_choices":[{"data":"Slice","floor":6,"key":"SMITH"},{"data":"Endless Agony","floor":8,"key":"SMITH"},{"data":"Dash","floor":11,"key":"SMITH"},{"data":"Choke","floor":13,"key":"SMITH"},{"data":"Flying Knee","floor":15,"key":"SMITH"},{"data":"Phantasmal Killer","floor":23,"key":"SMITH"},{"floor":27,"key":"REST"},{"data":"Survivor","floor":30,"key":"SMITH"},{"floor":32,"key":"REST"}],"neow_cost":"NO_GOLD","seed_source_timestamp":1131039925760999,"circlet_count":0,"master_deck":["Strike_G","Strike_G","Defend_G","Defend_G","Defend_G","Defend_G","Defend_G","Survivor+1","Neutralize+1","Phantasmal Killer+1","Expertise","Slice+1","Endless Agony+1","Dash+1","Flying Knee+1","A Thousand Cuts","Riddle With Holes","Deflect","Deflect","Outmaneuver+1","Purity","Backstab","Dagger Throw+1"],"relics":["Ring of the Snake","Strawberry","Ninja Scroll","Runic Pyramid","Mango","Darkstone Periapt"],"potions_floor_usage":[],"damage_taken":[{"damage":0,"enemies":"2 Louse","floor":1,"turns":6},{"damage":0,"enemies":"Small Slimes","floor":7,"turns":4},{"damage":0,"enemies":"Cultist","floor":10,"turns":3},{"damage":5,"enemies":"Gremlin Nob","floor":12,"turns":4},{"damage":2,"enemies":"Exordium Wildlife","floor":14,"turns":2},{"damage":47,"enemies":"Hexaghost","floor":16,"turns":11},{"damage":7,"enemies":"Shell Parasite","floor":18,"turns":4},{"damage":15,"enemies":"2 Thieves","floor":20,"turns":4},{"damage":18,"enemies":"Snake Plant","floor":22,"turns":5},{"damage":25,"enemies":"Slavers","floor":24,"turns":7},{"damage":5,"enemies":"3 Cultists","floor":29,"turns":6},{"damage":10,"enemies":"Snecko","floor":31,"turns":5},{"damage":74,"enemies":"Champ","floor":33,"turns":16}],"seed_played":"-1659106913164890165","potions_obtained":[{"floor":1,"key":"Ancient Potion"},{"floor":18,"key":"Ancient Potion"},{"floor":22,"key":"Weak Potion"},{"floor":31,"key":"AttackPotion"}],"is_trial":false,"path_per_floor":["M","?","?","$","?","R","M","R","T","M","R","E","R","M","R","B",null,"M","?","M","?","M","R","E","$","T","R","$","M","R","M","R","B"],"character_chosen":"THE_SILENT","items_purchased":["Purity"],"campfire_rested":2,"item_purchase_floors":[25],"current_hp_per_floor":[70,70,75,75,75,75,75,75,82,82,82,77,77,75,75,28,82,75,75,60,60,42,42,31,31,31,59,59,54,54,44,72,0],"gold":100,"neow_bonus":"TRANSFORM_TWO_CARDS","is_prod":false,"is_daily":false,"chose_seed":false,"campfire_upgraded":7,"win_rate":0.0,"timestamp":1566863563,"path_taken":["M","?","?","$","?","R","M","R","T","M","R","E","R","M","R","BOSS","M","?","M","?","M","R","E","$","T","R","$","?","R","M","R","BOSS"],"build_version":"2019-07-17","purchased_purges":1,"victory":false,"max_hp_per_floor":[70,70,75,75,75,75,75,75,82,82,82,82,82,82,82,82,82,82,82,82,82,82,82,96,96,96,96,96,96,96,96,96,96],"card_choices":[{"not_picked":["Expertise","PiercingWail"],"picked":"Slice","floor":1},{"not_picked":["Flying Knee","Acrobatics"],"picked":"Endless Agony","floor":7},{"not_picked":["Quick Slash","Bouncing Flask"],"picked":"Dash","floor":10},{"not_picked":["Underhanded Strike","Expertise"],"picked":"Choke","floor":12},{"not_picked":["Poisoned Stab","Backstab"],"picked":"Flying Knee","floor":14},{"not_picked":["Bullet Time","Doppelganger"],"picked":"A Thousand Cuts","floor":16},{"not_picked":["Poisoned Stab","Bouncing Flask+1"],"picked":"Riddle With Holes","floor":18},{"not_picked":["Endless Agony","Blade Dance"],"picked":"Deflect","floor":20},{"not_picked":["Underhanded Strike","Dagger Throw"],"picked":"Deflect","floor":22},{"not_picked":["Backstab+1","Crippling Poison"],"picked":"Outmaneuver+1","floor":24},{"not_picked":["Noxious Fumes","PiercingWail"],"picked":"Backstab","floor":29},{"not_picked":["Tactician","PiercingWail+1"],"picked":"Dagger Throw+1","floor":31}],"player_experience":35033,"relics_obtained":[{"floor":9,"key":"Strawberry"},{"floor":12,"key":"Ninja Scroll"},{"floor":24,"key":"Mango"},{"floor":26,"key":"Darkstone Periapt"}],"event_choices":[{"damage_healed":0,"gold_gain":0,"player_choice":"Grow","damage_taken":0,"max_hp_gain":0,"max_hp_loss":0,"event_name":"Living Wall","floor":2,"gold_loss":0,"cards_upgraded":["Neutralize"]},{"damage_healed":0,"gold_gain":0,"player_choice":"Donut","damage_taken":0,"max_hp_gain":5,"max_hp_loss":0,"event_name":"Big Fish","floor":3,"gold_loss":0},{"damage_healed":0,"gold_gain":0,"player_choice":"Ignored","damage_taken":0,"max_hp_gain":0,"max_hp_loss":0,"event_name":"Liars Game","floor":5,"gold_loss":0},{"cards_removed":["Strike_G"],"damage_healed":0,"gold_gain":0,"player_choice":"Gave Gold","damage_taken":0,"max_hp_gain":0,"max_hp_loss":0,"event_name":"Beggar","floor":19,"gold_loss":75},{"damage_healed":0,"gold_gain":0,"player_choice":"Leave","damage_taken":0,"max_hp_gain":0,"max_hp_loss":0,"event_name":"FaceTrader","floor":21,"gold_loss":0}],"is_beta":false,"boss_relics":[{"not_picked":["Runic Dome","Ectoplasm"],"picked":"Runic Pyramid"}],"items_purged_floors":[25],"is_endless":false,"potions_floor_spawned":[1,18,22,31],"killed_by":"Champ","ascension_level":0}