{"gold_per_floor":[110,110,185,185,38,38,72,89,113,288,299,299,249,260,260,365,365,385,113,130,162,175,175,175],"floor_reached":24,"playtime":1797,"items_purged":[],"score":204,"play_id":"9a119f36-15b0-4786-8b49-51cfd0c77cd9","local_time":"20190703213241","is_ascension_mode":true,"campfire_choices":[{"floor":6,"key":"REST"},{"floor":12,"key":"REST"},{"floor":15,"key":"REST"},{"floor":23,"key":"REST"}],"neow_cost":"NONE","seed_source_timestamp":1344374158826704,"circlet_count":0,"master_deck":["Strike_B","Strike_B","Strike_B","Strike_B","Defend_B","Defend_B","Defend_B","Defend_B","Zap","Dualcast","Beam Cell","Ball Lightning","Turbo","Chill","Go for the Eyes","Seek","Steam+1","Streamline","Redo","Sweeping Beam"],"relics":["Cracked Core","Strawberry","Ice Cream","Bag of Marbles","Dodecahedron","Inserter","Membership Card","Bronze Scales","Red Mask"],"potions_floor_usage":[16,16],"damage_taken":[{"damage":6,"enemies":"Jaw Worm","floor":1,"turns":3},{"damage":37,"enemies":"3 Sentries","floor":7,"turns":9},{"damage":7,"enemies":"2 Louse","floor":8,"turns":2},{"damage":0,"enemies":"Small Slimes","floor":11,"turns":3},{"damage":0,"enemies":"Exordium Wildlife","floor":14,"turns":2},{"damage":56,"enemies":"The Guardian","floor":16,"turns":10},{"damage":17,"enemies":"Chosen","floor":18,"turns":5},{"damage":20,"enemies":"Spheric Guardian","floor":20,"turns":4},{"damage":26,"enemies":"Masked Bandits","floor":21,"turns":4},{"damage":18,"enemies":"Snecko","floor":22,"turns":5},{"damage":31,"enemies":"Shelled Parasite and Fungi","floor":24,"turns":4}],"seed_played":"-337545021167911653","potions_obtained":[{"floor":7,"key":"Poison Potion"},{"floor":11,"key":"Explosive Potion"},{"floor":16,"key":"Weak Potion"},{"floor":20,"key":"Dexterity Potion"},{"floor":21,"key":"Poison Potion"}],"is_trial":false,"path_per_floor":["M","$","?","?","$","R","E","M","T","?","M","R","?","M","R","B",null,"M","$","M","?","M","R","M"],"character_chosen":"DEFECT","items_purchased":["Bag of Marbles","Membership Card","Bronze Scales"],"campfire_rested":4,"item_purchase_floors":[5,19,19],"current_hp_per_floor":[76,76,65,53,53,77,40,33,33,33,33,57,57,57,81,25,82,65,65,45,19,1,25,0],"gold":175,"neow_bonus":"RANDOM_COMMON_RELIC","is_prod":false,"is_daily":false,"chose_seed":false,"campfire_upgraded":0,"win_rate":0,"timestamp":1562207561,"path_taken":["M","$","?","?","$","R","E","M","T","?","M","R","?","M","R","BOSS","M","$","M","?","M","R","M"],"build_version":"2019-07-01","purchased_purges":0,"victory":false,"max_hp_per_floor":[82,82,82,82,82,82,82,82,82,82,82,82,82,82,82,82,82,82,82,82,82,82,82,82],"card_choices":[{"not_picked":["Chaos","Coolheaded"],"picked":"Beam Cell","floor":1},{"not_picked":["Double Energy","Rebound"],"picked":"Ball Lightning","floor":7},{"not_picked":["Genetic Algorithm","Hologram"],"picked":"Turbo","floor":8},{"not_picked":["Storm","Genetic Algorithm"],"picked":"Chill","floor":11},{"not_picked":["Melter","Cold Snap"],"picked":"Go for the Eyes","floor":14},{"not_picked":["Rainbow","Multi-Cast"],"picked":"Seek","floor":16},{"not_picked":["Ball Lightning","Leap"],"picked":"Steam+1","floor":18},{"not_picked":["Beam Cell","Leap"],"picked":"Streamline","floor":20},{"not_picked":["Streamline","Ball Lightning"],"picked":"Redo","floor":21},{"not_picked":["Streamline","Force Field"],"picked":"Sweeping Beam","floor":22}],"player_experience":103006,"relics_obtained":[{"floor":7,"key":"Dodecahedron"},{"floor":21,"key":"Red Mask"}],"event_choices":[{"damage_healed":0,"gold_gain":75,"player_choice":"Gather Gold","damage_taken":11,"max_hp_gain":0,"max_hp_loss":0,"event_name":"World of Goop","floor":3,"gold_loss":0},{"damage_healed":0,"gold_gain":0,"player_choice":"Success","damage_taken":12,"relics_obtained":["Ice Cream"],"max_hp_gain":0,"max_hp_loss":0,"event_name":"Scrap Ooze","floor":4,"gold_loss":0},{"damage_healed":0,"gold_gain":175,"player_choice":"AGREE","damage_taken":0,"max_hp_gain":0,"max_hp_loss":0,"event_name":"Liars Game","floor":10,"gold_loss":0,"cards_obtained":["Doubt"]},{"cards_removed":["Doubt"],"damage_healed":0,"gold_gain":0,"player_choice":"Card Removal","damage_taken":0,"max_hp_gain":0,"max_hp_loss":0,"event_name":"The Cleric","floor":13,"gold_loss":50},{"damage_healed":0,"gold_gain":0,"player_choice":"Fought Bandits","damage_taken":0,"max_hp_gain":0,"max_hp_loss":0,"event_name":"Masked Bandits","floor":21,"gold_loss":0}],"is_beta":false,"boss_relics":[{"not_picked":["Eternal Feather","Nuclear Battery"],"picked":"Inserter"}],"items_purged_floors":[],"is_endless":false,"potions_floor_spawned":[7,11,16,20,21],"killed_by":"Shelled Parasite and Fungi","ascension_level":1}