{"gold_per_floor":[111,286,301,301,96,124,142,142,142,153,167,186,286,132,132,132],"floor_reached":16,"playtime":1036,"items_purged":[],"score":127,"play_id":"9cdef3ce-fb21-41aa-8b01-457dc8da5aa3","local_time":"20190630223542","is_ascension_mode":false,"campfire_choices":[{"data":"Searing Blow","floor":8,"key":"SMITH"},{"data":"Searing Blow+1","floor":15,"key":"SMITH"}],"neow_cost":"NONE","seed_source_timestamp":1089711013299224,"circlet_count":0,"master_deck":["Strike_R","Strike_R+1","Strike_R+1","Strike_R","Strike_R","Defend_R","Defend_R","Defend_R","Defend_R","Bash","Infernal Blade","Doubt","Pommel Strike+1","Searing Blow+2","Inflame+1","Feel No Pain+1","Combust+1","Twin Strike"],"relics":["Burning Blood","NeowsBlessing","MealTicket","Frozen Egg 2","Whetstone","Juzu Bracelet"],"potions_floor_usage":[16,16,16],"damage_taken":[{"damage":0,"enemies":"Jaw Worm","floor":1,"turns":1},{"damage":0,"enemies":"2 Louse","floor":3,"turns":1},{"damage":0,"enemies":"Gremlin Nob","floor":6,"turns":1},{"damage":6,"enemies":"Cultist","floor":7,"turns":3},{"damage":11,"enemies":"3 Louse","floor":10,"turns":3},{"damage":18,"enemies":"Lots of Slimes","floor":11,"turns":3},{"damage":14,"enemies":"Exordium Thugs","floor":12,"turns":5},{"damage":72,"enemies":"The Guardian","floor":16,"turns":6}],"seed_played":"-1272939308817518532","potions_obtained":[{"floor":1,"key":"Strength Potion"},{"floor":3,"key":"AttackPotion"},{"floor":6,"key":"Energy Potion"},{"floor":11,"key":"Explosive Potion"}],"is_trial":false,"path_per_floor":["M","?","M","?","$","E","M","R","T","M","M","M","?","$","R","B"],"character_chosen":"IRONCLAD","items_purchased":["MealTicket","Juzu Bracelet"],"campfire_rested":0,"item_purchase_floors":[5,14],"current_hp_per_floor":[80,80,80,80,80,80,80,80,80,75,63,55,55,70,70,0],"gold":132,"neow_bonus":"THREE_ENEMY_KILL","is_prod":false,"is_daily":false,"chose_seed":false,"campfire_upgraded":2,"win_rate":0.0,"timestamp":1561952142,"path_taken":["M","?","M","?","$","E","M","R","T","M","?","M","?","$","R","BOSS"],"build_version":"2019-01-23","purchased_purges":0,"victory":false,"max_hp_per_floor":[80,80,80,80,80,80,80,80,80,80,80,80,80,80,80,80],"card_choices":[{"not_picked":["Blood for Blood","Seeing Red"],"picked":"Infernal Blade","floor":1},{"not_picked":["Uppercut","Clothesline"],"picked":"Pommel Strike","floor":3},{"not_picked":["Clash","Rage"],"picked":"Searing Blow","floor":6},{"not_picked":["True Grit","Clash"],"picked":"Inflame+1","floor":7},{"not_picked":["Corruption+1","Power Through"],"picked":"Feel No Pain+1","floor":10},{"not_picked":["Brutality+1","Flex"],"picked":"Combust+1","floor":11},{"not_picked":["Sword Boomerang","Cleave"],"picked":"Twin Strike","floor":12}],"player_experience":55853,"relics_obtained":[{"floor":6,"key":"Frozen Egg 2"},{"floor":9,"key":"Whetstone"}],"event_choices":[{"damage_healed":0,"gold_gain":175,"player_choice":"AGREE","damage_taken":0,"max_hp_gain":0,"max_hp_loss":0,"event_name":"Liars Game","floor":2,"gold_loss":0,"cards_obtained":["Doubt"]},{"damage_healed":0,"gold_gain":0,"player_choice":"Upgraded","damage_taken":0,"max_hp_gain":0,"max_hp_loss":0,"event_name":"Upgrade Shrine","floor":4,"gold_loss":0,"cards_upgraded":["Pommel Strike"]},{"damage_healed":0,"gold_gain":100,"player_choice":"Pray","damage_taken":0,"max_hp_gain":0,"max_hp_loss":0,"event_name":"Golden Shrine","floor":13,"gold_loss":0}],"is_beta":false,"boss_relics":[],"items_purged_floors":[],"is_endless":false,"potions_floor_spawned":[1,3,6,11],"killed_by":"The Guardian","ascension_level":0}