{"gold_per_floor":[119,119,119,136,30,62,79,79,79,107,107,51,51,83,48,126,126,142,142,157,157,175,203,203,203],"floor_reached":25,"playtime":2329,"items_purged":["Pain"],"score":599,"play_id":"72c264e1-4739-4d27-8623-244d95813e13","local_time":"20190406215930","daily_mods":["Elite Swarm"],"is_ascension_mode":true,"campfire_choices":[{"data":"Sunder","floor":8.0,"key":"SMITH"},{"data":"Zap","floor":11.0,"key":"SMITH"},{"data":"Dualcast","floor":13.0,"key":"SMITH"}],"neow_cost":"","seed_source_timestamp":0,"circlet_count":0,"master_deck":["AscendersBane","Strike_B","Strike_B","Strike_B","Strike_B","Defend_B","Defend_B","Defend_B","Defend_B","Zap+1","Dualcast+1","Leap","Ball Lightning","Sunder+1","All For One","Coolheaded","Echo Form","FIFO Queue","FIFO Queue","Seek","Electrodynamics","infinitespire:Pacifist","Languid","Hallucinations","Replay:Fractal Strike","Go for the Eyes","RitualDagger","Reboot","Writhe","Beam Cell","Echo Form+1"],"special_seed":0,"relics":["Cracked Core","Blue Doll","WarpedTongs","Letter Opener","infinitespire:Eraser","ReplayTheSpireMod:Ninjato","Snack Pack","Calling Bell","Art of War","Pear","ReplayTheSpireMod:Multitool","Mango","aspiration:HangmansNoose"],"potions_floor_usage":[25],"damage_taken":[{"damage":1.0,"enemies":"2 Louse","floor":1.0,"turns":3.0},{"damage":8.0,"enemies":"Small Slimes","floor":4.0,"turns":4.0},{"damage":13.0,"enemies":"Lagavulin","floor":6.0,"turns":4.0},{"damage":1.0,"enemies":"Cultist","floor":7.0,"turns":3.0},{"damage":9.0,"enemies":"Gremlin Nob","floor":10.0,"turns":3.0},{"damage":15.0,"enemies":"Lagavulin","floor":14.0,"turns":5.0},{"damage":13.0,"enemies":"Slime Boss","floor":16.0,"turns":8.0},{"damage":4.0,"enemies":"3 Byrds","floor":18.0,"turns":2.0},{"damage":20.0,"enemies":"2 Thieves","floor":20.0,"turns":3.0},{"damage":24.0,"enemies":"Snake Plant","floor":22.0,"turns":4.0},{"damage":28.0,"enemies":"Book of Stabbing","floor":23.0,"turns":7.0},{"damage":42,"enemies":"Gremlin Leader","floor":25,"turns":3}],"seed_played":"-5844577483146011647","potions_obtained":[{"floor":1.0,"key":"Poison Potion"},{"floor":6.0,"key":"Adrenaline Potion"},{"floor":7.0,"key":"SteroidPotion"},{"floor":14.0,"key":"Languid Potion"},{"floor":22.0,"key":"Weak Potion"},{"floor":23.0,"key":"Elixir"}],"is_trial":true,"path_per_floor":["M","?","?","M","$","E","M","R","T","E","R","$","R","E","R","B",null,"M","?","M","?","M","E","R","E"],"character_chosen":"DEFECT","items_purchased":["Sunder","FIFO Queue"],"campfire_rested":0,"item_purchase_floors":[5,12],"current_hp_per_floor":[63,58,58,50,50,37,36,36,36,27,27,27,27,12,29,16,67,63,57,37,51,29,9,37,0],"gold":203,"neow_bonus":"","is_prod":false,"is_daily":false,"chose_seed":false,"campfire_upgraded":3,"win_rate":0,"timestamp":1554609570,"path_taken":["M","?","?","?","$","E","M","R","T","E","R","$","R","E","R","BOSS","M","?","M","?","M","E","R","E"],"build_version":"2019-01-23","purchased_purges":1,"victory":false,"max_hp_per_floor":[71,71,71,71,71,71,71,71,71,71,71,71,71,71,71,71,81,81,81,81,95,95,95,95,95],"card_choices":[{"not_picked":["Skim","aspiration:Polymerization"],"picked":"Leap","floor":1.0},{"not_picked":["Lockon","Beam Cell"],"picked":"Ball Lightning","floor":4.0},{"not_picked":["Buffer","Meteor Strike"],"picked":"All For One","floor":6.0},{"not_picked":["Rebound","Compile Driver"],"picked":"Coolheaded","floor":7.0},{"not_picked":["ReplayRNGCard","Meteor Strike"],"picked":"Echo Form","floor":10.0},{"not_picked":["Buffer","Amplify"],"picked":"Seek","floor":14.0},{"not_picked":["Buffer","Core Surge"],"picked":"Electrodynamics","floor":16.0},{"not_picked":["infinitespire:Collect","ReplayTheSpireMod:Black Plague"],"picked":"Replay:Fractal Strike","floor":17.0},{"not_picked":["Sweeping Beam","Barrage"],"picked":"Go for the Eyes","floor":18.0},{"not_picked":["Storm","Redo"],"picked":"Reboot","floor":20.0},{"not_picked":["Capacitor","Hologram"],"picked":"Beam Cell","floor":22.0},{"not_picked":["Multi-Cast","Creative AI"],"picked":"Echo Form","floor":23.0}],"player_experience":376166,"relics_obtained":[{"floor":6.0,"key":"Letter Opener"},{"floor":9.0,"key":"infinitespire:Eraser"},{"floor":10.0,"key":"ReplayTheSpireMod:Ninjato"},{"floor":14.0,"key":"Snack Pack"},{"floor":17.0,"key":"Art of War"},{"floor":17.0,"key":"Pear"},{"floor":17.0,"key":"ReplayTheSpireMod:Multitool"},{"floor":23.0,"key":"aspiration:HangmansNoose"}],"event_choices":[{"damage_healed":0.0,"max_hp_gain":0.0,"max_hp_loss":0.0,"gold_gain":0.0,"event_name":"Scrap Ooze","player_choice":"Success","floor":2.0,"gold_loss":0.0,"damage_taken":5.0,"relics_obtained":["Blue Doll"]},{"damage_healed":0.0,"max_hp_gain":0.0,"max_hp_loss":0.0,"gold_gain":0.0,"event_name":"Accursed Blacksmith","player_choice":"Rummage","floor":3.0,"gold_loss":0.0,"damage_taken":0.0,"relics_obtained":["WarpedTongs"],"cards_obtained":["Pain"]},{"damage_healed":17.0,"max_hp_gain":0.0,"max_hp_loss":0.0,"gold_gain":0.0,"event_name":"The Cleric","player_choice":"Healed","floor":15.0,"gold_loss":35.0,"damage_taken":0.0},{"damage_healed":0.0,"max_hp_gain":0.0,"max_hp_loss":0.0,"gold_gain":0.0,"event_name":"Nest","player_choice":"Joined the Cult","floor":19.0,"gold_loss":0.0,"damage_taken":6.0,"cards_obtained":["RitualDagger"]},{"damage_healed":0.0,"max_hp_gain":0.0,"max_hp_loss":0.0,"gold_gain":0.0,"event_name":"The Mausoleum","player_choice":"Opened","floor":21.0,"gold_loss":0.0,"damage_taken":0.0,"relics_obtained":["Mango"],"cards_obtained":["Writhe"]}],"is_beta":false,"boss_relics":[{"not_picked":["Abe\u0027s Treasure","Replay:Bronze Core"],"picked":"Calling Bell"}],"items_purged_floors":[5],"is_endless":false,"potions_floor_spawned":[1,6,7,14,18,22,23],"killed_by":"Gremlin Leader","ascension_level":20}