{"gold_per_floor":[112,112,131,146,166,166,166,186,210,240,240,271,284,136,136,241,241,261,261,261,67,67,95,95,113,138,138,149,149,164,174,174,275,275,288,305,305,305,305,305,316,31,31,31,46,62,76,93,93,93],"floor_reached":50,"playtime":5145,"items_purged":["Pain"],"score":576,"play_id":"3b5490eb-9a65-4652-a672-0f7e966249e5","local_time":"20190902011659","is_ascension_mode":true,"campfire_choices":[{"floor":6,"key":"REST"},{"floor":11,"key":"REST"},{"data":"Immolate","floor":15,"key":"SMITH"},{"floor":24,"key":"REST"},{"floor":27,"key":"REST"},{"data":"Seeing Red","floor":29,"key":"SMITH"},{"floor":32,"key":"REST"},{"floor":40,"key":"REST"},{"floor":44,"key":"REST"},{"floor":49,"key":"REST"}],"neow_cost":"NONE","seed_source_timestamp":333159973043200,"circlet_count":0,"master_deck":["Strike_R","Strike_R","Strike_R","Strike_R","Strike_R","Defend_R+1","Defend_R","Defend_R","Defend_R+1","Bash","Anger","Searing Blow","Twin Strike","Pommel Strike","Immolate+1","Rage","Clash","Berserk","Blood for Blood+1","Whirlwind+1","Clash+1","Seeing Red+1","Clash","Armaments+1","Juggernaut","Perfected Strike","Cleave+1","Shame","Pommel Strike+1","Regret","Perfected Strike","Bludgeon"],"relics":["Burning Blood","PreservedInsect","War Paint","Potion Belt","Regal Pillow","Mark of Pain","Orichalcum","Brimstone","Pen Nib","Red Skull","Cursed Key","Question Card","WarpedTongs","Sling","Shuriken"],"potions_floor_usage":[10,12,13,16,16,28,31,33,33,47,47,50,50],"damage_taken":[{"damage":1,"enemies":"Cultist","floor":1,"turns":4},{"damage":2,"enemies":"Small Slimes","floor":3,"turns":4},{"damage":16,"enemies":"Jaw Worm","floor":4,"turns":4},{"damage":12,"enemies":"Looter","floor":5,"turns":3},{"damage":3,"enemies":"Blue Slaver","floor":8,"turns":3},{"damage":25,"enemies":"Lagavulin","floor":10,"turns":4},{"damage":0,"enemies":"3 Sentries","floor":12,"turns":2},{"damage":1,"enemies":"Gremlin Gang","floor":13,"turns":4},{"damage":59,"enemies":"Hexaghost","floor":16,"turns":7},{"damage":26,"enemies":"Shell Parasite","floor":18,"turns":5},{"damage":46,"enemies":"Slavers","floor":23,"turns":4},{"damage":6,"enemies":"2 Thieves","floor":25,"turns":2},{"damage":20,"enemies":"Shelled Parasite and Fungi","floor":28,"turns":3},{"damage":19,"enemies":"Centurion and Healer","floor":30,"turns":3},{"damage":15,"enemies":"Cultist and Chosen","floor":31,"turns":4},{"damage":46,"enemies":"Automaton","floor":33,"turns":6},{"damage":4,"enemies":"3 Shapes","floor":35,"turns":1},{"damage":20,"enemies":"3 Darklings","floor":36,"turns":4},{"damage":61,"enemies":"Writhing Mass","floor":41,"turns":4},{"damage":24,"enemies":"4 Shapes","floor":45,"turns":2},{"damage":11,"enemies":"Sphere and 2 Shapes","floor":46,"turns":3},{"damage":10,"enemies":"Writhing Mass","floor":47,"turns":2},{"damage":27,"enemies":"4 Shapes","floor":48,"turns":4},{"damage":67,"enemies":"Awakened One","floor":50,"turns":4}],"seed_played":"-9144346224281652177","potions_obtained":[{"floor":0,"key":"Fire Potion"},{"floor":0,"key":"AttackPotion"},{"floor":0,"key":"Strength Potion"},{"floor":12,"key":"LiquidBronze"},{"floor":13,"key":"PowerPotion"},{"floor":18,"key":"Ancient Potion"},{"floor":25,"key":"Fruit Juice"},{"floor":28,"key":"Ancient Potion"},{"floor":30,"key":"Block Potion"},{"floor":41,"key":"Dexterity Potion"},{"floor":45,"key":"Block Potion"},{"floor":46,"key":"FearPotion"},{"floor":48,"key":"Fire Potion"}],"is_trial":false,"path_per_floor":["M","$","M","M","M","R","$","M","T","E","R","E","M","$","R","B",null,"M","?","?","$","?","E","R","M","T","R","M","R","M","M","R","B",null,"M","M","?","T","?","R","M","$","T","R","M","M","M","M","R","B"],"character_chosen":"IRONCLAD","items_purchased":["Regal Pillow","Brimstone","Sling"],"campfire_rested":8,"item_purchase_floors":[14,21,42],"current_hp_per_floor":[80,80,80,70,64,80,80,80,80,61,80,80,80,80,80,27,80,60,60,60,60,60,20,59,59,59,80,71,71,58,49,85,45,85,85,71,71,71,71,85,30,30,30,70,52,47,43,22,62,0],"gold":93,"neow_bonus":"THREE_SMALL_POTIONS","is_prod":false,"is_daily":false,"chose_seed":false,"campfire_upgraded":2,"win_rate":0,"timestamp":1567405019,"path_taken":["M","$","M","M","M","R","?","M","T","E","R","E","M","$","R","BOSS","M","?","?","$","?","E","R","M","T","R","M","R","?","M","R","BOSS","M","?","?","?","?","R","M","$","T","R","M","M","?","M","R","BOSS"],"build_version":"2019-07-17","purchased_purges":1,"victory":false,"max_hp_per_floor":[80,80,80,80,80,80,80,80,80,80,80,80,80,80,80,80,80,80,80,80,80,80,80,80,80,80,80,85,85,85,85,85,85,85,85,85,85,85,85,85,85,85,85,85,85,85,85,85,85,85],"card_choices":[{"not_picked":["Perfected Strike","Evolve"],"picked":"Anger","floor":1},{"not_picked":["Burning Pact","Intimidate"],"picked":"Searing Blow","floor":3},{"not_picked":["Headbutt","Searing Blow"],"picked":"Twin Strike","floor":4},{"not_picked":["Carnage","Wild Strike"],"picked":"Pommel Strike","floor":5},{"not_picked":["Headbutt","True Grit","Berserk"],"picked":"SKIP","floor":8},{"not_picked":["Flex","Cleave"],"picked":"Immolate","floor":10},{"not_picked":["Reckless Charge","Seeing Red"],"picked":"Rage","floor":12},{"not_picked":["Clothesline","Spot Weakness"],"picked":"Clash","floor":13},{"not_picked":["Exhume","Fiend Fire"],"picked":"Berserk","floor":16},{"not_picked":["True Grit+1","Sword Boomerang"],"picked":"Blood for Blood+1","floor":18},{"not_picked":["Havoc+1","Barricade"],"picked":"Whirlwind+1","floor":23},{"not_picked":["Thunderclap","Evolve"],"picked":"Clash+1","floor":25},{"not_picked":["Second Wind","Power Through"],"picked":"Seeing Red","floor":28},{"not_picked":["Sword Boomerang","Feel No Pain"],"picked":"Clash","floor":30},{"not_picked":["Sword Boomerang","Flex"],"picked":"Armaments+1","floor":31},{"not_picked":["Impervious","Feed"],"picked":"Juggernaut","floor":33},{"not_picked":["Warcry","Pommel Strike+1"],"picked":"Perfected Strike","floor":35},{"not_picked":["Shrug It Off","Headbutt+1"],"picked":"Cleave+1","floor":36},{"not_picked":["Iron Wave","Warcry+1","Rampage"],"picked":"Pommel Strike+1","floor":41},{"not_picked":["Sword Boomerang+1","Warcry","Hemokinesis"],"picked":"Perfected Strike","floor":45},{"not_picked":["Entrench","Fiend Fire","Headbutt","Heavy Blade"],"picked":"SKIP","floor":46},{"not_picked":["Warcry","Entrench+1","Iron Wave+1","True Grit+1"],"picked":"SKIP","floor":47},{"not_picked":["Clothesline+1","Cleave","Dropkick+1"],"picked":"Bludgeon","floor":48}],"player_experience":393794,"relics_obtained":[{"floor":9,"key":"PreservedInsect"},{"floor":10,"key":"War Paint"},{"floor":12,"key":"Potion Belt"},{"floor":23,"key":"Pen Nib"},{"floor":26,"key":"Red Skull"},{"floor":38,"key":"Question Card"},{"floor":43,"key":"Shuriken"}],"event_choices":[{"damage_healed":0,"gold_gain":0,"player_choice":"Opened","damage_taken":0,"relics_obtained":["Orichalcum"],"max_hp_gain":0,"max_hp_loss":0,"event_name":"The Mausoleum","floor":19,"gold_loss":0},{"damage_healed":0,"gold_gain":0,"player_choice":"Ignored","damage_taken":0,"max_hp_gain":0,"max_hp_loss":0,"event_name":"Vampires","floor":20,"gold_loss":0},{"damage_healed":0,"gold_gain":0,"player_choice":"Ignored","damage_taken":0,"max_hp_gain":0,"max_hp_loss":0,"event_name":"Ghosts","floor":22,"gold_loss":0},{"damage_healed":0,"gold_gain":0,"player_choice":"Ignored","damage_taken":0,"max_hp_gain":0,"max_hp_loss":0,"event_name":"Mysterious Sphere","floor":37,"gold_loss":0},{"damage_healed":0,"gold_gain":0,"player_choice":"Rummage","damage_taken":0,"relics_obtained":["WarpedTongs"],"max_hp_gain":0,"max_hp_loss":0,"event_name":"Accursed Blacksmith","floor":39,"gold_loss":0,"cards_obtained":["Pain"]}],"is_beta":false,"boss_relics":[{"not_picked":["Black Blood","Calling Bell"],"picked":"Mark of Pain"},{"not_picked":["Runic Cube","Orrery"],"picked":"Cursed Key"}],"items_purged_floors":[42],"is_endless":false,"potions_floor_spawned":[1,5,8,12,13,18,25,28,30,41,45,46,48],"killed_by":"Awakened One","ascension_level":3}