{"gold_per_floor":[109,109,127,146,98,98,129,129,129,129,159,159,11,41,41,41],"floor_reached":16,"playtime":1194,"items_purged":[],"score":128,"play_id":"43498eda-96dc-4cab-9383-eb540a4555ba","local_time":"20190903220721","is_ascension_mode":true,"campfire_choices":[{"data":"Crippling Poison","floor":6,"key":"SMITH"},{"floor":8,"key":"REST"},{"floor":10,"key":"REST"},{"floor":15,"key":"REST"}],"neow_cost":"NONE","seed_source_timestamp":498536527984600,"circlet_count":0,"master_deck":["Strike_G","Strike_G","Strike_G","Strike_G","Strike_G","Defend_G","Defend_G","Defend_G","Defend_G","Defend_G","Survivor","Neutralize","Poisoned Stab","Flying Knee","Crippling Poison+1","Deadly Poison","Deadly Poison","Escape Plan","Blur"],"relics":["Ring of the Snake","NeowsBlessing","Ornamental Fan","Bag of Marbles","Omamori","PreservedInsect","Bottled Lightning"],"potions_floor_usage":[7,7,16],"damage_taken":[{"damage":0,"enemies":"2 Louse","floor":1,"turns":1},{"damage":0,"enemies":"Cultist","floor":3,"turns":1},{"damage":0,"enemies":"Jaw Worm","floor":4,"turns":1},{"damage":33,"enemies":"3 Sentries","floor":7,"turns":8},{"damage":16,"enemies":"Lagavulin","floor":11,"turns":5},{"damage":26,"enemies":"3 Sentries","floor":14,"turns":5},{"damage":74,"enemies":"Slime Boss","floor":16,"turns":14}],"seed_played":"1292057591689845296","potions_obtained":[{"floor":3,"key":"PowerPotion"},{"floor":4,"key":"AttackPotion"},{"floor":14,"key":"Poison Potion"}],"is_trial":false,"path_per_floor":["M","?","M","M","$","R","E","R","T","R","E","?","$","E","R","B"],"character_chosen":"THE_SILENT","items_purchased":["Deadly Poison","PreservedInsect"],"campfire_rested":3,"item_purchase_floors":[5,13],"current_hp_per_floor":[70,70,70,70,70,70,37,58,58,70,54,70,70,44,65,0],"gold":41,"neow_bonus":"THREE_ENEMY_KILL","is_prod":false,"is_daily":false,"chose_seed":false,"campfire_upgraded":1,"win_rate":0,"timestamp":1567566441,"path_taken":["M","?","M","?","$","R","E","R","T","R","E","?","?","E","R","BOSS"],"build_version":"2019-07-17","purchased_purges":0,"victory":false,"max_hp_per_floor":[70,70,70,70,70,70,70,70,70,70,70,70,70,70,70,70],"card_choices":[{"not_picked":["Sucker Punch","Distraction"],"picked":"Poisoned Stab","floor":1},{"not_picked":["Heel Hook","Bouncing Flask"],"picked":"Flying Knee","floor":3},{"not_picked":["Acrobatics","Cloak And Dagger"],"picked":"Crippling Poison","floor":4},{"not_picked":["Finisher","Unload"],"picked":"Deadly Poison","floor":7},{"not_picked":["Acrobatics","Backstab"],"picked":"Escape Plan","floor":11},{"not_picked":["Backflip","Bane"],"picked":"Blur","floor":14}],"player_experience":398939,"relics_obtained":[{"floor":7,"key":"Ornamental Fan"},{"floor":9,"key":"Bag of Marbles"},{"floor":11,"key":"Omamori"},{"floor":14,"key":"Bottled Lightning"}],"event_choices":[{"damage_healed":0,"gold_gain":0,"player_choice":"Bought 0 Potions","damage_taken":0,"max_hp_gain":0,"max_hp_loss":0,"event_name":"The Woman in Blue","floor":2,"gold_loss":0},{"damage_healed":17,"gold_gain":0,"player_choice":"Healed and dodged fight","damage_taken":0,"max_hp_gain":0,"max_hp_loss":0,"event_name":"Mushrooms","floor":12,"gold_loss":0,"cards_obtained":["Parasite"]}],"is_beta":false,"boss_relics":[],"items_purged_floors":[],"is_endless":false,"potions_floor_spawned":[3,4,14],"killed_by":"Slime Boss","ascension_level":2}