{"gold_per_floor":[109,123,138,158,171,198,212,247,247,260,280,313,326,354,354,453,453,471,831,849,866,60,60,85,85,85,85,0,0,0,20,20,124,124,141,0,0,10,10,10,27,27,27,27,42,42,54,70,70,70],"floor_reached":51,"playtime":4896,"items_purged":["Strike_R"],"score":761,"play_id":"2b68f692-e1f3-4d8b-88fb-dc7c76156539","local_time":"20190902012821","is_ascension_mode":true,"campfire_choices":[{"data":"Bash","floor":15,"key":"SMITH"},{"data":"Whirlwind","floor":23,"key":"SMITH"},{"floor":25,"key":"REST"},{"data":"Spot Weakness","floor":27,"key":"SMITH"},{"floor":32,"key":"REST"},{"data":"Metamorphosis","floor":40,"key":"SMITH"},{"data":"Clothesline","floor":42,"key":"SMITH"},{"data":"Pommel Strike","floor":44,"key":"SMITH"},{"floor":49,"key":"REST"}],"neow_cost":"NONE","seed_source_timestamp":419189884141300,"circlet_count":0,"master_deck":["Strike_R+1","Strike_R","Strike_R","Strike_R","Defend_R","Defend_R","Defend_R","Defend_R","Bash+1","Sword Boomerang","Shrug It Off","Headbutt","Shockwave","Whirlwind+1","Twin Strike","Shrug It Off","Anger","Feed","Cleave+1","Barricade+1","Armaments+1","Clothesline+1","Flex","Spot Weakness+1","Feel No Pain+1","Pommel Strike+1","Dark Embrace+1","Power Through+1","Metamorphosis+1","Battle Trance+1","Madness","Madness","Sentinel+1","Regret","Combust+1","Burning Pact+1","Heavy Blade+1"],"relics":["Burning Blood","Frozen Egg 2","Bottled Flame","Lantern","Pen Nib","Ancient Tea Set","Velvet Choker","ClockworkSouvenir","Incense Burner","Whetstone","Sundial","Bottled Lightning","Cursed Key","Red Mask"],"potions_floor_usage":[6,6,8,24,24,33,50],"damage_taken":[{"damage":2,"enemies":"2 Louse","floor":1,"turns":4},{"damage":1,"enemies":"Cultist","floor":2,"turns":4},{"damage":0,"enemies":"Small Slimes","floor":3,"turns":4},{"damage":17,"enemies":"Exordium Wildlife","floor":4,"turns":6},{"damage":5,"enemies":"2 Fungi Beasts","floor":5,"turns":4},{"damage":9,"enemies":"3 Sentries","floor":6,"turns":3},{"damage":4,"enemies":"Looter","floor":7,"turns":4},{"damage":12,"enemies":"Gremlin Nob","floor":8,"turns":4},{"damage":0,"enemies":"3 Louse","floor":10,"turns":1},{"damage":2,"enemies":"Gremlin Gang","floor":11,"turns":2},{"damage":26,"enemies":"Lagavulin","floor":12,"turns":6},{"damage":0,"enemies":"Large Slime","floor":13,"turns":4},{"damage":19,"enemies":"3 Sentries","floor":14,"turns":6},{"damage":6,"enemies":"Slime Boss","floor":16,"turns":9},{"damage":5,"enemies":"Shell Parasite","floor":18,"turns":4},{"damage":5,"enemies":"Chosen","floor":20,"turns":4},{"damage":25,"enemies":"Snake Plant","floor":21,"turns":5},{"damage":16,"enemies":"Slavers","floor":24,"turns":4},{"damage":8,"enemies":"Colosseum Slavers","floor":29,"turns":2},{"damage":10,"enemies":"Chosen and Byrds","floor":31,"turns":5},{"damage":68,"enemies":"Automaton","floor":33,"turns":10},{"damage":9,"enemies":"3 Shapes","floor":35,"turns":3},{"damage":3,"enemies":"3 Darklings","floor":38,"turns":3},{"damage":1,"enemies":"Jaw Worm Horde","floor":41,"turns":2},{"damage":2,"enemies":"Sphere and 2 Shapes","floor":45,"turns":4},{"damage":21,"enemies":"4 Shapes","floor":47,"turns":2},{"damage":7,"enemies":"3 Darklings","floor":48,"turns":5},{"damage":91,"enemies":"Time Eater","floor":50,"turns":10}],"seed_played":"8810604538258756334","potions_obtained":[{"floor":1,"key":"Energy Potion"},{"floor":2,"key":"Block Potion"},{"floor":5,"key":"Energy Potion"},{"floor":6,"key":"Fire Potion"},{"floor":7,"key":"Ancient Potion"},{"floor":12,"key":"SkillPotion"},{"floor":16,"key":"Weak Potion"},{"floor":47,"key":"Fire Potion"},{"floor":48,"key":"Energy Potion"}],"is_trial":false,"path_per_floor":["M","M","M","M","M","E","M","E","T","M","M","E","M","E","R","B",null,"M","?","M","M","$","R","E","R","T","R","?","?","$","M","R","B",null,"M","?","?","M","?","R","M","R","T","R","M","?","M","M","R","B",null],"character_chosen":"IRONCLAD","items_purchased":["ClockworkSouvenir","Incense Burner","Whetstone","Spot Weakness"],"campfire_rested":3,"item_purchase_floors":[22,22,22,22],"current_hp_per_floor":[88,88,88,77,78,75,77,71,71,77,81,61,67,57,57,60,94,94,49,50,34,34,34,24,53,53,53,53,51,51,47,76,14,97,94,94,94,97,85,85,90,90,90,90,98,98,83,85,104,19],"gold":70,"neow_bonus":"TEN_PERCENT_HP_BONUS","is_prod":false,"is_daily":false,"chose_seed":false,"campfire_upgraded":6,"win_rate":0,"timestamp":1567402101,"path_taken":["M","M","M","M","M","E","M","E","T","M","M","E","M","E","R","BOSS","M","?","M","?","$","R","E","R","T","R","?","?","?","M","R","BOSS","M","?","?","M","?","R","M","R","T","R","M","?","M","M","R","BOSS"],"build_version":"2019-07-17","purchased_purges":1,"victory":true,"max_hp_per_floor":[88,88,88,88,88,88,88,88,88,88,88,88,88,91,91,94,94,94,94,94,97,97,97,97,97,97,97,97,97,97,97,97,97,97,97,97,97,97,97,97,97,97,97,97,101,101,101,104,104,104],"card_choices":[{"not_picked":["Sever Soul","Body Slam"],"picked":"Sword Boomerang","floor":1},{"not_picked":["Fire Breathing","Headbutt"],"picked":"Shrug It Off","floor":2},{"not_picked":["Clash","Havoc"],"picked":"Headbutt","floor":3},{"not_picked":["Combust","Inflame"],"picked":"Shockwave","floor":4},{"not_picked":["Bloodletting","Flex"],"picked":"Whirlwind","floor":5},{"not_picked":["Carnage","Bludgeon","True Grit"],"picked":"SKIP","floor":6},{"not_picked":["True Grit","Body Slam"],"picked":"Twin Strike","floor":7},{"not_picked":["Armaments","Perfected Strike"],"picked":"Shrug It Off","floor":8},{"not_picked":["Iron Wave","Heavy Blade"],"picked":"Anger","floor":10},{"not_picked":["Warcry","Shrug It Off","Armaments"],"picked":"SKIP","floor":11},{"not_picked":["Power Through","Twin Strike"],"picked":"Feed","floor":12},{"not_picked":["Twin Strike","Havoc","Armaments"],"picked":"SKIP","floor":13},{"not_picked":["Shrug It Off","Sentinel"],"picked":"Cleave","floor":14},{"not_picked":["Feed","Fiend Fire"],"picked":"Barricade+1","floor":16},{"not_picked":["Cleave+1","Clash+1"],"picked":"Armaments+1","floor":18},{"not_picked":["Clash+1","Pommel Strike"],"picked":"Clothesline","floor":20},{"not_picked":["True Grit","Warcry+1"],"picked":"Flex","floor":21},{"not_picked":["Pummel","Battle Trance"],"picked":"Feel No Pain+1","floor":24},{"not_picked":["Searing Blow","Anger"],"picked":"Pommel Strike","floor":31},{"not_picked":["Impervious","Double Tap"],"picked":"Dark Embrace+1","floor":33},{"not_picked":["Dual Wield","Body Slam+1"],"picked":"Power Through+1","floor":35},{"not_picked":["Secret Weapon","Madness"],"picked":"Metamorphosis","floor":37},{"not_picked":["Wild Strike+1","Carnage+1"],"picked":"Battle Trance+1","floor":38},{"not_picked":["Anger","Iron Wave+1"],"picked":"Sentinel+1","floor":41},{"not_picked":["Wild Strike+1","Body Slam+1"],"picked":"Combust+1","floor":45},{"not_picked":["Uppercut","Berserk+1"],"picked":"Burning Pact+1","floor":47},{"not_picked":["Power Through+1","Flex"],"picked":"Heavy Blade+1","floor":48}],"player_experience":98224,"relics_obtained":[{"floor":6,"key":"Frozen Egg 2"},{"floor":8,"key":"Bottled Flame"},{"floor":9,"key":"Lantern"},{"floor":12,"key":"Pen Nib"},{"floor":14,"key":"Ancient Tea Set"},{"floor":24,"key":"Sundial"},{"floor":26,"key":"Bottled Lightning"}],"event_choices":[{"damage_healed":0,"gold_gain":360,"player_choice":"GOLD GOLD GOLD GOLD ","damage_taken":45,"max_hp_gain":0,"max_hp_loss":0,"event_name":"Knowing Skull","floor":19,"potions_obtained":[],"gold_loss":0,"cards_obtained":[]},{"damage_healed":0,"gold_gain":0,"player_choice":"Paid Fearfully","damage_taken":0,"max_hp_gain":0,"max_hp_loss":0,"event_name":"Masked Bandits","floor":28,"gold_loss":85},{"damage_healed":0,"gold_gain":0,"player_choice":"Fight","damage_taken":0,"max_hp_gain":0,"max_hp_loss":0,"event_name":"Colosseum","floor":29,"gold_loss":0},{"damage_healed":0,"gold_gain":0,"player_choice":"Fled From Nobs","damage_taken":0,"max_hp_gain":0,"max_hp_loss":0,"event_name":"Colosseum","floor":29,"gold_loss":0},{"damage_healed":0,"gold_gain":0,"player_choice":"Paid","damage_taken":0,"relics_obtained":["Red Mask"],"max_hp_gain":0,"max_hp_loss":0,"event_name":"Tomb of Lord Red Mask","floor":36,"gold_loss":141},{"damage_healed":0,"gold_gain":0,"player_choice":"Memory 1","damage_taken":0,"max_hp_gain":0,"max_hp_loss":0,"event_name":"SensoryStone","floor":37,"gold_loss":0},{"damage_healed":0,"gold_gain":0,"player_choice":"Embrace Madness","damage_taken":12,"max_hp_gain":0,"max_hp_loss":0,"event_name":"Winding Halls","floor":39,"gold_loss":0,"cards_obtained":["Madness","Madness"]},{"damage_healed":0,"gold_gain":0,"player_choice":"Leave","damage_taken":0,"max_hp_gain":0,"max_hp_loss":0,"event_name":"FaceTrader","floor":46,"gold_loss":0}],"is_beta":false,"boss_relics":[{"not_picked":["Fusion Hammer","Orrery"],"picked":"Velvet Choker"},{"not_picked":["Sozu","Black Blood"],"picked":"Cursed Key"}],"items_purged_floors":[22],"is_endless":false,"potions_floor_spawned":[1,2,5,6,7,12,16,21,29,47,48],"ascension_level":1}