{"gold_per_floor":[111,126,38,38,51,78,88,88,156,175,186,186,219,219,219,296,296,311,311,337,68,85,112,112,126,126,136,136,56,70,81,81,158,158,173,173,187,50,68,98,98,115,142,142,34,34,63,76,76,76,76,76,76,21,55,55],"floor_reached":57,"playtime":2973,"items_purged":[],"score":2963,"play_id":"af181031-0f23-4a74-8539-bc6073906f71","local_time":"20190807162728","is_ascension_mode":true,"campfire_choices":[{"data":"Sunder","floor":8.0,"key":"SMITH"},{"data":"Defragment","floor":12.0,"key":"SMITH"},{"data":"Zap","floor":15.0,"key":"SMITH"},{"data":"Heatsinks","floor":24.0,"key":"SMITH"},{"data":"Turbo","floor":28.0,"key":"SMITH"},{"data":"Coolheaded","floor":32.0,"key":"SMITH"},{"data":"Heatsinks","floor":41.0,"key":"SMITH"},{"floor":49.0,"key":"RECALL"},{"floor":53.0,"key":"REST"}],"neow_cost":"NONE","seed_source_timestamp":853621256852911,"circlet_count":0,"master_deck":["AscendersBane","Zap+1","Dualcast+1","Turbo+1","Sunder+1","Defragment+1","Heatsinks+1","BootSequence+1","Hologram+1","Coolheaded+1","Thunder Strike+1","Seek+1","Heatsinks+1","Beam Cell+1","Lockon+1","Turbo+1","Reboot+1","Tempest+1","Fusion+1","Steam+1","Coolheaded+1","Capacitor+1","Compile Driver+1","Steam Power+1","Skim+1","Blizzard+1","Recycle+1","Meteor Strike+1","White Noise+1","Compile Driver+1","Defragment+1","Turbo+1","Reboot+1","Stack+1","Compile Driver+1","Redo+1","Consume+1","Hologram+1","Buffer+1","Force Field+1"],"special_seed":0,"relics":["Cracked Core","NeowsBlessing","StoneCalendar","Meat on the Bone","Ancient Tea Set","Pandora\u0027s Box","Red Mask","War Paint","Toxic Egg 2","Frozen Egg 2","Eternal Feather","FaceOfCleric","Pear","Mark of the Bloom","DataDisk","Oddly Smooth Stone"],"potions_floor_usage":[56],"damage_taken":[{"damage":0.0,"enemies":"Small Slimes","floor":1.0,"turns":1.0},{"damage":0.0,"enemies":"Cultist","floor":2.0,"turns":1.0},{"damage":0.0,"enemies":"Jaw Worm","floor":5.0,"turns":1.0},{"damage":50.0,"enemies":"3 Sentries","floor":6.0,"turns":7.0},{"damage":3.0,"enemies":"Blue Slaver","floor":7.0,"turns":3.0},{"damage":2.0,"enemies":"3 Louse","floor":10.0,"turns":3.0},{"damage":0.0,"enemies":"Exordium Wildlife","floor":11.0,"turns":1.0},{"damage":25.0,"enemies":"Gremlin Nob","floor":13.0,"turns":4.0},{"damage":38.0,"enemies":"Slime Boss","floor":16.0,"turns":7.0},{"damage":16.0,"enemies":"2 Thieves","floor":18.0,"turns":3.0},{"damage":30.0,"enemies":"Masked Bandits","floor":20.0,"turns":5.0},{"damage":0.0,"enemies":"Chosen","floor":22.0,"turns":3.0},{"damage":31.0,"enemies":"Book of Stabbing","floor":23.0,"turns":6.0},{"damage":0.0,"enemies":"3 Cultists","floor":25.0,"turns":4.0},{"damage":7.0,"enemies":"Shelled Parasite and Fungi","floor":27.0,"turns":2.0},{"damage":0.0,"enemies":"Chosen and Byrds","floor":30.0,"turns":2.0},{"damage":5.0,"enemies":"3 Cultists","floor":31.0,"turns":4.0},{"damage":7.0,"enemies":"Champ","floor":33.0,"turns":5.0},{"damage":0.0,"enemies":"3 Darklings","floor":35.0,"turns":3.0},{"damage":10.0,"enemies":"Orb Walker","floor":37.0,"turns":4.0},{"damage":7.0,"enemies":"4 Shapes","floor":39.0,"turns":5.0},{"damage":0.0,"enemies":"Nemesis","floor":40.0,"turns":3.0},{"damage":9.0,"enemies":"3 Darklings","floor":42.0,"turns":3.0},{"damage":0.0,"enemies":"Giant Head","floor":47.0,"turns":1.0},{"damage":0.0,"enemies":"Spire Growth","floor":48.0,"turns":2.0},{"damage":11.0,"enemies":"Donu and Deca","floor":50.0,"turns":7.0},{"damage":0.0,"enemies":"Awakened One","floor":51.0,"turns":7.0},{"damage":40.0,"enemies":"Shield and Spear","floor":55.0,"turns":5.0},{"damage":14,"enemies":"The Heart","floor":56,"turns":12}],"seed_played":"-7763454548072437515","potions_obtained":[{"floor":6.0,"key":"Fire Potion"},{"floor":7.0,"key":"Energy Potion"},{"floor":11.0,"key":"Ancient Potion"},{"floor":13.0,"key":"LiquidBronze"},{"floor":16.0,"key":"Ancient Potion"},{"floor":18.0,"key":"SpeedPotion"},{"floor":25.0,"key":"Weak Potion"},{"floor":27.0,"key":"Energy Potion"},{"floor":42.0,"key":"SteroidPotion"}],"is_trial":false,"path_per_floor":["M","M","$","?","M","E","M","R","T","M","M","R","E","?","R","B",null,"M","?","?","$","M","E","R","M","T","M","R","$","M","M","R","B",null,"M","?","M","$","M","E","R","M","T","?","$","?","E","M","R","B","B",null,"R","$","E","B",null],"character_chosen":"DEFECT","items_purchased":["Defragment","War Paint","Swift Potion","Capacitor","Blizzard","Defragment+1","Turbo+1","Redo+1","Consume+1","PowerPotion"],"campfire_rested":1,"item_purchase_floors":[3,21,21,21,29,38,38,45,45,54],"current_hp_per_floor":[64,64,64,64,64,14,11,11,11,21,33,33,20,43,43,17,58,42,42,24,24,36,17,17,29,29,34,34,34,46,41,41,46,65,65,65,56,56,50,61,79,71,71,71,71,71,71,71,71,60,60,60,60,60,20,6],"gold":55,"neow_bonus":"THREE_ENEMY_KILL","is_prod":false,"is_daily":false,"chose_seed":false,"campfire_upgraded":7,"win_rate":0,"timestamp":1565166448,"path_taken":["M","M","$","?","?","E","M","R","T","M","M","R","E","?","R","BOSS","M","?","?","?","M","E","R","?","T","M","R","$","M","?","R","BOSS","M","?","M","$","?","E","R","M","T","?","$","?","E","M","R","BOSS","BOSS","R","$","E","BOSS"],"build_version":"2019-07-17","purchased_purges":0,"victory":true,"max_hp_per_floor":[71,71,71,71,71,71,71,71,71,71,71,71,71,71,71,71,71,71,71,71,71,71,71,71,71,71,71,71,71,71,71,71,71,71,71,71,72,72,73,84,84,85,85,85,85,85,86,87,87,88,89,89,89,89,90,91],"card_choices":[{"not_picked":["Steam","Stack"],"picked":"Turbo","floor":1.0},{"not_picked":["Ball Lightning","Cold Snap"],"picked":"Sunder","floor":2.0},{"not_picked":["Leap","Go for the Eyes"],"picked":"Heatsinks","floor":5.0},{"not_picked":["Compile Driver","Beam Cell"],"picked":"BootSequence","floor":6.0},{"not_picked":["Steam","BootSequence"],"picked":"Hologram","floor":7.0},{"not_picked":["Auto Shields","Steam","Blizzard"],"picked":"SKIP","floor":10.0},{"not_picked":["Redo","Reprogram"],"picked":"Coolheaded","floor":11.0},{"not_picked":["Static Discharge","Rebound"],"picked":"Thunder Strike","floor":13.0},{"not_picked":["Rainbow","Creative AI"],"picked":"Seek","floor":16.0},{"not_picked":["Steam","Rebound"],"picked":"Tempest","floor":18.0},{"not_picked":["Cold Snap","Steam"],"picked":"Coolheaded","floor":20.0},{"not_picked":["Coolheaded","Turbo","Streamline"],"picked":"SKIP","floor":22.0},{"not_picked":["Coolheaded","Turbo","Streamline"],"picked":"SKIP","floor":22.0},{"not_picked":["Streamline","Multi-Cast"],"picked":"Compile Driver","floor":23.0},{"not_picked":["Force Field+1","Turbo+1"],"picked":"Steam Power+1","floor":25.0},{"not_picked":["Beam Cell","Chaos+1"],"picked":"Skim+1","floor":27.0},{"not_picked":["Streamline","Tempest+1"],"picked":"Recycle+1","floor":30.0},{"not_picked":["Streamline","Barrage","Rebound"],"picked":"SKIP","floor":31.0},{"not_picked":["Biased Cognition+1","Creative AI+1"],"picked":"Meteor Strike","floor":33.0},{"not_picked":["Glacier+1","Steam+1"],"picked":"White Noise+1","floor":35.0},{"not_picked":["Cold Snap+1","Stack+1"],"picked":"Compile Driver","floor":37.0},{"not_picked":["Reinforced Body+1","Steam+1"],"picked":"Reboot+1","floor":39.0},{"not_picked":["Beam Cell","Gash"],"picked":"Stack+1","floor":40.0},{"not_picked":["Streamline","Chill+1"],"picked":"Compile Driver","floor":42.0},{"not_picked":["Capacitor+1","Beam Cell"],"picked":"Hologram+1","floor":47.0},{"not_picked":["Coolheaded+1","FTL"],"picked":"Buffer+1","floor":48.0},{"not_picked":["Rebound","Sweeping Beam"],"picked":"Force Field+1","floor":55.0}],"player_experience":2110426,"relics_obtained":[{"floor":6.0,"key":"StoneCalendar"},{"floor":9.0,"key":"Meat on the Bone"},{"floor":13.0,"key":"Ancient Tea Set"},{"floor":20.0,"key":"Red Mask"},{"floor":23.0,"key":"Toxic Egg 2"},{"floor":26.0,"key":"Frozen Egg 2"},{"floor":40.0,"key":"Pear"},{"floor":47.0,"key":"DataDisk"},{"floor":55.0,"key":"Oddly Smooth Stone"}],"event_choices":[{"cards_removed":["Strike_B"],"damage_healed":0.0,"max_hp_gain":0.0,"max_hp_loss":0.0,"gold_gain":0.0,"event_name":"Purifier","player_choice":"Purged","floor":4.0,"gold_loss":0.0,"damage_taken":0.0},{"damage_healed":23.0,"max_hp_gain":0.0,"max_hp_loss":0.0,"gold_gain":0.0,"event_name":"Big Fish","player_choice":"Banana","floor":14.0,"gold_loss":0.0,"damage_taken":0.0},{"damage_healed":0.0,"max_hp_gain":0.0,"max_hp_loss":0.0,"gold_gain":0.0,"cards_transformed":["Rip and Tear","Darkness"],"event_name":"Drug Dealer","player_choice":"Became Test Subject","floor":19.0,"gold_loss":0.0,"damage_taken":0.0,"cards_obtained":["Fusion","Steam"]},{"damage_healed":0.0,"max_hp_gain":0.0,"max_hp_loss":0.0,"gold_gain":0.0,"event_name":"Masked Bandits","player_choice":"Fought Bandits","floor":20.0,"gold_loss":0.0,"damage_taken":0.0},{"damage_healed":0.0,"max_hp_gain":0.0,"max_hp_loss":0.0,"gold_gain":0.0,"event_name":"FaceTrader","player_choice":"Trade","floor":36.0,"gold_loss":0.0,"damage_taken":0.0,"relics_obtained":["FaceOfCleric"]},{"damage_healed":0.0,"max_hp_gain":0.0,"max_hp_loss":0.0,"gold_gain":0.0,"event_name":"MindBloom","player_choice":"Upgrade","floor":44.0,"gold_loss":0.0,"damage_taken":0.0,"cards_upgraded":["Dualcast","Turbo","BootSequence","Hologram","Thunder Strike","Seek","Beam Cell","Lockon","Reboot","Tempest","Steam","Capacitor","Compile Driver","Blizzard","Meteor Strike","Compile Driver","Compile Driver"],"relics_obtained":["Mark of the Bloom"]},{"damage_healed":0.0,"max_hp_gain":0.0,"max_hp_loss":0.0,"gold_gain":0.0,"event_name":"Accursed Blacksmith","player_choice":"Ignored","floor":46.0,"gold_loss":0.0,"damage_taken":0.0}],"is_beta":false,"boss_relics":[{"not_picked":["Black Star","Tiny House"],"picked":"Pandora\u0027s Box"},{"not_picked":["Snecko Eye","Empty Cage"],"picked":"Eternal Feather"}],"items_purged_floors":[],"is_endless":false,"potions_floor_spawned":[6,7,11,13,16,18,25,27,30,33,35,42,47],"ascension_level":20}