{"gold_per_floor":[12,32,32,50,68,101,101,128,154,171,22,35,35,58,58,160,160,180,80,98,113,125,125,142,142,168,168,202,202,43,58,58,162,162,178,188,188,288,288,288,288,64,89,52,52,52,72,85,85,85],"floor_reached":51,"playtime":4707,"items_purged":["Strike_R","Strike_R","Defend_R","Strike_R"],"score":627,"play_id":"caea14f2-c709-4fec-bf73-e499ec79f11a","local_time":"20190826124713","is_ascension_mode":false,"campfire_choices":[{"data":"Armaments","floor":7,"key":"SMITH"},{"data":"Combust","floor":13,"key":"SMITH"},{"floor":15,"key":"REST"},{"data":"Dual Wield","floor":23,"key":"SMITH"},{"floor":25,"key":"REST"},{"floor":29,"key":"REST"},{"data":"Anger","floor":32,"key":"SMITH"},{"floor":40,"key":"REST"},{"data":"Fire Breathing","floor":45,"key":"SMITH"},{"floor":49,"key":"REST"}],"neow_cost":"NO_GOLD","seed_source_timestamp":1081319597408853,"circlet_count":0,"master_deck":["Strike_R","Defend_R","Defend_R+1","Bash","Anger+1","Intimidate","Pommel Strike","Iron Wave","Armaments+1","Combust+1","Headbutt","Blood for Blood","Shrug It Off","Dual Wield+1","Reaper","Blood for Blood","Battle Trance","Warcry+1","Bloodletting","Anger","Ghostly Armor","Offering","Headbutt+1","Trip","Fire Breathing+1","Ghostly Armor+1"],"relics":["Burning Blood","FossilizedHelix","Sundial","Red Skull","Regal Pillow","Odd Mushroom","Empty Cage","Boot","War Paint","Busted Crown","Ginger","Anchor"],"potions_floor_usage":[],"damage_taken":[{"damage":0,"enemies":"Jaw Worm","floor":1,"turns":3},{"damage":0,"enemies":"Cultist","floor":2,"turns":2},{"damage":7,"enemies":"Small Slimes","floor":4,"turns":4},{"damage":18,"enemies":"Exordium Thugs","floor":5,"turns":4},{"damage":36,"enemies":"Lagavulin","floor":6,"turns":7},{"damage":17,"enemies":"3 Sentries","floor":8,"turns":7},{"damage":9,"enemies":"Gremlin Gang","floor":10,"turns":3},{"damage":0,"enemies":"Large Slime","floor":12,"turns":2},{"damage":11,"enemies":"The Mushroom Lair","floor":14,"turns":4},{"damage":53,"enemies":"The Guardian","floor":16,"turns":9},{"damage":22,"enemies":"Spheric Guardian","floor":18,"turns":5},{"damage":7,"enemies":"3 Byrds","floor":20,"turns":4},{"damage":16,"enemies":"Cultist and Chosen","floor":21,"turns":4},{"damage":33,"enemies":"Centurion and Healer","floor":22,"turns":6},{"damage":23,"enemies":"3 Cultists","floor":24,"turns":4},{"damage":59,"enemies":"Slavers","floor":28,"turns":4},{"damage":13,"enemies":"Snecko","floor":31,"turns":5},{"damage":70,"enemies":"Automaton","floor":33,"turns":9},{"damage":39,"enemies":"3 Shapes","floor":35,"turns":4},{"damage":20,"enemies":"Orb Walker","floor":36,"turns":3},{"damage":4,"enemies":"Mind Bloom Boss Battle","floor":38,"turns":4},{"damage":2,"enemies":"Jaw Worm Horde","floor":47,"turns":3},{"damage":30,"enemies":"Maw","floor":48,"turns":7},{"damage":66,"enemies":"Donu and Deca","floor":50,"turns":8}],"seed_played":"-1054005324522109349","potions_obtained":[{"floor":2,"key":"Fire Potion"},{"floor":6,"key":"Poison Potion"},{"floor":10,"key":"LiquidBronze"}],"is_trial":false,"path_per_floor":["M","M","?","M","M","E","R","E","T","M","$","M","R","?","R","B",null,"M","$","M","M","M","R","M","R","T","?","E","R","$","M","R","B",null,"M","M","?","?","?","R","?","$","T","$","R","$","M","M","R","B",null],"character_chosen":"IRONCLAD","items_purchased":["Blood for Blood","Ghostly Armor","BloodPotion","Fire Breathing"],"campfire_rested":5,"item_purchase_floors":[11,30,42,44],"current_hp_per_floor":[80,80,80,79,67,37,37,26,26,23,23,29,29,24,63,16,80,64,64,69,69,48,48,31,70,70,70,27,66,66,73,73,9,80,56,47,47,49,49,80,80,80,80,80,80,80,80,56,80,34],"gold":85,"neow_bonus":"ONE_RARE_RELIC","is_prod":false,"is_daily":false,"chose_seed":false,"campfire_upgraded":5,"win_rate":0.0,"timestamp":1566816433,"path_taken":["M","M","?","?","M","E","R","E","T","M","$","M","R","?","R","BOSS","M","$","M","M","M","R","M","R","T","?","E","R","$","?","R","BOSS","M","M","?","?","?","R","?","$","T","?","R","$","M","?","R","BOSS"],"build_version":"2019-07-17","purchased_purges":4,"victory":true,"max_hp_per_floor":[80,80,80,80,80,80,80,80,80,80,80,80,80,80,80,80,80,80,80,80,80,80,80,80,80,80,80,80,80,80,80,80,80,80,80,80,80,80,80,80,80,80,80,80,80,80,80,80,80,80],"card_choices":[{"not_picked":["Sword Boomerang","Entrench"],"picked":"Anger","floor":1},{"not_picked":["Anger","Entrench"],"picked":"Intimidate","floor":2},{"not_picked":["Intimidate","Disarm"],"picked":"Pommel Strike","floor":4},{"not_picked":["Thunderclap","Cleave"],"picked":"Iron Wave","floor":5},{"not_picked":["Rampage","Disarm"],"picked":"Armaments","floor":6},{"not_picked":["Intimidate","Cleave"],"picked":"Combust","floor":8},{"not_picked":["Brutality","Clash"],"picked":"Headbutt","floor":10},{"not_picked":["Infernal Blade","Cleave"],"picked":"Shrug It Off","floor":12},{"not_picked":["Sword Boomerang","Iron Wave"],"picked":"Dual Wield","floor":14},{"not_picked":["Brutality","Barricade"],"picked":"Reaper","floor":16},{"not_picked":["Flex","Pommel Strike"],"picked":"Blood for Blood","floor":18},{"not_picked":["True Grit+1","Flame Barrier"],"picked":"Battle Trance","floor":20},{"not_picked":["Twin Strike","Intimidate","Spot Weakness"],"picked":"SKIP","floor":21},{"not_picked":["Twin Strike","Intimidate","Spot Weakness"],"picked":"SKIP","floor":21},{"not_picked":["Feel No Pain","Twin Strike"],"picked":"Warcry","floor":22},{"not_picked":["Pommel Strike","Flex"],"picked":"Hemokinesis","floor":24},{"not_picked":["Clash+1","Dark Embrace","Twin Strike"],"picked":"SKIP","floor":28},{"not_picked":["Body Slam","Feel No Pain","Warcry"],"picked":"SKIP","floor":31},{"not_picked":["Juggernaut","Limit Break"],"picked":"Offering","floor":33},{"not_picked":["Body Slam"],"picked":"SKIP","floor":35},{"not_picked":[],"picked":"Headbutt+1","floor":36},{"not_picked":[],"picked":"Trip","floor":41},{"not_picked":["Armaments"],"picked":"SKIP","floor":47},{"not_picked":[],"picked":"Ghostly Armor+1","floor":48}],"player_experience":15510,"relics_obtained":[{"floor":6,"key":"Sundial"},{"floor":8,"key":"Red Skull"},{"floor":9,"key":"Regal Pillow"},{"floor":14,"key":"Odd Mushroom"},{"floor":26,"key":"Boot"},{"floor":28,"key":"War Paint"},{"floor":38,"key":"Ginger"},{"floor":43,"key":"Anchor"}],"event_choices":[{"damage_healed":0,"gold_gain":0,"player_choice":"Ignored","damage_taken":0,"max_hp_gain":0,"max_hp_loss":0,"event_name":"Golden Shrine","floor":3,"gold_loss":0},{"damage_healed":0,"gold_gain":0,"player_choice":"Fought Mushrooms","damage_taken":0,"max_hp_gain":0,"max_hp_loss":0,"event_name":"Mushrooms","floor":14,"gold_loss":0},{"damage_healed":0,"gold_gain":0,"player_choice":"2 cards matched","damage_taken":0,"max_hp_gain":0,"max_hp_loss":0,"event_name":"Match and Keep!","floor":27,"gold_loss":0,"cards_obtained":["Bloodletting","Anger"]},{"cards_removed":["Hemokinesis"],"damage_healed":0,"gold_gain":0,"player_choice":"Removed Attack","damage_taken":0,"max_hp_gain":0,"max_hp_loss":0,"event_name":"Falling","floor":37,"gold_loss":0},{"damage_healed":0,"gold_gain":0,"player_choice":"Fight","damage_taken":0,"max_hp_gain":0,"max_hp_loss":0,"event_name":"MindBloom","floor":38,"gold_loss":0},{"damage_healed":0,"gold_gain":0,"player_choice":"Ignored","damage_taken":0,"max_hp_gain":0,"max_hp_loss":0,"event_name":"Mysterious Sphere","floor":39,"gold_loss":0},{"damage_healed":0,"gold_gain":0,"player_choice":"Memory 1","damage_taken":0,"max_hp_gain":0,"max_hp_loss":0,"event_name":"SensoryStone","floor":41,"gold_loss":0}],"is_beta":false,"boss_relics":[{"not_picked":["Eternal Feather","Fusion Hammer"],"picked":"Empty Cage"},{"not_picked":["Tiny House","White Beast Statue"],"picked":"Busted Crown"}],"items_purged_floors":[11,19,30,42],"is_endless":false,"potions_floor_spawned":[2,6,10,12,22,24,33,36,38,48],"ascension_level":0}