{"gold_per_floor":[110,121,71,71,71,99,114,139,164,164],"floor_reached":10,"playtime":491,"items_purged":[],"score":116,"play_id":"7439420e-a50f-4bd1-a346-9fbe3207e14a","local_time":"20190828190028","is_ascension_mode":true,"campfire_choices":[],"neow_cost":"NONE","seed_source_timestamp":1298305738927724,"circlet_count":0,"master_deck":["Strike_R","Strike_R","Strike_R","Strike_R","Defend_R","Defend_R","Defend_R","Defend_R","Bash","Cleave","Anger","Regret","Clash","Pommel Strike"],"relics":["Burning Blood","NeowsBlessing","Oddly Smooth Stone","Blood Vial","Sundial","Pen Nib"],"potions_floor_usage":[10],"damage_taken":[{"damage":0,"enemies":"Small Slimes","floor":1,"turns":1},{"damage":0,"enemies":"2 Louse","floor":2,"turns":1},{"damage":0,"enemies":"Gremlin Nob","floor":6,"turns":1},{"damage":8,"enemies":"Jaw Worm","floor":7,"turns":3},{"damage":32,"enemies":"3 Sentries","floor":8,"turns":7},{"damage":63,"enemies":"Lagavulin","floor":10,"turns":6}],"seed_played":"-7468364834134196547","potions_obtained":[{"floor":1,"key":"Block Potion"},{"floor":7,"key":"FearPotion"}],"is_trial":false,"path_per_floor":["M","M","?","?","?","E","M","E","T","E"],"character_chosen":"IRONCLAD","items_purchased":[],"campfire_rested":0,"item_purchase_floors":[],"current_hp_per_floor":[80,80,80,80,80,80,78,54,54,0],"gold":164,"neow_bonus":"THREE_ENEMY_KILL","is_prod":false,"is_daily":false,"chose_seed":false,"campfire_upgraded":0,"win_rate":0,"timestamp":1567036828,"path_taken":["M","M","?","?","?","E","M","E","T","E"],"build_version":"2019-07-17","purchased_purges":0,"victory":false,"max_hp_per_floor":[80,80,80,80,80,80,80,80,80,80],"card_choices":[{"not_picked":["Ghostly Armor","Seeing Red"],"picked":"Cleave","floor":1},{"not_picked":["Heavy Blade","Cleave"],"picked":"Anger","floor":2},{"not_picked":["Havoc","Spot Weakness"],"picked":"Clash","floor":6},{"not_picked":["Body Slam","Juggernaut","Combust"],"picked":"SKIP","floor":7},{"not_picked":["Sentinel","True Grit"],"picked":"Pommel Strike","floor":8}],"player_experience":356482,"relics_obtained":[{"floor":6,"key":"Blood Vial"},{"floor":8,"key":"Sundial"},{"floor":9,"key":"Pen Nib"}],"event_choices":[{"cards_removed":["Strike_R"],"damage_healed":0,"gold_gain":0,"player_choice":"Card Removal","damage_taken":0,"max_hp_gain":0,"max_hp_loss":0,"event_name":"The Cleric","floor":3,"gold_loss":50},{"damage_healed":0,"gold_gain":0,"player_choice":"Ignored","damage_taken":0,"max_hp_gain":0,"max_hp_loss":0,"event_name":"Golden Wing","floor":4,"gold_loss":0},{"damage_healed":0,"gold_gain":0,"player_choice":"Box","damage_taken":0,"relics_obtained":["Oddly Smooth Stone"],"max_hp_gain":0,"max_hp_loss":0,"event_name":"Big Fish","floor":5,"gold_loss":0,"cards_obtained":["Regret"]}],"is_beta":false,"boss_relics":[],"items_purged_floors":[],"is_endless":false,"potions_floor_spawned":[1,7],"killed_by":"Lagavulin","ascension_level":3}