{"gold_per_floor":[99,115,115,134,153,153,185,185,185,185,204,215,215,215,215,215],"floor_reached":16,"playtime":951,"items_purged":[],"score":160,"play_id":"41b3fa8a-8b46-4bed-8331-edc3eaaa417e","local_time":"20190703235603","is_ascension_mode":true,"campfire_choices":[{"floor":6,"key":"REST"},{"floor":8,"key":"REST"},{"floor":10,"key":"REST"},{"floor":15,"key":"RECALL"}],"neow_cost":"NONE","seed_source_timestamp":1353821619349498,"circlet_count":0,"master_deck":["Strike_B","Strike_B","Strike_B","Strike_B","Defend_B","Defend_B","Defend_B","Defend_B","Zap","Dualcast","Reinforced Body","Rebound","Barrage","Capacitor","Multi-Cast","Streamline","Streamline","Regret","Parasite"],"relics":["Cracked Core","NeowsBlessing","Bag of Preparation","Sundial","Nunchaku"],"potions_floor_usage":[16,16],"damage_taken":[{"damage":0,"enemies":"Small Slimes","floor":1,"turns":1},{"damage":0,"enemies":"Cultist","floor":2,"turns":1},{"damage":0,"enemies":"Jaw Worm","floor":4,"turns":1},{"damage":9,"enemies":"3 Louse","floor":5,"turns":4},{"damage":42,"enemies":"Lagavulin","floor":7,"turns":10},{"damage":9,"enemies":"2 Fungi Beasts","floor":11,"turns":4},{"damage":9,"enemies":"Blue Slaver","floor":12,"turns":3}],"seed_played":"4953526933507335156","potions_obtained":[{"floor":2,"key":"Swift Potion"},{"floor":3,"key":"Fire Potion"},{"floor":3,"key":"SpeedPotion"},{"floor":4,"key":"FairyPotion"},{"floor":7,"key":"EssenceOfSteel"},{"floor":12,"key":"FearPotion"}],"is_trial":false,"path_per_floor":["M","M","?","M","M","R","E","R","T","R","M","M","?","?","R","B"],"character_chosen":"DEFECT","items_purchased":[],"campfire_rested":3,"item_purchase_floors":[],"current_hp_per_floor":[75,75,75,75,66,75,33,55,55,75,66,57,57,75,75,0],"gold":215,"neow_bonus":"THREE_ENEMY_KILL","is_prod":false,"is_daily":false,"chose_seed":false,"campfire_upgraded":0,"win_rate":0,"timestamp":1562216163,"path_taken":["M","M","?","?","?","R","E","R","T","R","M","M","?","?","R","BOSS"],"build_version":"2019-07-01","purchased_purges":0,"victory":false,"max_hp_per_floor":[75,75,75,75,75,75,75,75,75,75,75,75,75,75,75,75],"card_choices":[{"not_picked":["Turbo","Hologram"],"picked":"Reinforced Body","floor":1},{"not_picked":["Conserve Battery","Cold Snap"],"picked":"Rebound","floor":2},{"not_picked":["Stack","Heatsinks"],"picked":"Barrage","floor":4},{"not_picked":["Hologram","Stack"],"picked":"Capacitor","floor":5},{"not_picked":["Steam Power","Hologram"],"picked":"Multi-Cast","floor":7},{"not_picked":["Beam Cell","Coolheaded"],"picked":"Streamline","floor":11},{"not_picked":["Glacier","Chaos"],"picked":"Streamline","floor":12}],"player_experience":112033,"relics_obtained":[{"floor":7,"key":"Bag of Preparation"},{"floor":9,"key":"Sundial"}],"event_choices":[{"damage_healed":0,"gold_gain":0,"player_choice":"Got Potions","damage_taken":0,"max_hp_gain":0,"max_hp_loss":0,"event_name":"Lab","floor":3,"gold_loss":0},{"damage_healed":0,"gold_gain":0,"player_choice":"Box","damage_taken":0,"relics_obtained":["Nunchaku"],"max_hp_gain":0,"max_hp_loss":0,"event_name":"Big Fish","floor":13,"gold_loss":0,"cards_obtained":["Regret"]},{"damage_healed":18,"gold_gain":0,"player_choice":"Healed and dodged fight","damage_taken":0,"max_hp_gain":0,"max_hp_loss":0,"event_name":"Mushrooms","floor":14,"gold_loss":0,"cards_obtained":["Parasite"]}],"is_beta":false,"boss_relics":[],"items_purged_floors":[],"is_endless":false,"potions_floor_spawned":[2,4,7,12],"killed_by":"The Guardian","ascension_level":1}