{"gold_per_floor":[113,124,47,67,17,42,42,42,65,65,89,89,86],"floor_reached":13,"playtime":467,"items_purged":[],"score":83,"play_id":"1c0d9121-433f-4561-a35b-08f942203561","local_time":"20190518155220","is_ascension_mode":false,"campfire_choices":[{"data":"Defragment","floor":7,"key":"SMITH"},{"floor":10,"key":"REST"}],"neow_cost":"NONE","seed_source_timestamp":13250211691424,"circlet_count":0,"master_deck":["Strike_B","Strike_B","Strike_B","Defend_B","Defend_B","Defend_B","Defend_B","Zap","Dualcast","Defragment+1","Sweeping Beam","Storm","Ball Lightning","Tempest"],"relics":["Cracked Core","Dream Catcher","PreservedInsect","Golden Idol","Smiling Mask","MawBank"],"potions_floor_usage":[],"damage_taken":[{"damage":0,"enemies":"Cultist","floor":1,"turns":3},{"damage":2,"enemies":"2 Louse","floor":2,"turns":3},{"damage":3,"enemies":"Jaw Worm","floor":4,"turns":4},{"damage":30,"enemies":"Gremlin Nob","floor":6,"turns":4},{"damage":16,"enemies":"Lots of Slimes","floor":11,"turns":3},{"damage":15,"enemies":"Exordium Thugs","floor":13,"turns":1}],"seed_played":"2349008854972278325","potions_obtained":[{"floor":4,"key":"AttackPotion"},{"floor":6,"key":"Explosive Potion"},{"floor":11,"key":"LiquidBronze"}],"is_trial":false,"path_per_floor":["M","M","$","M","?","E","R","?","T","R","M","?","M"],"character_chosen":"DEFECT","items_purchased":["Storm"],"campfire_rested":1,"item_purchase_floors":[3],"current_hp_per_floor":[75,73,73,70,70,40,40,22,22,44,28,10,0],"gold":86,"neow_bonus":"RANDOM_COMMON_RELIC","is_prod":false,"is_daily":false,"chose_seed":false,"campfire_upgraded":1,"win_rate":0,"timestamp":1558219940,"path_taken":["M","M","?","?","?","E","R","?","T","R","M","?","?"],"build_version":"2019-01-23","purchased_purges":0,"victory":false,"max_hp_per_floor":[75,75,75,75,75,75,75,75,75,75,75,75,75],"card_choices":[{"not_picked":["Turbo","Streamline"],"picked":"Defragment","floor":1},{"not_picked":["Redo","Rebound"],"picked":"Sweeping Beam","floor":2},{"not_picked":["Rip and Tear","Stack","Streamline"],"picked":"SKIP","floor":4},{"not_picked":["Skim","Hologram","Hyperbeam"],"picked":"SKIP","floor":6},{"not_picked":["Chill","Steam"],"picked":"Ball Lightning","floor":10},{"not_picked":["Hologram","Gash"],"picked":"Tempest","floor":11}],"player_experience":138532,"relics_obtained":[{"floor":6,"key":"PreservedInsect"},{"floor":9,"key":"Smiling Mask"}],"event_choices":[{"cards_removed":["Strike_B"],"damage_healed":0,"gold_gain":0,"player_choice":"Card Removal","damage_taken":0,"max_hp_gain":0,"max_hp_loss":0,"event_name":"The Cleric","floor":5,"gold_loss":50},{"damage_healed":0,"gold_gain":0,"player_choice":"Take Damage","damage_taken":18,"relics_obtained":["Golden Idol"],"max_hp_gain":0,"max_hp_loss":0,"event_name":"Golden Idol","floor":8,"gold_loss":0},{"damage_healed":0,"gold_gain":0,"player_choice":"Success","damage_taken":18,"relics_obtained":["MawBank"],"max_hp_gain":0,"max_hp_loss":0,"event_name":"Scrap Ooze","floor":12,"gold_loss":0}],"is_beta":false,"boss_relics":[],"items_purged_floors":[],"is_endless":false,"potions_floor_spawned":[4,6,11],"killed_by":"Exordium Thugs","ascension_level":0}