{"gold_per_floor":[109,127,137,152,171,196,196,226,226,244,270,270,270,285,285,385,385,395,395,90,100,118,118,131,31,58,58,76,94,104,104,104,200,200,210,225,50,50,15,15,26,26,26,37,37],"floor_reached":45,"playtime":2430,"items_purged":["Strike_B","Strike_B","Strike_B"],"score":466,"play_id":"c480a4d5-f050-4c17-a4db-2e87a65ab5bd","local_time":"20190831123910","is_ascension_mode":false,"campfire_choices":[{"floor":7,"key":"REST"},{"floor":12,"key":"REST"},{"data":"Chaos","floor":15,"key":"SMITH"},{"floor":23,"key":"REST"},{"data":"Apotheosis","floor":27,"key":"SMITH"},{"floor":32,"key":"REST"},{"floor":40,"key":"REST"},{"floor":42,"key":"REST"}],"neow_cost":"NONE","seed_source_timestamp":1515156713844512,"circlet_count":0,"master_deck":["Strike_B","Defend_B","Defend_B","Defend_B","Defend_B","Zap","Dualcast","Panacea","Gash","Sweeping Beam","Rebound","Coolheaded","Leap","Steam","Ball Lightning","Double Energy","Ball Lightning+1","Chaos+1","Biased Cognition","Go for the Eyes+1","FTL+1","Apotheosis+1","Consume+1","Sweeping Beam+1","Gash+1","FTL+1","Fission","Hologram+1","Gash+1","BootSequence","Gash+1"],"relics":["Cracked Core","Mummified Hand","Ancient Tea Set","Molten Egg 2","Kunai","Nuclear Battery","Anchor","Inserter","Pantograph"],"potions_floor_usage":[8,22,28,41,41],"damage_taken":[{"damage":0,"enemies":"2 Louse","floor":1,"turns":2},{"damage":6,"enemies":"Jaw Worm","floor":2,"turns":4},{"damage":1,"enemies":"Cultist","floor":3,"turns":3},{"damage":5,"enemies":"Gremlin Gang","floor":4,"turns":3},{"damage":24,"enemies":"Exordium Thugs","floor":5,"turns":5},{"damage":21,"enemies":"3 Sentries","floor":6,"turns":8},{"damage":25,"enemies":"Gremlin Nob","floor":8,"turns":5},{"damage":8,"enemies":"Looter","floor":10,"turns":3},{"damage":9,"enemies":"Lagavulin","floor":11,"turns":7},{"damage":0,"enemies":"2 Fungi Beasts","floor":14,"turns":2},{"damage":18,"enemies":"Slime Boss","floor":16,"turns":11},{"damage":18,"enemies":"Shell Parasite","floor":18,"turns":4},{"damage":0,"enemies":"Chosen","floor":21,"turns":3},{"damage":24,"enemies":"Snake Plant","floor":22,"turns":4},{"damage":0,"enemies":"Cultist and Chosen","floor":24,"turns":5},{"damage":9,"enemies":"Snecko","floor":28,"turns":4},{"damage":13,"enemies":"3 Cultists","floor":29,"turns":5},{"damage":0,"enemies":"Centurion and Healer","floor":30,"turns":5},{"damage":29,"enemies":"Automaton","floor":33,"turns":10},{"damage":29,"enemies":"3 Darklings","floor":35,"turns":5},{"damage":23,"enemies":"3 Shapes","floor":36,"turns":5},{"damage":16,"enemies":"Transient","floor":41,"turns":5},{"damage":49,"enemies":"3 Darklings","floor":44,"turns":5},{"damage":16,"enemies":"Maw","floor":45,"turns":2}],"seed_played":"-4820477397786163885","potions_obtained":[{"floor":1,"key":"Strength Potion"},{"floor":2,"key":"Regen Potion"},{"floor":4,"key":"Ancient Potion"},{"floor":11,"key":"Strength Potion"},{"floor":16,"key":"SkillPotion"},{"floor":24,"key":"Block Potion"},{"floor":30,"key":"EssenceOfSteel"},{"floor":36,"key":"Fire Potion"},{"floor":41,"key":"Energy Potion"}],"is_trial":false,"path_per_floor":["M","M","M","M","M","E","R","E","T","M","E","R","?","M","R","B",null,"M","?","$","M","M","R","M","$","T","R","M","M","M","?","R","B",null,"M","M","$","?","$","R","M","R","T","M","M"],"character_chosen":"DEFECT","items_purchased":["FTL+1","Apotheosis","Gash+1","BootSequence"],"campfire_rested":6,"item_purchase_floors":[20,20,37,39],"current_hp_per_floor":[75,69,68,63,39,18,40,24,24,16,7,29,54,54,54,36,75,57,50,50,50,26,48,48,48,48,48,39,26,26,26,48,19,75,46,23,23,23,23,45,29,51,51,2,0],"gold":37,"neow_bonus":"RANDOM_COLORLESS","is_prod":false,"is_daily":false,"chose_seed":false,"campfire_upgraded":2,"win_rate":0.0,"timestamp":1567247950,"path_taken":["M","M","M","M","M","E","R","E","T","M","E","R","?","M","R","BOSS","M","?","$","M","M","R","M","?","T","R","M","?","M","?","R","BOSS","M","M","$","?","$","R","M","R","T","M","M"],"build_version":"2019-07-17","purchased_purges":3,"victory":false,"max_hp_per_floor":[75,75,75,75,75,75,75,75,75,75,75,75,75,75,75,75,75,75,75,75,75,75,75,75,75,75,75,75,75,75,75,75,75,75,75,75,75,75,75,75,75,75,75,75,75],"card_choices":[{"not_picked":["Self Repair","Go for the Eyes"],"picked":"Gash","floor":1},{"not_picked":["Turbo","Aggregate"],"picked":"Sweeping Beam","floor":2},{"not_picked":["Rip and Tear","Compile Driver"],"picked":"Rebound","floor":3},{"not_picked":["Lockon","Heatsinks"],"picked":"Coolheaded","floor":4},{"not_picked":["Reinforced Body","Conserve Battery"],"picked":"Leap","floor":5},{"not_picked":["Stack","Compile Driver"],"picked":"Steam","floor":6},{"not_picked":["Darkness","Go for the Eyes"],"picked":"Ball Lightning","floor":8},{"not_picked":["Leap","Turbo"],"picked":"Double Energy","floor":10},{"not_picked":["White Noise","Thunder Strike+1"],"picked":"Ball Lightning+1","floor":11},{"not_picked":["Compile Driver+1","Cold Snap+1"],"picked":"Chaos","floor":14},{"not_picked":["Buffer","Fission"],"picked":"Biased Cognition","floor":16},{"not_picked":["Cold Snap+1","Steam Power"],"picked":"Go for the Eyes+1","floor":18},{"not_picked":["Redo","Genetic Algorithm"],"picked":"Consume+1","floor":21},{"not_picked":["Reprogram","Storm"],"picked":"Sweeping Beam+1","floor":22},{"not_picked":["Coolheaded","Barrage+1","Thunder Strike+1"],"picked":"SKIP","floor":24},{"not_picked":["Sweeping Beam+1","Stack"],"picked":"Gash+1","floor":28},{"not_picked":["Stack+1","Darkness+1","Go for the Eyes+1"],"picked":"SKIP","floor":29},{"not_picked":["Ball Lightning+1","Chaos"],"picked":"FTL+1","floor":30},{"not_picked":["Machine Learning","Rainbow"],"picked":"Fission","floor":33},{"not_picked":["Streamline+1","Rebound+1","Sweeping Beam+1"],"picked":"SKIP","floor":35},{"not_picked":["Sweeping Beam+1","Leap+1"],"picked":"Hologram+1","floor":36},{"not_picked":["Melter+1","Compile Driver+1","Rebound+1"],"picked":"SKIP","floor":41},{"not_picked":["Beam Cell+1","Streamline+1"],"picked":"Gash+1","floor":44}],"player_experience":94146,"relics_obtained":[{"floor":6,"key":"Mummified Hand"},{"floor":8,"key":"Ancient Tea Set"},{"floor":9,"key":"Molten Egg 2"},{"floor":11,"key":"Kunai"},{"floor":26,"key":"Anchor"},{"floor":43,"key":"Pantograph"}],"event_choices":[{"damage_healed":25,"gold_gain":0,"player_choice":"Banana","damage_taken":0,"max_hp_gain":0,"max_hp_loss":0,"event_name":"Big Fish","floor":13,"gold_loss":0},{"damage_healed":0,"gold_gain":0,"player_choice":"","damage_taken":7,"max_hp_gain":0,"max_hp_loss":0,"event_name":"Knowing Skull","floor":19,"potions_obtained":[],"gold_loss":0,"cards_obtained":[]},{"damage_healed":0,"gold_gain":0,"player_choice":"Ignored","damage_taken":0,"max_hp_gain":0,"max_hp_loss":0,"event_name":"Vampires","floor":31,"gold_loss":0},{"damage_healed":0,"gold_gain":0,"player_choice":"Ignored","damage_taken":0,"max_hp_gain":0,"max_hp_loss":0,"event_name":"Mysterious Sphere","floor":38,"gold_loss":0}],"is_beta":false,"boss_relics":[{"not_picked":["Runic Dome","Astrolabe"],"picked":"Nuclear Battery"},{"not_picked":["Eternal Feather","Lizard Tail"],"picked":"Inserter"}],"items_purged_floors":[20,25,37],"is_endless":false,"potions_floor_spawned":[1,2,4,11,16,18,24,30,36,41],"killed_by":"Maw","ascension_level":0}