{"gold_per_floor":[109,109,124,124,139,139,174,191,191,207,242,242,242,97,97,202,202,215,215,225,33,33],"floor_reached":22,"playtime":1844,"items_purged":[],"score":268,"play_id":"08d84c8c-092c-4dd0-9a31-eafa28fdc53d","local_time":"20190714032813","is_ascension_mode":true,"campfire_choices":[{"floor":6,"key":"RECALL"},{"floor":13,"key":"REST"},{"floor":15,"key":"REST"}],"neow_cost":"NONE","seed_source_timestamp":183951939937356,"circlet_count":0,"master_deck":["Strike_B","Strike_B","Strike_B","Defend_B","Defend_B","Defend_B","Defend_B","Zap","Dualcast","Gash","Gash","Turbo","Defragment","Ball Lightning","Rebound","Rebound","Rebound","Beam Cell+1"],"relics":["Cracked Core","Ancient Tea Set","Sundial","Girya","Vajra","Eternal Feather","HandDrill"],"potions_floor_usage":[7,11,11,20,22,22],"damage_taken":[{"damage":0,"enemies":"Small Slimes","floor":1,"turns":3},{"damage":1,"enemies":"2 Louse","floor":3,"turns":2},{"damage":4,"enemies":"Jaw Worm","floor":5,"turns":3},{"damage":31,"enemies":"3 Sentries","floor":7,"turns":8},{"damage":11,"enemies":"2 Fungi Beasts","floor":8,"turns":3},{"damage":25,"enemies":"Exordium Thugs","floor":10,"turns":4},{"damage":7,"enemies":"Gremlin Nob","floor":11,"turns":3},{"damage":0,"enemies":"Slime Boss","floor":16,"turns":5},{"damage":27,"enemies":"Chosen","floor":18,"turns":5},{"damage":36,"enemies":"2 Thieves","floor":20,"turns":4},{"damage":10,"enemies":"Shelled Parasite and Fungi","floor":22,"turns":1}],"seed_played":"-3178977372562415267","potions_obtained":[{"floor":0,"key":"Swift Potion"},{"floor":0,"key":"Regen Potion"},{"floor":0,"key":"Weak Potion"},{"floor":3,"key":"Strength Potion"},{"floor":11,"key":"SpeedPotion"},{"floor":16,"key":"SpeedPotion"},{"floor":18,"key":"Fire Potion"}],"is_trial":false,"path_per_floor":["M","?","M","?","M","R","E","M","T","M","E","$","R","$","R","B",null,"M","?","M","$","M"],"character_chosen":"DEFECT","items_purchased":["Vajra","HandDrill"],"campfire_rested":2,"item_purchase_floors":[14,21],"current_hp_per_floor":[75,75,74,74,70,70,54,43,43,18,11,11,33,33,55,55,75,48,41,5,5,0],"gold":33,"neow_bonus":"THREE_SMALL_POTIONS","is_prod":false,"is_daily":false,"chose_seed":false,"campfire_upgraded":0,"win_rate":0,"timestamp":1563092893,"path_taken":["M","?","M","?","M","R","E","M","T","M","E","$","R","?","R","BOSS","M","?","M","?","M"],"build_version":"2019-07-05","purchased_purges":0,"victory":false,"max_hp_per_floor":[75,75,75,75,75,75,75,75,75,75,75,75,75,75,75,75,75,75,75,75,75,75],"card_choices":[{"not_picked":["Hologram","Melter"],"picked":"Gash","floor":1},{"not_picked":["White Noise","Hello World"],"picked":"Gash","floor":3},{"not_picked":["Blizzard","Go for the Eyes"],"picked":"Defragment","floor":5},{"not_picked":["Reprogram","Defragment"],"picked":"Ball Lightning","floor":7},{"not_picked":["Cold Snap","Turbo"],"picked":"Rebound","floor":8},{"not_picked":["Reinforced Body","Stack"],"picked":"Rebound","floor":10},{"not_picked":["Blizzard","Auto Shields"],"picked":"Rebound","floor":11},{"not_picked":["Coolheaded","Heatsinks"],"picked":"Beam Cell+1","floor":18},{"not_picked":["Leap","Genetic Algorithm+1","Stack"],"picked":"SKIP","floor":20}],"player_experience":160367,"relics_obtained":[{"floor":7,"key":"Ancient Tea Set"},{"floor":9,"key":"Sundial"},{"floor":11,"key":"Girya"}],"event_choices":[{"damage_healed":0,"gold_gain":0,"player_choice":"Leave","damage_taken":0,"max_hp_gain":0,"max_hp_loss":0,"event_name":"The Cleric","floor":2,"gold_loss":0},{"damage_healed":0,"gold_gain":0,"cards_transformed":["Strike_B"],"player_choice":"Change","damage_taken":0,"max_hp_gain":0,"max_hp_loss":0,"event_name":"Living Wall","floor":4,"gold_loss":0,"cards_obtained":["Turbo"]},{"damage_healed":0,"gold_gain":0,"player_choice":"Damaged","damage_taken":7,"max_hp_gain":0,"max_hp_loss":0,"event_name":"Wheel of Change","floor":19,"gold_loss":0}],"is_beta":false,"boss_relics":[{"not_picked":["Philosopher\u0027s Stone","Fusion Hammer"],"picked":"Eternal Feather"}],"items_purged_floors":[],"is_endless":false,"potions_floor_spawned":[3,11,16,18],"killed_by":"Shelled Parasite and Fungi","ascension_level":2}