{"gold_per_floor":[119,136,153,172,172,197,197,231,231,231,250,281,299,299,299,299],"floor_reached":16,"playtime":2127,"items_purged":[],"score":140,"play_id":"cd8fd3f0-acd7-4461-b88a-4e5e58628522","local_time":"20190829212531","is_ascension_mode":true,"campfire_choices":[{"floor":7,"key":"REST"},{"floor":10,"key":"REST"},{"floor":15,"key":"REST"}],"neow_cost":"NONE","seed_source_timestamp":63076455462900,"circlet_count":0,"master_deck":["Strike_R","Strike_R","Strike_R","Strike_R","Defend_R","Defend_R","Defend_R","Defend_R","Bash","Seeing Red","Rage","Wild Strike","Armaments","Feed","Twin Strike","Armaments","Thunderclap","Warcry","Combust"],"relics":["Burning Blood","Strawberry","Sundial","Unceasing Top","Dead Branch","Thread and Needle"],"potions_floor_usage":[4,11,12,16],"damage_taken":[{"damage":8,"enemies":"2 Louse","floor":1,"turns":2},{"damage":14,"enemies":"Jaw Worm","floor":2,"turns":4},{"damage":12,"enemies":"Small Slimes","floor":3,"turns":4},{"damage":6,"enemies":"Looter","floor":4,"turns":4},{"damage":43,"enemies":"Lagavulin","floor":6,"turns":8},{"damage":51,"enemies":"3 Sentries","floor":8,"turns":13},{"damage":6,"enemies":"Blue Slaver","floor":11,"turns":5},{"damage":37,"enemies":"Lagavulin","floor":12,"turns":8},{"damage":0,"enemies":"Red Slaver","floor":13,"turns":4},{"damage":66,"enemies":"The Guardian","floor":16,"turns":12}],"seed_played":"-2111105514140066425","potions_obtained":[{"floor":1,"key":"AttackPotion"},{"floor":8,"key":"Regen Potion"},{"floor":11,"key":"SkillPotion"},{"floor":13,"key":"Swift Potion"}],"is_trial":false,"path_per_floor":["M","M","M","M","$","E","R","E","T","R","M","E","M","?","R","B"],"character_chosen":"IRONCLAD","items_purchased":[],"campfire_rested":3,"item_purchase_floors":[],"current_hp_per_floor":[85,77,71,71,71,34,60,18,18,45,57,26,35,35,62,0],"gold":299,"neow_bonus":"RANDOM_COMMON_RELIC","is_prod":false,"is_daily":false,"chose_seed":false,"campfire_upgraded":0,"win_rate":0,"timestamp":1567131931,"path_taken":["M","M","M","M","$","E","R","E","T","R","M","E","M","?","R","BOSS"],"build_version":"2019-07-17","purchased_purges":0,"victory":false,"max_hp_per_floor":[87,87,87,87,87,87,87,90,90,90,90,90,93,93,93,93],"card_choices":[{"not_picked":["Carnage","Havoc"],"picked":"Seeing Red","floor":1},{"not_picked":["True Grit","Entrench"],"picked":"Rage","floor":2},{"not_picked":["Carnage","Shockwave"],"picked":"Wild Strike","floor":3},{"not_picked":["Entrench","Shrug It Off"],"picked":"Armaments","floor":4},{"not_picked":["Rupture","Clothesline"],"picked":"Feed","floor":6},{"not_picked":["Battle Trance","Shockwave"],"picked":"Twin Strike","floor":8},{"not_picked":["Sword Boomerang","Uppercut"],"picked":"Armaments","floor":11},{"not_picked":["Spot Weakness","Combust"],"picked":"Thunderclap","floor":12},{"not_picked":["Spot Weakness","Body Slam"],"picked":"Warcry","floor":13}],"player_experience":363544,"relics_obtained":[{"floor":6,"key":"Sundial"},{"floor":8,"key":"Unceasing Top"},{"floor":9,"key":"Dead Branch"},{"floor":12,"key":"Thread and Needle"}],"event_choices":[{"damage_healed":0,"gold_gain":0,"cards_transformed":["Strike_R"],"player_choice":"Change","damage_taken":0,"max_hp_gain":0,"max_hp_loss":0,"event_name":"Living Wall","floor":14,"gold_loss":0,"cards_obtained":["Combust"]}],"is_beta":false,"boss_relics":[],"items_purged_floors":[],"is_endless":false,"potions_floor_spawned":[1,8,11,13],"killed_by":"The Guardian","ascension_level":3}