{"gold_per_floor":[115,15,15,26,36,70,70,50,50,76,76,87,87,63,63,166,216,233,245,265,276,126,126,136,136,136,136,162,7,18,33,33,33],"floor_reached":33,"playtime":3495,"items_purged":[],"score":277,"play_id":"82b43c92-a1d2-40b6-9af8-f23ac5f94f7c","local_time":"20190629172521","is_ascension_mode":false,"campfire_choices":[{"floor":11,"key":"REST"},{"floor":13,"key":"REST"},{"data":"Twin Strike","floor":15,"key":"SMITH"},{"floor":23,"key":"REST"},{"floor":25,"key":"REST"},{"floor":27,"key":"REST"},{"floor":32,"key":"REST"}],"neow_cost":"NONE","seed_source_timestamp":982226220292904,"circlet_count":0,"master_deck":["Strike_R","Strike_R+1","Strike_R","Strike_R+1","Strike_R","Defend_R","Defend_R","Defend_R","Bash","Shrug It Off","Cleave","Pommel Strike","Anger","Sword Boomerang","Parasite","Bludgeon","Heavy Blade+1","Twin Strike+1","Double Tap","Anger","Sword Boomerang","Heavy Blade","Dropkick","Heavy Blade+1","Thunderclap+1","Berserk","Iron Wave","Twin Strike+1"],"relics":["Burning Blood","Centennial Puzzle","Mummified Hand","Paper Frog","Whetstone","Tiny House","Oddly Smooth Stone","Champion Belt","Magic Flower"],"potions_floor_usage":[16,16,16,28,28,28,30,31],"damage_taken":[{"damage":6,"enemies":"2 Louse","floor":1,"turns":2},{"damage":15,"enemies":"Cultist","floor":4,"turns":4},{"damage":6,"enemies":"Jaw Worm","floor":5,"turns":3},{"damage":34,"enemies":"Lagavulin","floor":6,"turns":6},{"damage":23,"enemies":"3 Sentries","floor":10,"turns":6},{"damage":13,"enemies":"Gremlin Gang","floor":12,"turns":5},{"damage":33,"enemies":"Slime Boss","floor":16,"turns":10},{"damage":30,"enemies":"Spheric Guardian","floor":18,"turns":4},{"damage":5,"enemies":"Chosen","floor":19,"turns":3},{"damage":21,"enemies":"Snake Plant","floor":20,"turns":2},{"damage":33,"enemies":"Centurion and Healer","floor":21,"turns":6},{"damage":27,"enemies":"3 Cultists","floor":24,"turns":5},{"damage":39,"enemies":"Book of Stabbing","floor":28,"turns":5},{"damage":24,"enemies":"Shelled Parasite and Fungi","floor":30,"turns":4},{"damage":33,"enemies":"Snake Plant","floor":31,"turns":4},{"damage":42,"enemies":"Collector","floor":33,"turns":3}],"seed_played":"-2233720897840509745","potions_obtained":[{"floor":4,"key":"Energy Potion"},{"floor":8,"key":"LiquidBronze"},{"floor":16,"key":"Poison Potion"},{"floor":17,"key":"EntropicBrew"},{"floor":21,"key":"EssenceOfSteel"},{"floor":24,"key":"Explosive Potion"},{"floor":31,"key":"SmokeBomb"}],"is_trial":false,"path_per_floor":["M","$","?","M","M","E","?","?","T","E","R","M","R","$","R","B",null,"M","M","M","M","$","R","M","R","T","R","E","$","M","M","R","B"],"character_chosen":"IRONCLAD","items_purchased":["Fire Potion","Cleave","Twin Strike","Oddly Smooth Stone","LiquidBronze","BloodPotion"],"campfire_rested":6,"item_purchase_floors":[2,2,14,22,29,29],"current_hp_per_floor":[80,80,80,71,71,43,63,63,63,46,70,63,80,80,80,53,85,61,62,47,20,20,45,24,49,49,74,41,41,26,14,39,0],"gold":33,"neow_bonus":"RANDOM_COMMON_RELIC","is_prod":false,"is_daily":false,"chose_seed":false,"campfire_upgraded":1,"win_rate":0.0,"timestamp":1561847121,"path_taken":["M","$","?","?","M","E","?","?","T","E","R","M","R","$","R","BOSS","M","?","M","M","$","R","M","R","T","R","E","$","M","M","R","BOSS"],"build_version":"2019-01-23","purchased_purges":0,"victory":false,"max_hp_per_floor":[80,80,80,80,80,80,80,80,80,80,80,80,80,80,80,80,85,85,85,85,85,85,85,85,85,85,85,85,85,85,85,85,85],"card_choices":[{"not_picked":["Feel No Pain","Armaments"],"picked":"Shrug It Off","floor":1},{"not_picked":["Armaments","Body Slam"],"picked":"Pommel Strike","floor":4},{"not_picked":["Hemokinesis","Iron Wave"],"picked":"Anger","floor":5},{"not_picked":["Sever Soul","Metallicize"],"picked":"Sword Boomerang","floor":6},{"not_picked":["Perfected Strike","Power Through"],"picked":"Bludgeon","floor":10},{"not_picked":["Warcry","Clothesline"],"picked":"Heavy Blade","floor":12},{"not_picked":["Brutality","Bludgeon"],"picked":"Double Tap","floor":16},{"not_picked":["Warcry","Flex"],"picked":"Anger","floor":17},{"not_picked":["Dark Embrace","Iron Wave"],"picked":"Sword Boomerang","floor":18},{"not_picked":["Thunderclap","Fire Breathing"],"picked":"Heavy Blade","floor":19},{"not_picked":["Headbutt","Hemokinesis"],"picked":"Dropkick","floor":20},{"not_picked":["True Grit+1","Entrench"],"picked":"Heavy Blade+1","floor":21},{"not_picked":["Headbutt","Heavy Blade"],"picked":"Thunderclap+1","floor":24},{"not_picked":["Clash","Disarm"],"picked":"Berserk","floor":28},{"not_picked":["Power Through","Warcry+1"],"picked":"Iron Wave","floor":30},{"not_picked":["Shrug It Off","True Grit"],"picked":"Twin Strike+1","floor":31}],"player_experience":17313,"relics_obtained":[{"floor":6,"key":"Mummified Hand"},{"floor":9,"key":"Paper Frog"},{"floor":10,"key":"Whetstone"},{"floor":26,"key":"Champion Belt"},{"floor":28,"key":"Magic Flower"}],"event_choices":[{"cards_removed":["Defend_R"],"damage_healed":0,"gold_gain":0,"player_choice":"Card Removal","damage_taken":0,"max_hp_gain":0,"max_hp_loss":0,"event_name":"Wheel of Change","floor":3,"gold_loss":0},{"damage_healed":20,"gold_gain":0,"player_choice":"Healed and dodged fight","damage_taken":0,"max_hp_gain":0,"max_hp_loss":0,"event_name":"Mushrooms","floor":7,"gold_loss":0,"cards_obtained":["Parasite"]},{"damage_healed":0,"gold_gain":0,"player_choice":"Bought 1 Potion","damage_taken":0,"max_hp_gain":0,"max_hp_loss":0,"event_name":"The Woman in Blue","floor":8,"gold_loss":0}],"is_beta":false,"boss_relics":[{"not_picked":["Sozu","Coffee Dripper"],"picked":"Tiny House"}],"items_purged_floors":[],"is_endless":false,"potions_floor_spawned":[4,16,21,24,31],"killed_by":"Collector","ascension_level":0}