{"gold_per_floor":[117,11,11,25,40,40,73,73,73,73,103,103,134,8,8,83,83,100,15,15,29,49,49,99,130,130,130,130,130,130,146,146,146],"floor_reached":33,"playtime":917,"items_purged":[],"score":658,"play_id":"5b2cede9-e1ed-43ba-b93a-eb5fd086c818","local_time":"20190815145052","is_ascension_mode":true,"campfire_choices":[{"data":"Zap","floor":6.0,"key":"SMITH"},{"data":"Coolheaded","floor":8.0,"key":"SMITH"},{"data":"Dualcast","floor":10.0,"key":"SMITH"},{"data":"Defragment","floor":15.0,"key":"SMITH"},{"data":"Amplify","floor":23.0,"key":"SMITH"},{"data":"Turbo","floor":27.0,"key":"SMITH"},{"data":"Blizzard","floor":30.0,"key":"SMITH"},{"data":"Biased Cognition","floor":32.0,"key":"SMITH"}],"neow_cost":"NONE","seed_source_timestamp":1546022321243299,"circlet_count":0,"master_deck":["AscendersBane","Strike_B","Strike_B","Strike_B","Strike_B","Defend_B","Defend_B","Defend_B","Defend_B","Zap+1","Dualcast+1","Turbo+1","Coolheaded+1","Compile Driver","Ball Lightning","Glacier","Hello World","Parasite","Static Discharge","Defragment+1","Blizzard+1","Amplify+1","Storm","Storm","BootSequence","Stack","Storm","Biased Cognition+1"],"special_seed":0,"relics":["Cracked Core","NeowsBlessing","Bird Faced Urn","Du-Vu Doll","Shuriken","Thread and Needle","Nuclear Battery","Ancient Tea Set","Question Card","Lantern"],"potions_floor_usage":[33],"damage_taken":[{"damage":0.0,"enemies":"Cultist","floor":1.0,"turns":1.0},{"damage":0.0,"enemies":"Jaw Worm","floor":4.0,"turns":1.0},{"damage":0.0,"enemies":"2 Louse","floor":5.0,"turns":1.0},{"damage":25.0,"enemies":"Lagavulin","floor":7.0,"turns":7.0},{"damage":23.0,"enemies":"3 Sentries","floor":11.0,"turns":9.0},{"damage":24.0,"enemies":"Lagavulin","floor":13.0,"turns":6.0},{"damage":0.0,"enemies":"Hexaghost","floor":16.0,"turns":12.0},{"damage":0.0,"enemies":"Chosen","floor":18.0,"turns":5.0},{"damage":7.0,"enemies":"Shell Parasite","floor":21.0,"turns":4.0},{"damage":13.0,"enemies":"Centurion and Healer","floor":22.0,"turns":6.0},{"damage":34.0,"enemies":"Gremlin Leader","floor":25.0,"turns":6.0},{"damage":13.0,"enemies":"Sentry and Sphere","floor":31.0,"turns":5.0},{"damage":60,"enemies":"Collector","floor":33,"turns":6}],"seed_played":"2703528641312015380","potions_obtained":[{"floor":1.0,"key":"Block Potion"},{"floor":11.0,"key":"EssenceOfSteel"},{"floor":13.0,"key":"Fire Potion"},{"floor":25.0,"key":"Explosive Potion"}],"is_trial":false,"path_per_floor":["M","$","$","M","M","R","E","R","T","R","E","?","E","$","R","B",null,"M","$","?","M","M","R","?","E","T","R","T","?","R","M","R","B"],"character_chosen":"DEFECT","items_purchased":["Coolheaded","Compile Driver","Defragment","Blizzard","Storm"],"campfire_rested":0,"item_purchase_floors":[2,2,14,14,19],"current_hp_per_floor":[64,64,64,64,64,64,39,39,39,39,16,33,11,11,11,17,58,62,62,62,67,68,68,68,42,42,42,42,22,22,21,21,0],"gold":146,"neow_bonus":"THREE_ENEMY_KILL","is_prod":false,"is_daily":false,"chose_seed":false,"campfire_upgraded":8,"win_rate":0,"timestamp":1565851852,"path_taken":["M","?","$","M","M","R","E","R","T","R","E","?","E","$","R","BOSS","M","$","?","M","M","R","?","E","T","R","?","?","R","M","R","BOSS"],"build_version":"2019-07-17","purchased_purges":0,"victory":false,"max_hp_per_floor":[71,71,71,71,71,71,71,71,71,71,71,71,71,71,71,71,71,71,71,71,71,71,71,71,71,71,71,71,76,76,76,76,76],"card_choices":[{"not_picked":["Self Repair","Leap"],"picked":"Turbo","floor":1.0},{"not_picked":["Lockon","Coolheaded"],"picked":"Ball Lightning","floor":4.0},{"not_picked":["Gash","Coolheaded"],"picked":"Glacier","floor":5.0},{"not_picked":["Go for the Eyes","Hyperbeam","Streamline"],"picked":"SKIP","floor":7.0},{"not_picked":["Leap","Stack"],"picked":"Hello World","floor":11.0},{"not_picked":["Barrage","Cold Snap"],"picked":"Static Discharge","floor":13.0},{"not_picked":["Creative AI","Buffer"],"picked":"Amplify","floor":16.0},{"not_picked":["Rebound","Double Energy"],"picked":"Storm","floor":18.0},{"not_picked":["Go for the Eyes","FTL+1"],"picked":"BootSequence","floor":21.0},{"not_picked":["Gash","Ball Lightning"],"picked":"Stack","floor":22.0},{"not_picked":["Barrage","Conserve Battery"],"picked":"Storm","floor":25.0},{"not_picked":["Turbo","Steam Power","Self Repair"],"picked":"Biased Cognition","floor":31.0}],"player_experience":2169035,"relics_obtained":[{"floor":7.0,"key":"Bird Faced Urn"},{"floor":9.0,"key":"Du-Vu Doll"},{"floor":11.0,"key":"Shuriken"},{"floor":13.0,"key":"Thread and Needle"},{"floor":25.0,"key":"Ancient Tea Set"},{"floor":26.0,"key":"Question Card"},{"floor":28.0,"key":"Lantern"}],"event_choices":[{"damage_healed":17.0,"max_hp_gain":0.0,"max_hp_loss":0.0,"gold_gain":0.0,"event_name":"Mushrooms","player_choice":"Healed and dodged fight","floor":12.0,"gold_loss":0.0,"damage_taken":0.0,"cards_obtained":["Parasite"]},{"damage_healed":0.0,"max_hp_gain":0.0,"max_hp_loss":0.0,"gold_gain":0.0,"event_name":"The Mausoleum","player_choice":"Ignored","floor":20.0,"gold_loss":0.0,"damage_taken":0.0},{"damage_healed":0.0,"max_hp_gain":0.0,"max_hp_loss":0.0,"gold_gain":50.0,"event_name":"Nest","player_choice":"Stole From Cult","floor":24.0,"gold_loss":0.0,"damage_taken":0.0},{"damage_healed":0.0,"max_hp_gain":5.0,"max_hp_loss":0.0,"gold_gain":0.0,"event_name":"Forgotten Altar","player_choice":"Shed Blood","floor":29.0,"gold_loss":0.0,"damage_taken":25.0}],"is_beta":false,"boss_relics":[{"not_picked":["Runic Dome","Sozu"],"picked":"Nuclear Battery"}],"items_purged_floors":[],"is_endless":false,"potions_floor_spawned":[1,11,13,16,25],"killed_by":"Collector","ascension_level":20}