{"gold_per_floor":[109,126,140,160,8,41,41,41,41,41,56,56,84,99,99,99],"floor_reached":16,"playtime":1223,"items_purged":[],"score":142,"play_id":"8e6cba7f-a830-416c-ac4c-f01c68a60555","local_time":"20190828230754","is_ascension_mode":true,"campfire_choices":[{"floor":8,"key":"REST"},{"floor":10,"key":"REST"},{"floor":15,"key":"REST"}],"neow_cost":"NONE","seed_source_timestamp":844688991300,"circlet_count":0,"master_deck":["Strike_R","Strike_R","Strike_R","Strike_R","Strike_R","Defend_R","Defend_R","Defend_R","Defend_R","Bash","Heavy Blade","Heavy Blade","Flex","Flex","Dark Embrace","Infernal Blade+1","Wild Strike","Rage+1"],"relics":["Burning Blood","Juzu Bracelet","Toxic Egg 2","Champion Belt","Mango","Odd Mushroom"],"potions_floor_usage":[4,14,16],"damage_taken":[{"damage":10,"enemies":"Cultist","floor":1,"turns":5},{"damage":2,"enemies":"Small Slimes","floor":2,"turns":4},{"damage":0,"enemies":"Jaw Worm","floor":3,"turns":3},{"damage":25,"enemies":"Exordium Thugs","floor":4,"turns":5},{"damage":46,"enemies":"Gremlin Nob","floor":6,"turns":5},{"damage":11,"enemies":"2 Fungi Beasts","floor":11,"turns":3},{"damage":38,"enemies":"The Mushroom Lair","floor":13,"turns":5},{"damage":3,"enemies":"Red Slaver","floor":14,"turns":1},{"damage":121,"enemies":"Hexaghost","floor":16,"turns":14}],"seed_played":"-663759164729096365","potions_obtained":[{"floor":3,"key":"EssenceOfSteel"},{"floor":6,"key":"Fire Potion"},{"floor":11,"key":"BloodPotion"},{"floor":13,"key":"Fire Potion"}],"is_trial":false,"path_per_floor":["M","M","M","M","$","E","?","R","T","R","M","$","?","M","R","B"],"character_chosen":"IRONCLAD","items_purchased":["Juzu Bracelet"],"campfire_rested":3,"item_purchase_floors":[5],"current_hp_per_floor":[84,88,88,69,69,29,29,55,69,99,94,94,62,65,95,0],"gold":99,"neow_bonus":"TEN_PERCENT_HP_BONUS","is_prod":false,"is_daily":false,"chose_seed":false,"campfire_upgraded":0,"win_rate":0,"timestamp":1567051674,"path_taken":["M","M","M","M","?","E","?","R","T","R","M","$","?","M","R","BOSS"],"build_version":"2019-07-17","purchased_purges":0,"victory":false,"max_hp_per_floor":[88,88,88,88,88,88,88,88,102,102,102,102,102,102,102,102],"card_choices":[{"not_picked":["Havoc","Hemokinesis"],"picked":"Heavy Blade","floor":1},{"not_picked":["Thunderclap","Combust"],"picked":"Heavy Blade","floor":2},{"not_picked":["Bloodletting","Perfected Strike"],"picked":"Flex","floor":3},{"not_picked":["Carnage","Combust"],"picked":"Flex","floor":4},{"not_picked":["Perfected Strike","Seeing Red"],"picked":"Dark Embrace","floor":6},{"not_picked":["Headbutt","Flex+1"],"picked":"Infernal Blade+1","floor":11},{"not_picked":["Body Slam","Perfected Strike"],"picked":"Wild Strike","floor":13},{"not_picked":["Flex+1","Carnage"],"picked":"Rage+1","floor":14}],"player_experience":360093,"relics_obtained":[{"floor":6,"key":"Toxic Egg 2"},{"floor":9,"key":"Mango"},{"floor":13,"key":"Odd Mushroom"}],"event_choices":[{"damage_healed":0,"gold_gain":0,"player_choice":"Gave Potion","damage_taken":0,"relics_obtained":["Champion Belt"],"max_hp_gain":0,"max_hp_loss":0,"event_name":"WeMeetAgain","floor":7,"gold_loss":0},{"damage_healed":0,"gold_gain":0,"player_choice":"Fought Mushrooms","damage_taken":0,"max_hp_gain":0,"max_hp_loss":0,"event_name":"Mushrooms","floor":13,"gold_loss":0}],"is_beta":false,"boss_relics":[],"items_purged_floors":[],"is_endless":false,"potions_floor_spawned":[3,6,11,13],"killed_by":"Hexaghost","ascension_level":3}