{"gold_per_floor":[110,110,35,58,133,133,166,166,190,219,219,250,21,21,21,112,112,137,176,191,209,209,209,247,247,274,324,324,337,22,45,45,138,138,158,177,52,77,102,136,136,136,160,183,183],"floor_reached":45,"playtime":1445,"items_purged":["Strike_B","Writhe","Defend_B"],"score":988,"play_id":"bd78b9f4-20ce-41d1-ab2a-0070b6f77e62","local_time":"20190815163829","is_ascension_mode":true,"campfire_choices":[{"data":"Zap","floor":6.0,"key":"SMITH"},{"data":"Dualcast","floor":8.0,"key":"SMITH"},{"data":"Turbo","floor":11.0,"key":"SMITH"},{"data":"Panacea","floor":15.0,"key":"SMITH"},{"data":"Biased Cognition","floor":23.0,"key":"SMITH"},{"floor":25.0,"key":"REST"},{"data":"Hologram","floor":28.0,"key":"SMITH"},{"data":"Sunder","floor":32.0,"key":"SMITH"},{"data":"Coolheaded","floor":41.0,"key":"SMITH"}],"neow_cost":"NONE","seed_source_timestamp":1551957669467613,"circlet_count":0,"master_deck":["AscendersBane","Defend_B","Defend_B+1","Defend_B","Zap+1","Dualcast+1","Ball Lightning","Ball Lightning","Turbo+1","Skim+1","Panacea+1","Compile Driver","Echo Form","Hologram+1","Chill","Defragment+1","Cold Snap","Gash","Biased Cognition+1","Sunder+1","Glacier","Thunder Strike","Loop","Hologram","Coolheaded+1","Reprogram+1","Conserve Battery+1","Decay","Heatsinks+1"],"special_seed":0,"relics":["Cracked Core","NeowsBlessing","Golden Idol","Meat on the Bone","Ancient Tea Set","Odd Mushroom","War Paint","Vajra","Cursed Key","Red Mask","Turnip","DataDisk","Orrery","Bronze Scales","Oddly Smooth Stone"],"potions_floor_usage":[],"damage_taken":[{"damage":0.0,"enemies":"Small Slimes","floor":1.0,"turns":1.0},{"damage":0.0,"enemies":"2 Louse","floor":4.0,"turns":1.0},{"damage":0.0,"enemies":"Gremlin Nob","floor":7.0,"turns":1.0},{"damage":19.0,"enemies":"The Mushroom Lair","floor":10.0,"turns":4.0},{"damage":16.0,"enemies":"3 Sentries","floor":12.0,"turns":5.0},{"damage":24.0,"enemies":"The Guardian","floor":16.0,"turns":10.0},{"damage":0.0,"enemies":"Chosen","floor":18.0,"turns":3.0},{"damage":12.0,"enemies":"Masked Bandits","floor":19.0,"turns":3.0},{"damage":12.0,"enemies":"2 Thieves","floor":20.0,"turns":3.0},{"damage":20.0,"enemies":"Shelled Parasite and Fungi","floor":21.0,"turns":5.0},{"damage":30.0,"enemies":"Book of Stabbing","floor":24.0,"turns":5.0},{"damage":0.0,"enemies":"Cultist and Chosen","floor":29.0,"turns":4.0},{"damage":0.0,"enemies":"Chosen and Byrds","floor":31.0,"turns":4.0},{"damage":10.0,"enemies":"Collector","floor":33.0,"turns":9.0},{"damage":29.0,"enemies":"3 Darklings","floor":35.0,"turns":5.0},{"damage":0.0,"enemies":"3 Shapes","floor":36.0,"turns":3.0},{"damage":7.0,"enemies":"Transient","floor":38.0,"turns":6.0},{"damage":21.0,"enemies":"Writhing Mass","floor":39.0,"turns":6.0},{"damage":8.0,"enemies":"Nemesis","floor":40.0,"turns":7.0},{"damage":22.0,"enemies":"3 Darklings","floor":44.0,"turns":4.0},{"damage":0,"enemies":"Reptomancer","floor":45,"turns":2}],"seed_played":"831106466625724853","potions_obtained":[{"floor":4.0,"key":"GamblersBrew"},{"floor":7.0,"key":"EssenceOfSteel"},{"floor":12.0,"key":"Weak Potion"},{"floor":16.0,"key":"FearPotion"},{"floor":18.0,"key":"AttackPotion"},{"floor":21.0,"key":"Block Potion"},{"floor":33.0,"key":"PowerPotion"},{"floor":35.0,"key":"Fire Potion"},{"floor":38.0,"key":"Ancient Potion"},{"floor":40.0,"key":"Regen Potion"}],"is_trial":false,"path_per_floor":["M","?","?","M","?","R","E","R","T","?","R","E","$","?","R","B",null,"M","?","M","M","?","R","E","R","T","?","R","M","$","M","R","B",null,"M","M","$","M","M","E","R","$","T","M","E"],"character_chosen":"DEFECT","items_purchased":["Panacea","Compile Driver","DataDisk","PowerPotion"],"campfire_rested":1,"item_purchase_floors":[13,13,30,30],"current_hp_per_floor":[64,64,64,64,53,53,53,53,53,34,34,30,30,30,30,18,53,53,41,41,33,33,33,15,34,34,34,34,34,34,34,34,36,57,40,40,40,33,24,28,28,28,28,27,27],"gold":183,"neow_bonus":"THREE_ENEMY_KILL","is_prod":false,"is_daily":false,"chose_seed":false,"campfire_upgraded":8,"win_rate":0,"timestamp":1565858309,"path_taken":["M","?","?","?","?","R","E","R","T","?","R","E","$","?","R","BOSS","M","?","M","M","?","R","E","R","T","?","R","?","$","M","R","BOSS","M","?","?","M","M","E","R","$","T","M","E"],"build_version":"2019-07-17","purchased_purges":3,"victory":false,"max_hp_per_floor":[71,64,64,64,64,64,64,64,64,64,64,64,64,64,64,64,64,64,64,64,64,64,64,64,64,64,64,64,64,64,64,64,64,64,64,64,64,64,64,64,64,64,64,64,64],"card_choices":[{"not_picked":["Steam","Beam Cell"],"picked":"Ball Lightning","floor":1.0},{"not_picked":["Go for the Eyes","Steam","Rebound"],"picked":"SKIP","floor":4.0},{"not_picked":["Steam","Scrape"],"picked":"Ball Lightning","floor":7.0},{"not_picked":["Redo","Hologram"],"picked":"Turbo","floor":10.0},{"not_picked":["Multi-Cast","Lockon"],"picked":"Skim","floor":12.0},{"not_picked":["Core Surge","Buffer"],"picked":"Echo Form","floor":16.0},{"not_picked":["Barrage","Beam Cell"],"picked":"Hologram","floor":18.0},{"not_picked":["Turbo","Rebound"],"picked":"Chill","floor":19.0},{"not_picked":["Reinforced Body","Leap"],"picked":"Defragment+1","floor":20.0},{"not_picked":["Stack","Conserve Battery"],"picked":"Cold Snap","floor":21.0},{"not_picked":["Streamline","Genetic Algorithm","Static Discharge"],"picked":"SKIP","floor":24.0},{"not_picked":["Reinforced Body","Double Energy"],"picked":"Sunder","floor":29.0},{"not_picked":["Turbo","Blizzard"],"picked":"Glacier","floor":31.0},{"not_picked":["Creative AI","Hyperbeam"],"picked":"Thunder Strike","floor":33.0},{"not_picked":["Gash","Stack"],"picked":"Loop","floor":34.0},{"not_picked":["Darkness","Conserve Battery"],"picked":"Hologram","floor":34.0},{"not_picked":["Chaos","Aggregate"],"picked":"Coolheaded","floor":34.0},{"not_picked":["Barrage","Leap","Steam+1"],"picked":"SKIP","floor":35.0},{"not_picked":["Chill","Reinforced Body"],"picked":"Reprogram+1","floor":36.0},{"not_picked":["FTL","Blizzard"],"picked":"Conserve Battery+1","floor":38.0},{"not_picked":["Aggregate","Cold Snap","Sunder"],"picked":"SKIP","floor":39.0},{"not_picked":["Tempest","Aggregate","Barrage"],"picked":"SKIP","floor":40.0},{"not_picked":["Coolheaded+1","Beam Cell"],"picked":"Heatsinks+1","floor":44.0}],"player_experience":2173599,"relics_obtained":[{"floor":7.0,"key":"Meat on the Bone"},{"floor":9.0,"key":"Ancient Tea Set"},{"floor":10.0,"key":"Odd Mushroom"},{"floor":12.0,"key":"War Paint"},{"floor":19.0,"key":"Red Mask"},{"floor":24.0,"key":"Turnip"},{"floor":40.0,"key":"Bronze Scales"},{"floor":43.0,"key":"Oddly Smooth Stone"}],"event_choices":[{"damage_healed":0.0,"max_hp_gain":0.0,"max_hp_loss":7.0,"gold_gain":0.0,"event_name":"Golden Idol","player_choice":"Lose Max HP","floor":2.0,"gold_loss":0.0,"damage_taken":0.0,"relics_obtained":["Golden Idol"]},{"cards_removed":["Strike_B"],"damage_healed":0.0,"max_hp_gain":0.0,"max_hp_loss":0.0,"gold_gain":0.0,"event_name":"The Cleric","player_choice":"Card Removal","floor":3.0,"gold_loss":75.0,"damage_taken":0.0},{"damage_healed":0.0,"max_hp_gain":0.0,"max_hp_loss":0.0,"gold_gain":75.0,"event_name":"World of Goop","player_choice":"Gather Gold","floor":5.0,"gold_loss":0.0,"damage_taken":11.0},{"damage_healed":0.0,"max_hp_gain":0.0,"max_hp_loss":0.0,"gold_gain":0.0,"event_name":"Mushrooms","player_choice":"Fought Mushrooms","floor":10.0,"gold_loss":0.0,"damage_taken":0.0},{"damage_healed":0.0,"max_hp_gain":0.0,"max_hp_loss":0.0,"gold_gain":0.0,"event_name":"WeMeetAgain","player_choice":"Gave Potion","floor":14.0,"gold_loss":0.0,"damage_taken":0.0,"relics_obtained":["Vajra"]},{"damage_healed":0.0,"max_hp_gain":0.0,"max_hp_loss":0.0,"gold_gain":0.0,"event_name":"Masked Bandits","player_choice":"Fought Bandits","floor":19.0,"gold_loss":0.0,"damage_taken":0.0},{"damage_healed":0.0,"max_hp_gain":0.0,"max_hp_loss":0.0,"gold_gain":0.0,"cards_transformed":["Strike_B","Strike_B"],"event_name":"Drug Dealer","player_choice":"Became Test Subject","floor":22.0,"gold_loss":0.0,"damage_taken":0.0,"cards_obtained":["Gash","Biased Cognition"]},{"damage_healed":0.0,"max_hp_gain":0.0,"max_hp_loss":0.0,"gold_gain":50.0,"event_name":"Golden Shrine","player_choice":"Pray","floor":27.0,"gold_loss":0.0,"damage_taken":0.0}],"is_beta":false,"boss_relics":[{"not_picked":["Fusion Hammer","Velvet Choker"],"picked":"Cursed Key"},{"not_picked":["FrozenCore","Philosopher\u0027s Stone"],"picked":"Orrery"}],"items_purged_floors":[13,30,37],"is_endless":false,"potions_floor_spawned":[4,7,12,16,18,21,33,35,38,40],"killed_by":"Reptomancer","ascension_level":20}