{"gold_per_floor":[114,126,142,142,92,92,110,35,84,94,94,125,125,151,151,246,246,258,276,28,38,52,52,0,31,104,104,117,143,155,170,170,274,274,286,299,40,40,66,66,66,66,120,145,119,134,146,161,161,161],"floor_reached":51,"playtime":5913,"items_purged":["Strike_R","Strike_R"],"score":948,"play_id":"cfe5a666-3a70-4fa6-8a1e-27affe15d58a","local_time":"20190902235014","is_ascension_mode":true,"campfire_choices":[{"data":"Bash","floor":6,"key":"SMITH"},{"data":"Cleave","floor":11,"key":"SMITH"},{"data":"Ghostly Armor","floor":13,"key":"SMITH"},{"data":"Uppercut","floor":15,"key":"SMITH"},{"data":"Shrug It Off","floor":23,"key":"SMITH"},{"data":"Bludgeon","floor":27,"key":"SMITH"},{"data":"Heavy Blade","floor":32,"key":"SMITH"},{"data":"Shrug It Off","floor":40,"key":"SMITH"},{"data":"Bludgeon","floor":42,"key":"SMITH"},{"data":"Shrug It Off","floor":49,"key":"SMITH"}],"neow_cost":"NONE","seed_source_timestamp":498699638336200,"circlet_count":0,"master_deck":["Strike_R","Defend_R","Defend_R","Defend_R","Defend_R","Bash+1","Uppercut+1","Heavy Blade+1","Cleave+1","Ghostly Armor+1","Battle Trance","Bludgeon+1","Whirlwind","Anger+1","Shrug It Off+1","Bludgeon+1","Headbutt","Shrug It Off+1","Metallicize+1","Sadistic Nature+1","Madness","Madness","Headbutt+1","Shrug It Off+1","Inflame+1","Spot Weakness","Spot Weakness+1"],"relics":["Burning Blood","Centennial Puzzle","Anchor","Thread and Needle","Incense Burner","Runic Pyramid","Bag of Preparation","Dream Catcher","Regal Pillow","Frozen Egg 2","Bronze Scales","Sozu","Omamori","Strawberry","Bottled Lightning"],"potions_floor_usage":[7,12,12,22,33,33],"damage_taken":[{"damage":8,"enemies":"2 Louse","floor":1,"turns":4},{"damage":5,"enemies":"Jaw Worm","floor":2,"turns":4},{"damage":1,"enemies":"Cultist","floor":3,"turns":3},{"damage":4,"enemies":"3 Louse","floor":7,"turns":3},{"damage":0,"enemies":"Exordium Wildlife","floor":10,"turns":3},{"damage":17,"enemies":"3 Sentries","floor":12,"turns":6},{"damage":25,"enemies":"Lagavulin","floor":14,"turns":8},{"damage":47,"enemies":"Hexaghost","floor":16,"turns":13},{"damage":4,"enemies":"Shell Parasite","floor":18,"turns":6},{"damage":12,"enemies":"Spheric Guardian","floor":19,"turns":4},{"damage":1,"enemies":"Snecko","floor":21,"turns":4},{"damage":8,"enemies":"Centurion and Healer","floor":22,"turns":7},{"damage":0,"enemies":"Gremlin Leader","floor":25,"turns":5},{"damage":0,"enemies":"Snake Plant","floor":28,"turns":4},{"damage":6,"enemies":"Slavers","floor":29,"turns":6},{"damage":9,"enemies":"Snecko","floor":30,"turns":3},{"damage":6,"enemies":"3 Cultists","floor":31,"turns":4},{"damage":77,"enemies":"Automaton","floor":33,"turns":9},{"damage":4,"enemies":"3 Shapes","floor":35,"turns":3},{"damage":0,"enemies":"Orb Walker","floor":36,"turns":2},{"damage":0,"enemies":"Reptomancer","floor":44,"turns":3},{"damage":0,"enemies":"Transient","floor":46,"turns":5},{"damage":0,"enemies":"Spire Growth","floor":47,"turns":4},{"damage":0,"enemies":"Jaw Worm Horde","floor":48,"turns":3},{"damage":54,"enemies":"Donu and Deca","floor":50,"turns":7}],"seed_played":"5687401940641005092","potions_obtained":[{"floor":1,"key":"Fire Potion"},{"floor":3,"key":"BloodPotion"},{"floor":10,"key":"Fruit Juice"},{"floor":14,"key":"SpeedPotion"},{"floor":16,"key":"Explosive Potion"},{"floor":19,"key":"SteroidPotion"},{"floor":22,"key":"BloodPotion"},{"floor":30,"key":"Poison Potion"}],"is_trial":false,"path_per_floor":["M","M","M","?","?","R","M","$","T","M","R","E","R","E","R","B",null,"M","M","$","M","M","R","?","E","T","R","M","E","M","M","R","B",null,"M","M","$","?","T","R","?","R","T","E","$","M","M","M","R","B",null],"character_chosen":"IRONCLAD","items_purchased":["Bag of Preparation","Metallicize+1","Sadistic Nature+1","Shrug It Off"],"campfire_rested":0,"item_purchase_floors":[20,37,37,45],"current_hp_per_floor":[70,71,76,64,64,64,66,66,66,72,72,74,74,55,55,14,67,69,63,63,68,66,66,66,72,72,72,78,78,75,75,75,25,70,72,78,78,67,67,67,67,67,74,80,80,86,92,92,92,44],"gold":161,"neow_bonus":"REMOVE_CARD","is_prod":false,"is_daily":false,"chose_seed":false,"campfire_upgraded":10,"win_rate":0,"timestamp":1567482614,"path_taken":["M","M","M","?","?","R","M","$","T","?","R","E","R","E","R","BOSS","M","M","$","M","M","R","?","E","T","R","M","E","M","M","R","BOSS","M","M","?","?","?","R","?","R","T","E","$","M","?","M","R","BOSS"],"build_version":"2019-07-17","purchased_purges":2,"victory":true,"max_hp_per_floor":[80,80,80,80,80,80,80,80,80,80,80,85,85,85,85,85,85,85,85,85,85,85,85,85,85,85,85,85,85,85,85,85,85,85,85,85,85,85,85,85,85,85,92,92,92,92,92,92,92,92],"card_choices":[{"not_picked":["Body Slam","Havoc"],"picked":"Uppercut","floor":1},{"not_picked":["Warcry","Entrench"],"picked":"Heavy Blade","floor":2},{"not_picked":["Inflame","Wild Strike"],"picked":"Cleave","floor":3},{"not_picked":["Pommel Strike","Cleave"],"picked":"Ghostly Armor","floor":7},{"not_picked":["Sword Boomerang","Clothesline","Thunderclap"],"picked":"SKIP","floor":10},{"not_picked":["Anger","Bloodletting"],"picked":"Battle Trance","floor":12},{"not_picked":["Uppercut","Berserk","Second Wind"],"picked":"SKIP","floor":14},{"not_picked":["Berserk","Impervious"],"picked":"Bludgeon","floor":16},{"not_picked":["Havoc","Blood for Blood"],"picked":"Whirlwind","floor":18},{"not_picked":["Body Slam","Wild Strike"],"picked":"Anger+1","floor":19},{"not_picked":["Wild Strike","Clothesline"],"picked":"Shrug It Off","floor":21},{"not_picked":["Battle Trance+1","Warcry","Body Slam"],"picked":"SKIP","floor":22},{"not_picked":["Sword Boomerang","Corruption","Heavy Blade"],"picked":"SKIP","floor":25},{"not_picked":["Havoc+1","Flex","Cleave"],"picked":"SKIP","floor":28},{"not_picked":["Thunderclap+1","Havoc","Heavy Blade"],"picked":"SKIP","floor":29},{"not_picked":["Dropkick","Anger+1","Iron Wave"],"picked":"SKIP","floor":30},{"not_picked":["Uppercut+1","Clothesline","Thunderclap"],"picked":"SKIP","floor":31},{"not_picked":["Brutality+1","Berserk+1"],"picked":"Bludgeon","floor":33},{"not_picked":["Clothesline","Anger"],"picked":"Headbutt","floor":35},{"not_picked":["Whirlwind+1","Seeing Red+1"],"picked":"Shrug It Off","floor":36},{"not_picked":["Searing Blow","Carnage"],"picked":"Headbutt+1","floor":44},{"not_picked":["Battle Trance","Power Through+1"],"picked":"Inflame+1","floor":46},{"not_picked":["Wild Strike","Fire Breathing+1"],"picked":"Spot Weakness","floor":47},{"not_picked":["Perfected Strike+1","Headbutt+1"],"picked":"Spot Weakness+1","floor":48}],"player_experience":164038,"relics_obtained":[{"floor":9,"key":"Anchor"},{"floor":12,"key":"Thread and Needle"},{"floor":14,"key":"Incense Burner"},{"floor":25,"key":"Regal Pillow"},{"floor":26,"key":"Frozen Egg 2"},{"floor":29,"key":"Bronze Scales"},{"floor":39,"key":"Omamori"},{"floor":43,"key":"Strawberry"},{"floor":44,"key":"Bottled Lightning"}],"event_choices":[{"damage_healed":0,"gold_gain":0,"player_choice":"Success","damage_taken":12,"relics_obtained":["Centennial Puzzle"],"max_hp_gain":0,"max_hp_loss":0,"event_name":"Scrap Ooze","floor":4,"gold_loss":0},{"cards_removed":["Strike_R"],"damage_healed":0,"gold_gain":0,"player_choice":"Card Removal","damage_taken":0,"max_hp_gain":0,"max_hp_loss":0,"event_name":"The Cleric","floor":5,"gold_loss":50},{"damage_healed":0,"gold_gain":0,"player_choice":"Paid Gold","damage_taken":0,"relics_obtained":["Dream Catcher"],"max_hp_gain":0,"max_hp_loss":0,"event_name":"WeMeetAgain","floor":24,"gold_loss":52},{"damage_healed":0,"gold_gain":0,"player_choice":"Embrace Madness","damage_taken":11,"max_hp_gain":0,"max_hp_loss":0,"event_name":"Winding Halls","floor":38,"gold_loss":0,"cards_obtained":["Madness","Madness"]},{"damage_healed":0,"gold_gain":0,"player_choice":"Ignored","damage_taken":0,"max_hp_gain":0,"max_hp_loss":0,"event_name":"Transmorgrifier","floor":41,"gold_loss":0}],"is_beta":false,"boss_relics":[{"not_picked":["White Beast Statue","Eternal Feather"],"picked":"Runic Pyramid"},{"not_picked":["Coffee Dripper","Mark of Pain"],"picked":"Sozu"}],"items_purged_floors":[8,20],"is_endless":false,"potions_floor_spawned":[1,3,10,14,16,19,21,22,25,30,31,44,46],"ascension_level":6}