{"gold_per_floor":[111,111,130,130,130,162,162,175,175,205,205,224,224,238,238,340,390,404,196,212,212,231,231,231,156,156,173,192,192,202,202,202,202],"floor_reached":33,"playtime":2652,"items_purged":["Writhe"],"score":349,"play_id":"a5c25a3f-f08f-43b9-9685-c2a62c3873c8","local_time":"20190809231330","is_ascension_mode":true,"campfire_choices":[{"data":"Whirlwind","floor":7,"key":"SMITH"},{"floor":11,"key":"REST"},{"data":"Twin Strike","floor":15,"key":"SMITH"},{"floor":23,"key":"REST"},{"floor":29,"key":"REST"},{"floor":32,"key":"REST"}],"neow_cost":"NONE","seed_source_timestamp":685487854565193,"circlet_count":0,"master_deck":["Strike_R","Strike_R","Strike_R","Strike_R","Strike_R","Defend_R+1","Defend_R","Defend_R","Defend_R","Thunderclap","Whirlwind+1","Headbutt","Twin Strike+1","Cleave","Rage","Rage","Impervious","Twin Strike","Clash","Sword Boomerang","Perfected Strike","Cleave","Blood for Blood","Perfected Strike"],"relics":["Burning Blood","NeowsBlessing","Regal Pillow","Mercury Hourglass","Sundial","Tiny House","Lee\u0027s Waffle","MutagenicStrength","Strawberry","Kunai"],"potions_floor_usage":[10,16,33,33,33],"damage_taken":[{"damage":0,"enemies":"Cultist","floor":1,"turns":1},{"damage":0,"enemies":"Jaw Worm","floor":3,"turns":1},{"damage":0,"enemies":"3 Sentries","floor":6,"turns":1},{"damage":5,"enemies":"Small Slimes","floor":8,"turns":2},{"damage":50,"enemies":"Lagavulin","floor":10,"turns":6},{"damage":9,"enemies":"Blue Slaver","floor":12,"turns":4},{"damage":0,"enemies":"Exordium Thugs","floor":14,"turns":4},{"damage":60,"enemies":"The Guardian","floor":16,"turns":13},{"damage":28,"enemies":"Spheric Guardian","floor":18,"turns":4},{"damage":0,"enemies":"Chosen","floor":20,"turns":3},{"damage":27,"enemies":"Sentry and Sphere","floor":22,"turns":5},{"damage":48,"enemies":"Snake Plant","floor":27,"turns":3},{"damage":42,"enemies":"Shelled Parasite and Fungi","floor":28,"turns":4},{"damage":28,"enemies":"Snecko","floor":30,"turns":5},{"damage":138,"enemies":"Champ","floor":33,"turns":11}],"seed_played":"4502076558136414668","potions_obtained":[{"floor":1,"key":"Fruit Juice"},{"floor":10,"key":"GamblersBrew"},{"floor":14,"key":"EssenceOfSteel"},{"floor":16,"key":"BloodPotion"},{"floor":17,"key":"Strength Potion"},{"floor":18,"key":"FearPotion"}],"is_trial":false,"path_per_floor":["M","?","M","$","$","E","R","M","T","E","R","M","$","M","R","B",null,"M","$","M","?","M","R","?","$","T","M","M","R","M","$","R","B"],"character_chosen":"IRONCLAD","items_purchased":["Lee\u0027s Waffle"],"campfire_rested":4,"item_purchase_floors":[19],"current_hp_per_floor":[80,80,80,80,80,80,80,80,80,41,81,78,78,84,84,30,90,68,97,97,97,76,97,104,104,104,62,26,72,50,50,96,0],"gold":202,"neow_bonus":"THREE_ENEMY_KILL","is_prod":false,"is_daily":false,"chose_seed":false,"campfire_upgraded":2,"win_rate":0,"timestamp":1565410410,"path_taken":["M","?","M","?","$","E","R","M","T","E","R","M","$","?","R","BOSS","M","$","?","?","M","R","?","?","T","?","M","R","M","$","R","BOSS"],"build_version":"2019-07-17","purchased_purges":1,"victory":false,"max_hp_per_floor":[80,80,80,80,80,80,80,80,80,85,85,85,85,85,85,85,90,90,97,97,97,97,97,104,104,104,104,104,104,104,104,104,104],"card_choices":[{"not_picked":["Power Through","Sever Soul"],"picked":"Thunderclap","floor":1},{"not_picked":["Iron Wave","Havoc"],"picked":"Whirlwind","floor":3},{"not_picked":["Berserk","Flex"],"picked":"Headbutt","floor":6},{"not_picked":["True Grit","Body Slam"],"picked":"Twin Strike","floor":8},{"not_picked":["Thunderclap","Second Wind"],"picked":"Cleave","floor":10},{"not_picked":["Hemokinesis","Sword Boomerang"],"picked":"Rage","floor":12},{"not_picked":["Iron Wave","Wild Strike"],"picked":"Rage","floor":14},{"not_picked":["Dark Embrace","Offering"],"picked":"Impervious","floor":16},{"not_picked":["True Grit","Thunderclap"],"picked":"Twin Strike","floor":17},{"not_picked":["Anger","Armaments"],"picked":"Clash","floor":18},{"not_picked":["Battle Trance+1","True Grit+1"],"picked":"Sword Boomerang","floor":20},{"not_picked":["Whirlwind","Armaments"],"picked":"Perfected Strike","floor":22},{"not_picked":["Uppercut+1","Shockwave"],"picked":"Cleave","floor":27},{"not_picked":["Dual Wield","True Grit+1"],"picked":"Blood for Blood","floor":28},{"not_picked":["Flame Barrier","True Grit"],"picked":"Perfected Strike","floor":30}],"player_experience":292259,"relics_obtained":[{"floor":6,"key":"Regal Pillow"},{"floor":9,"key":"Mercury Hourglass"},{"floor":10,"key":"Sundial"},{"floor":26,"key":"Kunai"}],"event_choices":[{"cards_removed":["Bash"],"damage_healed":0,"gold_gain":0,"player_choice":"Offered Basic","damage_taken":0,"max_hp_gain":0,"max_hp_loss":0,"event_name":"Bonfire Elementals","floor":2,"gold_loss":0},{"damage_healed":0,"gold_gain":0,"player_choice":"Inject Mutagens","damage_taken":0,"relics_obtained":["MutagenicStrength"],"max_hp_gain":0,"max_hp_loss":0,"event_name":"Drug Dealer","floor":21,"gold_loss":0},{"damage_healed":0,"gold_gain":0,"player_choice":"Opened","damage_taken":0,"relics_obtained":["Strawberry"],"max_hp_gain":0,"max_hp_loss":0,"event_name":"The Mausoleum","floor":24,"gold_loss":0,"cards_obtained":["Writhe"]}],"is_beta":false,"boss_relics":[{"not_picked":["Runic Dome","Sozu"],"picked":"Tiny House"}],"items_purged_floors":[25],"is_endless":false,"potions_floor_spawned":[1,10,14,16,18,22,28],"killed_by":"Champ","ascension_level":3}