{"gold_per_floor":[116,116,191,191,62,126,126,159,159,187,200,200,229,279,279,356,356,372,422,7,23,40,53,53,103,103,166,182,182,59,109,109,109],"floor_reached":33,"playtime":857,"items_purged":["Strike_B","Strike_B"],"score":676,"play_id":"e34262e9-d68e-4747-80f5-a1dddf984b35","local_time":"20190816141838","is_ascension_mode":true,"campfire_choices":[{"data":"Zap","floor":7.0,"key":"SMITH"},{"floor":12.0,"key":"REST"},{"data":"Dualcast","floor":15.0,"key":"SMITH"},{"data":"Recycle","floor":24.0,"key":"SMITH"},{"floor":29.0,"key":"REST"},{"data":"Turbo","floor":32.0,"key":"SMITH"}],"neow_cost":"NONE","seed_source_timestamp":1630199485252636,"circlet_count":0,"master_deck":["AscendersBane","Strike_B","Defend_B","Defend_B","Defend_B","Defend_B","Zap+1","Dualcast+1","Conserve Battery","Skim","Heatsinks","Ball Lightning","Tempest","Cold Snap","Undo","Turbo+1","Amplify","Recycle+1","Capacitor","Multi-Cast","Turbo","BootSequence","Hologram","Lockon+1","Heatsinks","Glacier"],"special_seed":0,"relics":["Cracked Core","NeowsBlessing","DataDisk","SsserpentHead","Ancient Tea Set","Art of War","Turnip","Anchor","Runic Pyramid","Membership Card","PreservedInsect","Molten Egg 2","ClockworkSouvenir"],"potions_floor_usage":[],"damage_taken":[{"damage":0.0,"enemies":"Cultist","floor":1.0,"turns":1.0},{"damage":0.0,"enemies":"Small Slimes","floor":6.0,"turns":1.0},{"damage":0.0,"enemies":"Lagavulin","floor":8.0,"turns":1.0},{"damage":18.0,"enemies":"3 Sentries","floor":10.0,"turns":6.0},{"damage":0.0,"enemies":"2 Louse","floor":11.0,"turns":2.0},{"damage":32.0,"enemies":"Lagavulin","floor":13.0,"turns":5.0},{"damage":0.0,"enemies":"Hexaghost","floor":16.0,"turns":9.0},{"damage":0.0,"enemies":"Spheric Guardian","floor":18.0,"turns":3.0},{"damage":1.0,"enemies":"Chosen","floor":21.0,"turns":3.0},{"damage":45.0,"enemies":"3 Cultists","floor":22.0,"turns":5.0},{"damage":0.0,"enemies":"Cultist and Chosen","floor":23.0,"turns":5.0},{"damage":0.0,"enemies":"Centurion and Healer","floor":27.0,"turns":8.0},{"damage":3.0,"enemies":"Shelled Parasite and Fungi","floor":28.0,"turns":4.0},{"damage":28,"enemies":"Automaton","floor":33,"turns":6}],"seed_played":"2654915966861928699","potions_obtained":[{"floor":6.0,"key":"Ancient Potion"},{"floor":13.0,"key":"LiquidBronze"},{"floor":16.0,"key":"FearPotion"},{"floor":27.0,"key":"Block Potion"}],"is_trial":false,"path_per_floor":["M","?","?","?","$","M","R","E","T","E","M","R","E","?","R","B",null,"M","T","$","M","M","M","R","?","T","M","M","R","$","?","R","B"],"character_chosen":"DEFECT","items_purchased":["Skim","Heatsinks","Membership Card","Capacitor","Multi-Cast","PreservedInsect","Heatsinks","ClockworkSouvenir"],"campfire_rested":2,"item_purchase_floors":[5,5,20,20,20,20,30,30],"current_hp_per_floor":[64,46,35,35,35,35,35,35,35,17,17,38,6,6,6,6,55,55,55,55,54,9,9,9,9,9,9,6,27,27,27,27,0],"gold":109,"neow_bonus":"THREE_ENEMY_KILL","is_prod":false,"is_daily":false,"chose_seed":false,"campfire_upgraded":4,"win_rate":0,"timestamp":1565936318,"path_taken":["M","?","?","?","$","?","R","E","T","E","M","R","E","?","R","BOSS","M","?","?","M","M","M","R","?","T","?","M","R","?","?","R","BOSS"],"build_version":"2019-07-17","purchased_purges":2,"victory":false,"max_hp_per_floor":[71,71,71,71,71,71,71,71,71,71,71,71,71,71,71,71,71,71,71,71,71,71,71,71,71,71,71,71,71,71,71,71,71],"card_choices":[{"not_picked":["Go for the Eyes","Leap"],"picked":"Conserve Battery","floor":1.0},{"not_picked":["Barrage","Beam Cell"],"picked":"Ball Lightning","floor":6.0},{"not_picked":["Static Discharge","Hyperbeam"],"picked":"Tempest","floor":8.0},{"not_picked":["Streamline","Ball Lightning"],"picked":"Cold Snap","floor":10.0},{"not_picked":["Rebound","Compile Driver"],"picked":"Undo","floor":11.0},{"not_picked":["Cold Snap","Core Surge"],"picked":"Turbo","floor":13.0},{"not_picked":["Machine Learning","Rainbow"],"picked":"Amplify","floor":16.0},{"not_picked":["Go for the Eyes","Sweeping Beam"],"picked":"Recycle","floor":18.0},{"not_picked":["Rebound","FTL","Leap"],"picked":"SKIP","floor":21.0},{"not_picked":["Darkness","Doom and Gloom"],"picked":"Turbo","floor":22.0},{"not_picked":["Steam","Stack"],"picked":"BootSequence","floor":23.0},{"not_picked":["Leap+1","Rip and Tear+1"],"picked":"Hologram","floor":27.0},{"not_picked":["Leap+1","Beam Cell+1"],"picked":"Lockon+1","floor":28.0}],"player_experience":2183192,"relics_obtained":[{"floor":8.0,"key":"Ancient Tea Set"},{"floor":9.0,"key":"Art of War"},{"floor":10.0,"key":"Turnip"},{"floor":13.0,"key":"Anchor"},{"floor":26.0,"key":"Molten Egg 2"}],"event_choices":[{"damage_healed":0.0,"max_hp_gain":0.0,"max_hp_loss":0.0,"gold_gain":0.0,"event_name":"Scrap Ooze","player_choice":"Success","floor":2.0,"gold_loss":0.0,"damage_taken":18.0,"relics_obtained":["DataDisk"]},{"damage_healed":0.0,"max_hp_gain":0.0,"max_hp_loss":0.0,"gold_gain":75.0,"event_name":"World of Goop","player_choice":"Gather Gold","floor":3.0,"gold_loss":0.0,"damage_taken":11.0},{"damage_healed":0.0,"max_hp_gain":0.0,"max_hp_loss":0.0,"gold_gain":0.0,"event_name":"FaceTrader","player_choice":"Trade","floor":4.0,"gold_loss":0.0,"damage_taken":0.0,"relics_obtained":["SsserpentHead"]},{"cards_removed":["Strike_B"],"damage_healed":0.0,"max_hp_gain":0.0,"max_hp_loss":0.0,"gold_gain":0.0,"event_name":"Purifier","player_choice":"Purged","floor":14.0,"gold_loss":0.0,"damage_taken":0.0},{"damage_healed":0.0,"max_hp_gain":0.0,"max_hp_loss":0.0,"gold_gain":0.0,"event_name":"N\u0027loth","player_choice":"Ignored","floor":25.0,"gold_loss":0.0,"damage_taken":0.0},{"damage_healed":0.0,"max_hp_gain":0.0,"max_hp_loss":0.0,"gold_gain":0.0,"event_name":"The Library","player_choice":"Read","floor":31.0,"gold_loss":0.0,"damage_taken":0.0,"cards_obtained":["Glacier"]}],"is_beta":false,"boss_relics":[{"not_picked":["Tiny House","Orrery"],"picked":"Runic Pyramid"}],"items_purged_floors":[20,30],"is_endless":false,"potions_floor_spawned":[6,13,16,18,27],"killed_by":"Automaton","ascension_level":20}