{"gold_per_floor":[111,111,131,181,194,219,219,249,275,605,624,624,639,639,639,716,716,728,738,766,284,297,297,297,31,55,55,73,73,73,90,90,164,164,181,181,75,86,104,104,115,145,215,235,252,252,263,163,163,163],"floor_reached":50,"playtime":1855,"items_purged":["Hello World","Turbo"],"score":1013,"play_id":"0095ed8a-e228-41a0-8a81-3f33773c7120","local_time":"20190817223100","is_ascension_mode":true,"campfire_choices":[{"data":"Sunder","floor":7.0,"key":"SMITH"},{"data":"Zap","floor":12.0,"key":"SMITH"},{"floor":15.0,"key":"REST"},{"data":"Consume","floor":23.0,"key":"SMITH"},{"data":"Fusion","floor":27.0,"key":"SMITH"},{"data":"Coolheaded","floor":29.0,"key":"SMITH"},{"data":"Dualcast","floor":32.0,"key":"SMITH"},{"data":"Skim","floor":40.0,"key":"SMITH"},{"data":"Seek","floor":46.0,"key":"SMITH"},{"floor":49.0,"key":"RECALL"}],"neow_cost":"NONE","seed_source_timestamp":1745370392089103,"circlet_count":0,"master_deck":["AscendersBane","Zap+1","Dualcast+1","Ball Lightning+1","Cold Snap+1","Sunder+1","Meteor Strike","Compile Driver","Coolheaded+1","Core Surge","Static Discharge","Conserve Battery","Seek+1","Tempest","Amplify","Glacier","Fusion+1","Consume+1","White Noise","Beam Cell+1","Master of Strategy","Skim+1","Lockon","Echo Form","Self Repair","Panacea","Compile Driver","Undo","Turbo+1"],"special_seed":0,"relics":["Runic Dome","Dream Catcher","Whetstone","Blood Vial","Old Coin","Pandora\u0027s Box","Red Mask","Pear","Bronze Scales","Inserter","Art of War"],"potions_floor_usage":[],"damage_taken":[{"damage":0.0,"enemies":"Cultist","floor":1.0,"turns":3.0},{"damage":0.0,"enemies":"Small Slimes","floor":3.0,"turns":2.0},{"damage":2.0,"enemies":"Jaw Worm","floor":5.0,"turns":3.0},{"damage":19.0,"enemies":"3 Sentries","floor":6.0,"turns":7.0},{"damage":6.0,"enemies":"Lagavulin","floor":8.0,"turns":6.0},{"damage":15.0,"enemies":"3 Sentries","floor":10.0,"turns":4.0},{"damage":2.0,"enemies":"Red Slaver","floor":11.0,"turns":2.0},{"damage":1.0,"enemies":"Looter","floor":13.0,"turns":2.0},{"damage":24.0,"enemies":"The Guardian","floor":16.0,"turns":11.0},{"damage":2.0,"enemies":"3 Byrds","floor":18.0,"turns":5.0},{"damage":9.0,"enemies":"2 Thieves","floor":19.0,"turns":3.0},{"damage":14.0,"enemies":"Masked Bandits","floor":20.0,"turns":4.0},{"damage":15.0,"enemies":"Cultist and Chosen","floor":22.0,"turns":5.0},{"damage":0.0,"enemies":"Snecko","floor":28.0,"turns":3.0},{"damage":7.0,"enemies":"Centurion and Healer","floor":31.0,"turns":6.0},{"damage":21.0,"enemies":"Collector","floor":33.0,"turns":5.0},{"damage":31.0,"enemies":"3 Darklings","floor":35.0,"turns":6.0},{"damage":0.0,"enemies":"3 Shapes","floor":38.0,"turns":2.0},{"damage":13.0,"enemies":"Spire Growth","floor":39.0,"turns":5.0},{"damage":1.0,"enemies":"Sphere and 2 Shapes","floor":41.0,"turns":5.0},{"damage":24.0,"enemies":"Reptomancer","floor":42.0,"turns":4.0},{"damage":22.0,"enemies":"4 Shapes","floor":44.0,"turns":4.0},{"damage":12.0,"enemies":"Transient","floor":45.0,"turns":6.0},{"damage":5.0,"enemies":"3 Darklings","floor":47.0,"turns":4.0},{"damage":30,"enemies":"Donu and Deca","floor":50,"turns":4}],"seed_played":"-6300107974734290002","potions_obtained":[{"floor":3.0,"key":"Energy Potion"},{"floor":6.0,"key":"Weak Potion"},{"floor":8.0,"key":"GamblersBrew"},{"floor":11.0,"key":"SpeedPotion"},{"floor":13.0,"key":"SteroidPotion"},{"floor":19.0,"key":"Block Potion"},{"floor":31.0,"key":"FocusPotion"},{"floor":38.0,"key":"FearPotion"},{"floor":39.0,"key":"PowerPotion"},{"floor":47.0,"key":"Fire Potion"}],"is_trial":false,"path_per_floor":["M","?","M","?","M","E","R","E","T","E","M","R","M","?","R","B",null,"M","M","?","$","M","R","?","$","T","R","M","R","?","M","R","B",null,"M","?","$","M","M","R","M","E","T","M","M","R","M","$","R","B"],"character_chosen":"DEFECT","items_purchased":["White Noise","AttackPotion","Pear","Regen Potion","Master of Strategy","Panacea"],"campfire_rested":1,"item_purchase_floors":[21,21,21,25,25,37],"current_hp_per_floor":[64,43,43,43,41,22,22,16,16,3,3,3,4,4,25,3,54,54,47,35,45,32,32,32,32,32,32,34,34,34,44,44,25,67,38,38,38,47,43,43,44,29,29,23,20,20,31,31,31,3],"gold":163,"neow_bonus":"BOSS_RELIC","is_prod":false,"is_daily":false,"chose_seed":false,"campfire_upgraded":8,"win_rate":0,"timestamp":1566052260,"path_taken":["M","?","M","?","?","E","R","E","T","E","M","R","M","?","R","BOSS","M","M","?","$","M","R","?","$","T","R","M","R","?","M","R","BOSS","M","?","$","M","M","R","M","E","T","M","M","R","M","$","R","BOSS"],"build_version":"2019-07-17","purchased_purges":2,"victory":false,"max_hp_per_floor":[71,71,71,71,71,71,71,71,71,71,71,71,71,71,71,71,71,71,71,71,81,81,81,81,81,81,81,81,81,81,81,81,81,81,81,81,81,81,81,81,81,81,81,81,81,81,81,81,81,81],"card_choices":[{"not_picked":["Sweeping Beam","Rebound"],"picked":"Ball Lightning","floor":1.0},{"not_picked":["Beam Cell","Steam"],"picked":"Cold Snap","floor":3.0},{"not_picked":["Capacitor","Leap"],"picked":"Sunder","floor":5.0},{"not_picked":["Go for the Eyes","Genetic Algorithm"],"picked":"Meteor Strike","floor":6.0},{"not_picked":["Redo","Tempest"],"picked":"Compile Driver","floor":8.0},{"not_picked":["Gash","Ball Lightning"],"picked":"Cold Snap","floor":10.0},{"not_picked":["Steam","Stack"],"picked":"Leap","floor":11.0},{"not_picked":["Rip and Tear","Force Field"],"picked":"Turbo","floor":13.0},{"not_picked":["Go for the Eyes","Sunder"],"picked":"Coolheaded","floor":15.0},{"not_picked":["Amplify","Meteor Strike"],"picked":"Core Surge","floor":16.0},{"not_picked":["Leap","Steam Power"],"picked":"Fusion","floor":18.0},{"not_picked":["Streamline","Scrape","Conserve Battery"],"picked":"SKIP","floor":19.0},{"not_picked":["Aggregate","Gash"],"picked":"Consume","floor":20.0},{"not_picked":["Conserve Battery","Doom and Gloom+1"],"picked":"Beam Cell+1","floor":22.0},{"not_picked":["Conserve Battery","Gash"],"picked":"Skim","floor":28.0},{"not_picked":["Barrage","Leap"],"picked":"Lockon","floor":31.0},{"not_picked":["Creative AI","Reboot"],"picked":"Echo Form","floor":33.0},{"not_picked":["Go for the Eyes","Cold Snap","Hello World+1"],"picked":"SKIP","floor":35.0},{"not_picked":["Hello World","Steam Power"],"picked":"Compile Driver","floor":38.0},{"not_picked":["Rebound","Stack","Redo"],"picked":"SKIP","floor":39.0},{"not_picked":["Go for the Eyes","Compile Driver","Ball Lightning"],"picked":"SKIP","floor":41.0},{"not_picked":["Multi-Cast","Streamline"],"picked":"Undo","floor":42.0},{"not_picked":["Fusion+1","Sweeping Beam","Steam"],"picked":"SKIP","floor":44.0},{"not_picked":["Leap","Gash"],"picked":"Turbo+1","floor":45.0},{"not_picked":["Ball Lightning","Static Discharge","Storm"],"picked":"SKIP","floor":47.0}],"player_experience":2190752,"relics_obtained":[{"floor":6.0,"key":"Dream Catcher"},{"floor":8.0,"key":"Whetstone"},{"floor":9.0,"key":"Blood Vial"},{"floor":10.0,"key":"Old Coin"},{"floor":20.0,"key":"Red Mask"},{"floor":26.0,"key":"Bronze Scales"},{"floor":42.0,"key":"Art of War"}],"event_choices":[{"damage_healed":0.0,"max_hp_gain":0.0,"max_hp_loss":0.0,"gold_gain":0.0,"event_name":"Shining Light","player_choice":"Entered Light","floor":2.0,"gold_loss":0.0,"damage_taken":21.0,"cards_upgraded":["Strike_B","Strike_B"]},{"damage_healed":0.0,"max_hp_gain":0.0,"max_hp_loss":0.0,"gold_gain":50.0,"event_name":"Golden Shrine","player_choice":"Pray","floor":4.0,"gold_loss":0.0,"damage_taken":0.0},{"cards_removed":["Strike_B"],"damage_healed":0.0,"max_hp_gain":0.0,"max_hp_loss":0.0,"gold_gain":0.0,"event_name":"Bonfire Elementals","player_choice":"Offered Basic","floor":14.0,"gold_loss":0.0,"damage_taken":0.0},{"damage_healed":0.0,"max_hp_gain":0.0,"max_hp_loss":0.0,"gold_gain":0.0,"event_name":"Masked Bandits","player_choice":"Fought Bandits","floor":20.0,"gold_loss":0.0,"damage_taken":0.0},{"cards_removed":["Leap"],"damage_healed":0.0,"max_hp_gain":0.0,"max_hp_loss":0.0,"gold_gain":0.0,"event_name":"Back to Basics","player_choice":"Elegance","floor":24.0,"gold_loss":0.0,"damage_taken":0.0},{"damage_healed":0.0,"max_hp_gain":0.0,"max_hp_loss":0.0,"gold_gain":0.0,"event_name":"Vampires","player_choice":"Ignored","floor":30.0,"gold_loss":0.0,"damage_taken":0.0},{"damage_healed":0.0,"max_hp_gain":0.0,"max_hp_loss":0.0,"gold_gain":0.0,"cards_transformed":["Cold Snap"],"event_name":"Transmorgrifier","player_choice":"Transformed","floor":36.0,"gold_loss":0.0,"damage_taken":0.0,"cards_obtained":["Self Repair"]}],"is_beta":false,"boss_relics":[{"not_picked":["Sozu","Philosopher\u0027s Stone"],"picked":"Pandora\u0027s Box"},{"not_picked":["Coffee Dripper","White Beast Statue"],"picked":"Inserter"}],"items_purged_floors":[21,48],"is_endless":false,"potions_floor_spawned":[3,6,8,11,13,19,31,38,39,47],"killed_by":"Donu and Deca","ascension_level":20}