{"gold_per_floor":[115,126,126,201,201,230,230,263,263,263,263,283,283,283,283,387,387,405,423,440,5,16,48,48,60,60,394,224,224,259,34,34,139,139,153,153,1,21,36,36,71,71,71,84,119,119,139,168,168,168],"floor_reached":51,"playtime":2656,"items_purged":["Shame","Clumsy"],"score":1036,"play_id":"c99a6226-098c-442d-9855-7679d409b804","local_time":"20190813125312","is_ascension_mode":true,"campfire_choices":[{"data":"Corruption","floor":7,"key":"SMITH"},{"data":"Body Slam","floor":11,"key":"SMITH"},{"data":"Spot Weakness","floor":13,"key":"SMITH"},{"data":"Bash","floor":15,"key":"SMITH"},{"data":"Feel No Pain","floor":24,"key":"SMITH"},{"data":"Offering","floor":29,"key":"SMITH"},{"data":"Feel No Pain","floor":32,"key":"SMITH"},{"floor":42,"key":"REST"},{"floor":46,"key":"REST"},{"floor":49,"key":"REST"}],"neow_cost":"NONE","seed_source_timestamp":58249842567207,"circlet_count":0,"master_deck":["Strike_R","Strike_R","Strike_R","Strike_R+1","Defend_R","Defend_R","Defend_R+1","Defend_R","Bash+1","Spot Weakness+1","Body Slam+1","Corruption+1","Headbutt","Impervious","Feel No Pain+1","Thunderclap+1","Offering+1","Spot Weakness+1","Wild Strike+1","Spot Weakness+1","Swift Strike","Perfected Strike+1","Feel No Pain+1","Exhume","Brutality","Body Slam+1","Perfected Strike","Rage+1","Feel No Pain","Heavy Blade+1","Shrug It Off+1","Whirlwind+1","Spot Weakness","Battle Trance+1"],"relics":["Burning Blood","NeowsBlessing","Gambling Chip","PreservedInsect","Matryoshka","Cursed Key","Strange Spoon","Mummified Hand","Anchor","Calipers","Bronze Scales","Old Coin","Gremlin Horn","Fusion Hammer","Omamori","Blood Vial","Blue Candle","Oddly Smooth Stone","Unceasing Top","Bird Faced Urn"],"potions_floor_usage":[8,8,27,30,33,38,39,50,50],"damage_taken":[{"damage":0,"enemies":"2 Louse","floor":1,"turns":1},{"damage":0,"enemies":"Small Slimes","floor":2,"turns":1},{"damage":0,"enemies":"3 Sentries","floor":6,"turns":1},{"damage":25,"enemies":"Gremlin Nob","floor":8,"turns":5},{"damage":1,"enemies":"Cultist","floor":12,"turns":3},{"damage":35,"enemies":"Hexaghost","floor":16,"turns":8},{"damage":0,"enemies":"Chosen","floor":18,"turns":4},{"damage":15,"enemies":"3 Byrds","floor":19,"turns":5},{"damage":5,"enemies":"Centurion and Healer","floor":20,"turns":4},{"damage":0,"enemies":"Snecko","floor":22,"turns":4},{"damage":13,"enemies":"Book of Stabbing","floor":23,"turns":3},{"damage":6,"enemies":"Snake Plant","floor":25,"turns":3},{"damage":8,"enemies":"Slavers","floor":27,"turns":4},{"damage":6,"enemies":"Gremlin Leader","floor":30,"turns":3},{"damage":43,"enemies":"Collector","floor":33,"turns":6},{"damage":6,"enemies":"Orb Walker","floor":35,"turns":2},{"damage":40,"enemies":"3 Darklings","floor":38,"turns":5},{"damage":13,"enemies":"4 Shapes","floor":39,"turns":2},{"damage":9,"enemies":"Giant Head","floor":41,"turns":5},{"damage":5,"enemies":"Jaw Worm Horde","floor":44,"turns":3},{"damage":51,"enemies":"Nemesis","floor":45,"turns":5},{"damage":6,"enemies":"Sphere and 2 Shapes","floor":47,"turns":3},{"damage":6,"enemies":"Giant Head","floor":48,"turns":4},{"damage":29,"enemies":"Donu and Deca","floor":50,"turns":7}],"seed_played":"-7994378959136049610","potions_obtained":[{"floor":1,"key":"EssenceOfSteel"},{"floor":6,"key":"Weak Potion"},{"floor":8,"key":"GamblersBrew"},{"floor":12,"key":"FearPotion"},{"floor":18,"key":"GamblersBrew"},{"floor":19,"key":"BloodPotion"},{"floor":27,"key":"Weak Potion"},{"floor":33,"key":"EssenceOfSteel"},{"floor":35,"key":"Ancient Potion"},{"floor":44,"key":"Ancient Potion"},{"floor":47,"key":"Poison Potion"}],"is_trial":false,"path_per_floor":["M","M","?","?","?","E","R","E","T","?","R","M","R","?","R","B",null,"M","M","M","$","M","E","R","M","T","E","$","R","E","$","R","B",null,"M","T","$","M","M","?","E","R","T","M","E","R","M","E","R","B",null],"character_chosen":"IRONCLAD","items_purchased":["Strange Spoon","Mummified Hand","Swift Strike","Feel No Pain","Exhume","Perfected Strike"],"campfire_rested":3,"item_purchase_floors":[21,21,28,31,31,37],"current_hp_per_floor":[80,80,64,53,58,64,64,45,45,45,45,50,50,50,50,21,85,85,76,77,77,83,76,76,76,76,74,74,74,74,74,74,37,85,85,85,85,51,67,67,66,85,85,85,40,65,67,69,85,68],"gold":168,"neow_bonus":"THREE_ENEMY_KILL","is_prod":false,"is_daily":false,"chose_seed":false,"campfire_upgraded":7,"win_rate":0,"timestamp":1565715192,"path_taken":["M","M","?","?","?","E","R","E","T","?","R","M","R","?","R","BOSS","M","M","M","$","?","E","R","M","T","E","$","R","E","$","R","BOSS","M","?","$","M","M","?","E","R","T","M","E","R","M","E","R","BOSS"],"build_version":"2019-07-17","purchased_purges":2,"victory":true,"max_hp_per_floor":[80,80,80,80,85,85,85,85,85,85,85,85,85,85,85,85,85,85,85,85,85,85,85,85,85,85,85,85,85,85,85,85,85,85,85,85,85,85,85,85,85,85,85,85,85,85,85,85,85,85],"card_choices":[{"not_picked":["Clash","Combust"],"picked":"Spot Weakness","floor":1},{"not_picked":["Havoc","Evolve"],"picked":"Body Slam","floor":2},{"not_picked":["Fire Breathing","Warcry"],"picked":"Corruption","floor":6},{"not_picked":["Shrug It Off","Brutality"],"picked":"Flame Barrier","floor":8},{"not_picked":["Shrug It Off","Heavy Blade"],"picked":"Headbutt","floor":12},{"not_picked":["Reaper","Feed"],"picked":"Impervious","floor":16},{"not_picked":["Clothesline","Cleave"],"picked":"Feel No Pain","floor":18},{"not_picked":["Bloodletting","Clothesline","Perfected Strike"],"picked":"SKIP","floor":19},{"not_picked":["Perfected Strike","True Grit"],"picked":"Thunderclap+1","floor":20},{"not_picked":["Iron Wave+1","Sever Soul+1"],"picked":"Offering","floor":22},{"not_picked":["Carnage","Shrug It Off+1"],"picked":"Spot Weakness+1","floor":23},{"not_picked":["Barricade","Metallicize"],"picked":"Wild Strike+1","floor":25},{"not_picked":["Iron Wave","Perfected Strike"],"picked":"Spot Weakness+1","floor":27},{"not_picked":["Clothesline","Sentinel+1"],"picked":"Perfected Strike+1","floor":30},{"not_picked":["Exhume","Bludgeon"],"picked":"Brutality","floor":33},{"not_picked":["Twin Strike","Entrench"],"picked":"Body Slam+1","floor":35},{"not_picked":["Blood for Blood","Sever Soul"],"picked":"Rage+1","floor":38},{"not_picked":["Seeing Red+1","Second Wind+1"],"picked":"Feel No Pain","floor":39},{"not_picked":["Flex+1","Cleave+1"],"picked":"Heavy Blade+1","floor":41},{"not_picked":["Warcry","Wild Strike+1"],"picked":"Shrug It Off+1","floor":44},{"not_picked":["True Grit+1","Hemokinesis"],"picked":"Whirlwind+1","floor":45},{"not_picked":["Power Through","Anger"],"picked":"Spot Weakness","floor":47},{"not_picked":["Shrug It Off+1","Flex+1"],"picked":"Battle Trance+1","floor":48}],"player_experience":180427,"relics_obtained":[{"floor":6,"key":"Gambling Chip"},{"floor":8,"key":"PreservedInsect"},{"floor":9,"key":"Matryoshka"},{"floor":23,"key":"Anchor"},{"floor":26,"key":"Calipers"},{"floor":26,"key":"Bronze Scales"},{"floor":27,"key":"Old Coin"},{"floor":30,"key":"Gremlin Horn"},{"floor":36,"key":"Omamori"},{"floor":36,"key":"Blood Vial"},{"floor":41,"key":"Blue Candle"},{"floor":43,"key":"Oddly Smooth Stone"},{"floor":45,"key":"Unceasing Top"},{"floor":48,"key":"Bird Faced Urn"}],"event_choices":[{"damage_healed":0,"gold_gain":0,"player_choice":"Entered Light","damage_taken":16,"max_hp_gain":0,"max_hp_loss":0,"event_name":"Shining Light","floor":3,"gold_loss":0,"cards_upgraded":["Strike_R","Defend_R"]},{"damage_healed":0,"gold_gain":75,"player_choice":"Gather Gold","damage_taken":11,"max_hp_gain":0,"max_hp_loss":0,"event_name":"World of Goop","floor":4,"gold_loss":0},{"damage_healed":0,"gold_gain":0,"player_choice":"Donut","damage_taken":0,"max_hp_gain":5,"max_hp_loss":0,"event_name":"Big Fish","floor":5,"gold_loss":0},{"damage_healed":0,"gold_gain":0,"player_choice":"Searched \u00270\u0027 times","damage_taken":0,"max_hp_gain":0,"max_hp_loss":0,"event_name":"Dead Adventurer","floor":10,"gold_loss":0},{"cards_removed":["Strike_R"],"damage_healed":0,"gold_gain":0,"player_choice":"Offered Basic","damage_taken":0,"max_hp_gain":0,"max_hp_loss":0,"event_name":"Bonfire Elementals","floor":14,"gold_loss":0},{"cards_removed":["Flame Barrier"],"damage_healed":0,"gold_gain":0,"player_choice":"Removed Skill","damage_taken":0,"max_hp_gain":0,"max_hp_loss":0,"event_name":"Falling","floor":40,"gold_loss":0}],"is_beta":false,"boss_relics":[{"not_picked":["Tiny House","Black Blood"],"picked":"Cursed Key"},{"not_picked":["Pandora\u0027s Box","Runic Pyramid"],"picked":"Fusion Hammer"}],"items_purged_floors":[28,37],"is_endless":false,"potions_floor_spawned":[1,6,8,12,18,19,27,33,35,44,47],"ascension_level":2}