{"gold_per_floor":[119,139,158,13,13,45,57,112,138,138,157,175,175,201,201,305,305,287,307,326,344,361,395,395,395,395,395,303,303,333,124,124,124],"floor_reached":33,"playtime":5039,"items_purged":[],"score":279,"play_id":"c1cf2360-f774-42a9-b734-c7358679f15f","local_time":"20190627231511","is_ascension_mode":false,"campfire_choices":[{"floor":10,"key":"REST"},{"floor":13,"key":"REST"},{"data":"Twin Strike","floor":15,"key":"SMITH"},{"floor":25,"key":"REST"},{"floor":27,"key":"REST"},{"floor":32,"key":"REST"}],"neow_cost":"NONE","seed_source_timestamp":828870145183958,"circlet_count":0,"master_deck":["Strike_R","Strike_R","Strike_R+1","Strike_R","Strike_R","Defend_R","Defend_R","Defend_R","Defend_R","Bash","Flex","Flame Barrier","Anger","Iron Wave","Blood for Blood","Perfected Strike","Cleave","Twin Strike+1","Anger","Bludgeon","Clash","Hemokinesis+1","Sever Soul","Shrug It Off+1","Rampage","Carnage","Clash","Swift Strike","Clothesline+1","Seeing Red"],"relics":["Burning Blood","PreservedInsect","Anchor","Oddly Smooth Stone","Ancient Tea Set","Orichalcum","Runic Cube","Boot","Bottled Lightning","MawBank","Lantern"],"potions_floor_usage":[16,16,20,21,23,23,33],"damage_taken":[{"damage":1,"enemies":"Cultist","floor":1,"turns":4},{"damage":6,"enemies":"Jaw Worm","floor":2,"turns":3},{"damage":0,"enemies":"Small Slimes","floor":3,"turns":4},{"damage":24,"enemies":"Lagavulin","floor":6,"turns":6},{"damage":18,"enemies":"Exordium Thugs","floor":7,"turns":5},{"damage":18,"enemies":"Lagavulin Event","floor":8,"turns":6},{"damage":0,"enemies":"Exordium Wildlife","floor":11,"turns":3},{"damage":14,"enemies":"Gremlin Gang","floor":12,"turns":4},{"damage":8,"enemies":"3 Sentries","floor":14,"turns":5},{"damage":44,"enemies":"Hexaghost","floor":16,"turns":8},{"damage":21,"enemies":"2 Thieves","floor":18,"turns":4},{"damage":11,"enemies":"3 Byrds","floor":19,"turns":5},{"damage":9,"enemies":"Snecko","floor":20,"turns":3},{"damage":37,"enemies":"Chosen and Byrds","floor":21,"turns":7},{"damage":8,"enemies":"Cultist and Chosen","floor":22,"turns":5},{"damage":13,"enemies":"Book of Stabbing","floor":23,"turns":4},{"damage":14,"enemies":"Snake Plant","floor":30,"turns":4},{"damage":97,"enemies":"Champ","floor":33,"turns":11}],"seed_played":"-4023542479585189834","potions_obtained":[{"floor":1,"key":"SkillPotion"},{"floor":6,"key":"FearPotion"},{"floor":8,"key":"LiquidBronze"},{"floor":12,"key":"BloodPotion"},{"floor":19,"key":"FearPotion"},{"floor":20,"key":"SpeedPotion"},{"floor":22,"key":"EssenceOfSteel"},{"floor":30,"key":"Poison Potion"}],"is_trial":false,"path_per_floor":["M","M","M","$","?","E","M","?","T","R","M","M","R","E","R","B",null,"M","M","M","M","M","E","?","R","T","R","$","T","M","$","R","B"],"character_chosen":"IRONCLAD","items_purchased":["PreservedInsect","Swift Strike","Seeing Red","Lantern"],"campfire_rested":5,"item_purchase_floors":[4,28,31,31],"current_hp_per_floor":[80,80,80,80,85,67,55,43,43,68,74,66,85,83,83,45,85,70,65,62,39,37,30,30,55,55,80,80,80,72,72,85,0],"gold":124,"neow_bonus":"UPGRADE_CARD","is_prod":false,"is_daily":false,"chose_seed":false,"campfire_upgraded":1,"win_rate":0.0,"timestamp":1561695311,"path_taken":["M","M","M","$","?","E","M","?","T","R","M","M","R","E","R","BOSS","M","M","M","M","M","E","?","R","T","R","?","?","?","?","R","BOSS"],"build_version":"2019-01-23","purchased_purges":0,"victory":false,"max_hp_per_floor":[80,80,80,80,85,85,85,85,85,85,85,85,85,85,85,85,85,85,85,85,85,85,85,85,85,85,85,85,85,85,85,85,85],"card_choices":[{"not_picked":["Burning Pact","True Grit"],"picked":"Flex","floor":1},{"not_picked":["Shockwave","Rage"],"picked":"Flame Barrier","floor":2},{"not_picked":["Warcry","Inflame"],"picked":"Anger","floor":3},{"not_picked":["Flame Barrier","Battle Trance"],"picked":"Iron Wave","floor":6},{"not_picked":["True Grit","Flex"],"picked":"Blood for Blood","floor":7},{"not_picked":["Second Wind","Body Slam"],"picked":"Perfected Strike","floor":8},{"not_picked":["Uppercut","Barricade"],"picked":"Cleave","floor":11},{"not_picked":["Clothesline","Shrug It Off"],"picked":"Twin Strike","floor":12},{"not_picked":["Warcry","Uppercut"],"picked":"Anger","floor":14},{"not_picked":["Reaper","Impervious"],"picked":"Bludgeon","floor":16},{"not_picked":["Inflame","Second Wind+1"],"picked":"Clash","floor":18},{"not_picked":["Metallicize+1","Body Slam"],"picked":"Hemokinesis+1","floor":19},{"not_picked":["Body Slam","Perfected Strike+1"],"picked":"Sever Soul","floor":20},{"not_picked":["Headbutt","Clash"],"picked":"Shrug It Off+1","floor":21},{"not_picked":["Warcry","Intimidate"],"picked":"Rampage","floor":22},{"not_picked":["Rupture","Rampage+1"],"picked":"Carnage","floor":23},{"not_picked":["Sword Boomerang","Thunderclap"],"picked":"Clothesline+1","floor":30}],"player_experience":2026,"relics_obtained":[{"floor":6,"key":"Anchor"},{"floor":8,"key":"Oddly Smooth Stone"},{"floor":9,"key":"Ancient Tea Set"},{"floor":14,"key":"Orichalcum"},{"floor":23,"key":"Boot"},{"floor":26,"key":"Bottled Lightning"},{"floor":29,"key":"MawBank"}],"event_choices":[{"damage_healed":0,"gold_gain":0,"player_choice":"Donut","damage_taken":0,"max_hp_gain":5,"max_hp_loss":0,"event_name":"Big Fish","floor":5,"gold_loss":0},{"damage_healed":0,"gold_gain":0,"player_choice":"Searched \u00271\u0027 times","damage_taken":0,"max_hp_gain":0,"max_hp_loss":0,"event_name":"Dead Adventurer","floor":8,"gold_loss":0},{"damage_healed":0,"gold_gain":0,"player_choice":"Copied","damage_taken":0,"max_hp_gain":0,"max_hp_loss":0,"event_name":"Duplicator","floor":24,"gold_loss":0,"cards_obtained":["Clash"]}],"is_beta":false,"boss_relics":[{"not_picked":["Tiny House","Coffee Dripper"],"picked":"Runic Cube"}],"items_purged_floors":[],"is_endless":false,"potions_floor_spawned":[1,6,8,11,12,19,20,22,30],"killed_by":"Champ","ascension_level":0}