{"gold_per_floor":[118,134,209,134,145,174,74,74,74,93,118,118,130,141,141,241,241,253,267,284,27,41,41,54,54,108,108,123,123,137,154,154,252,302,318,332,351,351,163,163,163,163],"floor_reached":42,"playtime":2955,"items_purged":["Strike_G","Strike_G","Strike_G","Defend_G"],"score":439,"play_id":"eb5eab09-9821-455c-8e1c-2cd121b81c26","local_time":"20190804205848","is_ascension_mode":false,"campfire_choices":[{"floor":8,"key":"REST"},{"data":"Deadly Poison","floor":12,"key":"SMITH"},{"floor":15,"key":"REST"},{"floor":23,"key":"REST"},{"floor":27,"key":"RECALL"},{"floor":29,"key":"REST"},{"data":"Deadly Poison","floor":32,"key":"SMITH"},{"floor":40,"key":"REST"}],"neow_cost":"NONE","seed_source_timestamp":34524132800916,"circlet_count":0,"master_deck":["Defend_G","Defend_G","Defend_G","Defend_G","Survivor","Neutralize+1","Deadly Poison+1","Backflip","Noxious Fumes+1","Adrenaline","Flechettes","Deadly Poison","Catalyst","Prepared+1","Noxious Fumes+1","Flechettes","Tactician","Caltrops+1","Deadly Poison+1","Prepared+1","Caltrops+1","Corpse Explosion","Madness","Madness"],"relics":["Ring of the Snake","NeowsBlessing","Frozen Egg 2","StoneCalendar","Centennial Puzzle","Eternal Feather","Membership Card","Tiny House"],"potions_floor_usage":[],"damage_taken":[{"damage":0,"enemies":"2 Louse","floor":1,"turns":1},{"damage":0,"enemies":"Cultist","floor":2,"turns":1},{"damage":0,"enemies":"Small Slimes","floor":5,"turns":1},{"damage":37,"enemies":"Lagavulin","floor":6,"turns":12},{"damage":5,"enemies":"2 Fungi Beasts","floor":10,"turns":4},{"damage":2,"enemies":"3 Sentries","floor":11,"turns":7},{"damage":4,"enemies":"3 Louse","floor":13,"turns":4},{"damage":0,"enemies":"Large Slime","floor":14,"turns":5},{"damage":4,"enemies":"The Guardian","floor":16,"turns":8},{"damage":10,"enemies":"Chosen","floor":18,"turns":3},{"damage":8,"enemies":"Spheric Guardian","floor":19,"turns":4},{"damage":14,"enemies":"Centurion and Healer","floor":20,"turns":6},{"damage":6,"enemies":"Snecko","floor":22,"turns":4},{"damage":30,"enemies":"3 Cultists","floor":24,"turns":5},{"damage":18,"enemies":"Snake Plant","floor":28,"turns":4},{"damage":2,"enemies":"Cultist and Chosen","floor":30,"turns":4},{"damage":3,"enemies":"Sentry and Sphere","floor":31,"turns":4},{"damage":29,"enemies":"Champ","floor":33,"turns":7},{"damage":7,"enemies":"3 Shapes","floor":35,"turns":5},{"damage":27,"enemies":"3 Darklings","floor":36,"turns":4},{"damage":6,"enemies":"Maw","floor":37,"turns":6},{"damage":68,"enemies":"Nemesis","floor":42,"turns":5}],"seed_played":"671303812389172012","potions_obtained":[{"floor":2,"key":"Regen Potion"},{"floor":5,"key":"Dexterity Potion"},{"floor":16,"key":"GamblersBrew"},{"floor":31,"key":"Ancient Potion"}],"is_trial":false,"path_per_floor":["M","M","?","$","M","E","$","R","T","M","E","R","M","M","R","B",null,"M","M","M","$","M","R","M","?","T","R","M","R","M","M","R","B",null,"M","M","M","?","$","R","?","E"],"character_chosen":"THE_SILENT","items_purchased":["Membership Card","Caltrops+1","Corpse Explosion"],"campfire_rested":5,"item_purchase_floors":[21,39,39],"current_hp_per_floor":[70,70,63,63,63,26,26,47,47,42,40,40,36,36,57,53,70,60,52,38,38,32,62,32,32,32,41,23,53,51,48,60,31,75,68,41,35,35,35,69,60,0],"gold":163,"neow_bonus":"THREE_ENEMY_KILL","is_prod":false,"is_daily":false,"chose_seed":false,"campfire_upgraded":2,"win_rate":0,"timestamp":1564977528,"path_taken":["M","M","?","$","M","E","$","R","T","M","E","R","M","M","R","BOSS","M","M","M","$","?","R","M","?","T","R","M","R","M","M","R","BOSS","M","M","M","?","$","R","?","E"],"build_version":"2019-07-17","purchased_purges":4,"victory":false,"max_hp_per_floor":[70,70,70,70,70,70,70,70,70,70,70,70,70,70,70,70,70,70,70,70,70,70,70,70,70,70,70,70,70,70,70,70,70,75,75,75,75,75,75,75,75,75],"card_choices":[{"not_picked":["Backflip","Deflect"],"picked":"Deadly Poison","floor":1},{"not_picked":["Underhanded Strike","Cloak And Dagger"],"picked":"Backflip","floor":2},{"not_picked":["Endless Agony","Cloak And Dagger","Deflect"],"picked":"SKIP","floor":5},{"not_picked":["Poisoned Stab","Caltrops"],"picked":"Noxious Fumes","floor":6},{"not_picked":["Bane","Cloak And Dagger","Eviscerate"],"picked":"SKIP","floor":10},{"not_picked":["Deflect","Sucker Punch"],"picked":"Adrenaline","floor":11},{"not_picked":["Bouncing Flask","Cloak And Dagger","Tactician"],"picked":"SKIP","floor":13},{"not_picked":["Backstab","Outmaneuver"],"picked":"Flechettes","floor":14},{"not_picked":["Deflect","Reflex"],"picked":"Deadly Poison","floor":18},{"not_picked":["Outmaneuver+1","Cloak And Dagger"],"picked":"Catalyst","floor":19},{"not_picked":["Dodge and Roll","Riddle With Holes"],"picked":"Prepared+1","floor":20},{"not_picked":["Slice","Deadly Poison"],"picked":"Noxious Fumes+1","floor":22},{"not_picked":["Envenom+1","Acrobatics","Backflip"],"picked":"SKIP","floor":24},{"not_picked":["Bouncing Flask+1","PiercingWail+1"],"picked":"Caltrops+1","floor":28},{"not_picked":["Accuracy+1","Well Laid Plans+1","Sucker Punch"],"picked":"SKIP","floor":30},{"not_picked":["Dagger Throw","Quick Slash"],"picked":"Deadly Poison","floor":31},{"not_picked":["Sucker Punch","Bane"],"picked":"Prepared+1","floor":34},{"not_picked":["Underhanded Strike","Outmaneuver+1","Terror"],"picked":"SKIP","floor":35},{"not_picked":["Flying Knee+1","Well Laid Plans+1","Outmaneuver+1"],"picked":"SKIP","floor":36},{"not_picked":["Expertise+1","Bane+1","Distraction+1"],"picked":"SKIP","floor":37}],"player_experience":279365,"relics_obtained":[{"floor":6,"key":"Frozen Egg 2"},{"floor":9,"key":"StoneCalendar"},{"floor":11,"key":"Centennial Puzzle"}],"event_choices":[{"damage_healed":0,"gold_gain":75,"player_choice":"Touch","damage_taken":7,"max_hp_gain":0,"max_hp_loss":0,"event_name":"FaceTrader","floor":3,"gold_loss":0},{"damage_healed":0,"gold_gain":0,"cards_transformed":["Strike_G","Strike_G"],"player_choice":"Became Test Subject","damage_taken":0,"max_hp_gain":0,"max_hp_loss":0,"event_name":"Drug Dealer","floor":25,"gold_loss":0,"cards_obtained":["Flechettes","Tactician"]},{"damage_healed":0,"gold_gain":0,"player_choice":"Memory 1","damage_taken":0,"max_hp_gain":0,"max_hp_loss":0,"event_name":"SensoryStone","floor":38,"gold_loss":0},{"damage_healed":0,"gold_gain":0,"player_choice":"Embrace Madness","damage_taken":9,"max_hp_gain":0,"max_hp_loss":0,"event_name":"Winding Halls","floor":41,"gold_loss":0,"cards_obtained":["Madness","Madness"]}],"is_beta":false,"boss_relics":[{"not_picked":["Philosopher\u0027s Stone","Velvet Choker"],"picked":"Eternal Feather"},{"not_picked":["Runic Pyramid","Astrolabe"],"picked":"Tiny House"}],"items_purged_floors":[4,7,21,39],"is_endless":false,"potions_floor_spawned":[2,5,16,18,24,31,33,37],"killed_by":"Nemesis","ascension_level":0}