{"gold_per_floor":[119,129,3,3,22,22,22,34,34,34,53,63,95,108,108,179,179,189,189,189,205,205,205,215,215,215,231,244,256,272,285,285,359,359,377,240,240,252,127,127,127,140,140,140,140,167,167,181,181,181,181,181,181,23,58,58],"floor_reached":56,"playtime":3031,"items_purged":["Decay","Strike_B","Strike_B"],"score":1716,"play_id":"93821079-a300-4a75-aebd-991ce6c2d48f","local_time":"20190819123051","is_ascension_mode":true,"campfire_choices":[{"data":"Zap","floor":6.0,"key":"SMITH"},{"data":"Dualcast","floor":10.0,"key":"SMITH"},{"data":"Coolheaded","floor":15.0,"key":"SMITH"},{"data":"Loop","floor":23.0,"key":"SMITH"},{"data":"Turbo","floor":25.0,"key":"SMITH"},{"data":"Seek","floor":32.0,"key":"SMITH"},{"data":"Recycle","floor":40.0,"key":"SMITH"},{"data":"Coolheaded","floor":44.0,"key":"SMITH"},{"data":"Heatsinks","floor":47.0,"key":"SMITH"},{"floor":49.0,"key":"RECALL"},{"data":"Conserve Battery","floor":53.0,"key":"SMITH"}],"neow_cost":"NONE","seed_source_timestamp":1878109935425758,"circlet_count":0,"master_deck":["AscendersBane","Strike_B","Defend_B","Defend_B","Defend_B","Defend_B","Zap+1","Dualcast+1","Self Repair","Coolheaded+1","Lockon","Turbo+1","Conserve Battery+1","Compile Driver+1","Loop+1","Blizzard+1","Seek+1","Redo+1","Chill","Compile Driver+1","Ball Lightning+1","Go for the Eyes+1","Undo+1","Meteor Strike+1","Recycle+1","Glacier+1","Core Surge+1","Heatsinks+1","Coolheaded+1","All For One+1","Purity"],"special_seed":0,"relics":["Calling Bell","Bag of Preparation","Singing Bowl","Pocketwatch","Molten Egg 2","FossilizedHelix","Nuclear Battery","Boot","Ornamental Fan","Orrery","Bird Faced Urn","Blue Candle"],"potions_floor_usage":[],"damage_taken":[{"damage":5.0,"enemies":"2 Louse","floor":1.0,"turns":4.0},{"damage":9.0,"enemies":"Cultist","floor":2.0,"turns":4.0},{"damage":10.0,"enemies":"Small Slimes","floor":5.0,"turns":7.0},{"damage":10.0,"enemies":"Looter","floor":8.0,"turns":3.0},{"damage":12.0,"enemies":"Gremlin Gang","floor":11.0,"turns":6.0},{"damage":8.0,"enemies":"Exordium Thugs","floor":12.0,"turns":5.0},{"damage":11.0,"enemies":"Gremlin Nob","floor":13.0,"turns":3.0},{"damage":0.0,"enemies":"Looter","floor":14.0,"turns":4.0},{"damage":8.0,"enemies":"The Guardian","floor":16.0,"turns":12.0},{"damage":7.0,"enemies":"Spheric Guardian","floor":18.0,"turns":6.0},{"damage":13.0,"enemies":"Shell Parasite","floor":21.0,"turns":5.0},{"damage":19.0,"enemies":"3 Cultists","floor":24.0,"turns":5.0},{"damage":15.0,"enemies":"Cultist and Chosen","floor":27.0,"turns":6.0},{"damage":8.0,"enemies":"Snake Plant","floor":28.0,"turns":5.0},{"damage":0.0,"enemies":"Snecko","floor":29.0,"turns":4.0},{"damage":0.0,"enemies":"Cultist and Chosen","floor":30.0,"turns":4.0},{"damage":0.0,"enemies":"Centurion and Healer","floor":31.0,"turns":5.0},{"damage":31.0,"enemies":"Collector","floor":33.0,"turns":11.0},{"damage":0.0,"enemies":"Orb Walker","floor":35.0,"turns":3.0},{"damage":0.0,"enemies":"3 Shapes","floor":38.0,"turns":5.0},{"damage":11.0,"enemies":"Writhing Mass","floor":42.0,"turns":8.0},{"damage":16.0,"enemies":"Reptomancer","floor":46.0,"turns":11.0},{"damage":0.0,"enemies":"Maw","floor":48.0,"turns":8.0},{"damage":33.0,"enemies":"Donu and Deca","floor":50.0,"turns":12.0},{"damage":39.0,"enemies":"Awakened One","floor":51.0,"turns":12.0},{"damage":62,"enemies":"Shield and Spear","floor":55,"turns":8},{"damage":29,"enemies":"The Heart","floor":56,"turns":2}],"seed_played":"478184606325433861","potions_obtained":[{"floor":5.0,"key":"GamblersBrew"},{"floor":12.0,"key":"SkillPotion"},{"floor":13.0,"key":"SpeedPotion"},{"floor":16.0,"key":"SkillPotion"},{"floor":18.0,"key":"FearPotion"},{"floor":24.0,"key":"Fire Potion"},{"floor":27.0,"key":"SpeedPotion"},{"floor":29.0,"key":"Swift Potion"},{"floor":30.0,"key":"Strength Potion"},{"floor":42.0,"key":"Poison Potion"},{"floor":46.0,"key":"PowerPotion"}],"is_trial":false,"path_per_floor":["M","M","$","?","M","R","$","M","T","R","M","M","E","M","R","B",null,"M","?","?","M","?","R","M","R","T","M","M","M","M","M","R","B",null,"M","$","?","M","$","R","?","M","T","R","$","E","R","M","R","B","B",null,"R","$","E","B"],"character_chosen":"DEFECT","items_purchased":["Coolheaded","Heatsinks","SpeedPotion","Purity"],"campfire_rested":0,"item_purchase_floors":[3,36,54,54],"current_hp_per_floor":[59,59,59,59,56,56,56,53,53,53,48,47,36,43,43,42,65,65,65,65,59,59,59,47,47,47,41,40,49,56,63,63,39,72,74,74,74,81,81,81,81,77,77,77,77,70,70,83,83,57,31,70,70,70,23,0],"gold":58,"neow_bonus":"BOSS_RELIC","is_prod":false,"is_daily":false,"chose_seed":false,"campfire_upgraded":10,"win_rate":0,"timestamp":1566189051,"path_taken":["M","M","$","?","?","R","?","M","T","R","M","M","E","M","R","BOSS","M","?","?","M","?","R","M","R","T","M","M","?","M","M","R","BOSS","M","$","?","M","$","R","?","M","T","R","$","E","R","?","R","BOSS","BOSS","R","$","E","BOSS"],"build_version":"2019-07-17","purchased_purges":3,"victory":false,"max_hp_per_floor":[71,73,73,73,73,73,73,73,73,73,73,73,73,73,73,73,73,73,73,73,73,73,73,73,73,73,75,75,77,77,77,77,77,81,83,83,79,81,81,81,81,81,81,81,81,83,83,83,83,83,83,83,83,83,85,85],"card_choices":[{"not_picked":["Chill","Cold Snap"],"picked":"Self Repair","floor":1.0},{"not_picked":["Go for the Eyes","Amplify","Streamline"],"picked":"Singing Bowl","floor":2.0},{"not_picked":["Go for the Eyes","Aggregate"],"picked":"Lockon","floor":5.0},{"not_picked":["Hologram","Ball Lightning"],"picked":"Turbo","floor":8.0},{"not_picked":["Storm","Reinforced Body"],"picked":"Conserve Battery","floor":11.0},{"not_picked":["Double Energy","Beam Cell+1"],"picked":"Compile Driver+1","floor":12.0},{"not_picked":["Tempest","Capacitor"],"picked":"Loop","floor":13.0},{"not_picked":["Reboot","Stack"],"picked":"Blizzard+1","floor":14.0},{"not_picked":["Machine Learning","Creative AI"],"picked":"Seek","floor":16.0},{"not_picked":["Streamline+1","Conserve Battery"],"picked":"Redo+1","floor":18.0},{"not_picked":["Lockon+1","Multi-Cast"],"picked":"Chill","floor":21.0},{"not_picked":["Genetic Algorithm+1","Leap"],"picked":"Compile Driver+1","floor":24.0},{"not_picked":["Sweeping Beam+1","Rebound+1","Self Repair"],"picked":"Singing Bowl","floor":27.0},{"not_picked":["Conserve Battery","Stack"],"picked":"Ball Lightning+1","floor":28.0},{"not_picked":["Streamline+1","Compile Driver+1","Sweeping Beam+1"],"picked":"Singing Bowl","floor":29.0},{"not_picked":["Static Discharge","Sweeping Beam+1"],"picked":"Go for the Eyes+1","floor":30.0},{"not_picked":["Streamline+1","Hello World"],"picked":"Undo+1","floor":31.0},{"not_picked":["Creative AI","Thunder Strike+1"],"picked":"Meteor Strike+1","floor":33.0},{"not_picked":["Reprogram","Redo"],"picked":"Recycle","floor":34.0},{"not_picked":["White Noise","Cold Snap+1"],"picked":"Glacier+1","floor":34.0},{"not_picked":["Chill","Coolheaded"],"picked":"Core Surge+1","floor":34.0},{"not_picked":["Hello World","Leap+1","Sweeping Beam+1"],"picked":"Singing Bowl","floor":34.0},{"not_picked":["Go for the Eyes+1","Cold Snap+1","Conserve Battery"],"picked":"Singing Bowl","floor":34.0},{"not_picked":["Steam Power","Streamline+1","Redo"],"picked":"Singing Bowl","floor":35.0},{"not_picked":["Sweeping Beam+1","Leap","Steam+1"],"picked":"Singing Bowl","floor":38.0},{"not_picked":["Force Field+1","Gash+1"],"picked":"Coolheaded","floor":42.0},{"not_picked":["Chill+1","Genetic Algorithm","Leap"],"picked":"Singing Bowl","floor":46.0},{"not_picked":["Hologram","Sweeping Beam+1"],"picked":"All For One+1","floor":48.0},{"not_picked":["Compile Driver+1","Ball Lightning+1","Self Repair"],"picked":"Singing Bowl","floor":55}],"player_experience":2201706,"relics_obtained":[{"floor":0.0,"key":"Bag of Preparation"},{"floor":0.0,"key":"Singing Bowl"},{"floor":0.0,"key":"Pocketwatch"},{"floor":9.0,"key":"Molten Egg 2"},{"floor":13.0,"key":"FossilizedHelix"},{"floor":26.0,"key":"Ornamental Fan"},{"floor":46.0,"key":"Bird Faced Urn"},{"floor":55,"key":"Blue Candle"}],"event_choices":[{"cards_removed":["Clumsy","Clumsy"],"damage_healed":0.0,"max_hp_gain":0.0,"max_hp_loss":0.0,"gold_gain":0.0,"event_name":"Fountain of Cleansing","player_choice":"Removed Curses","floor":4.0,"gold_loss":0.0,"damage_taken":0.0},{"damage_healed":0.0,"max_hp_gain":0.0,"max_hp_loss":0.0,"gold_gain":0.0,"event_name":"Ghosts","player_choice":"Ignored","floor":19.0,"gold_loss":0.0,"damage_taken":0.0},{"damage_healed":0.0,"max_hp_gain":0.0,"max_hp_loss":0.0,"gold_gain":0.0,"event_name":"The Mausoleum","player_choice":"Ignored","floor":20.0,"gold_loss":0.0,"damage_taken":0.0},{"damage_healed":0.0,"max_hp_gain":0.0,"max_hp_loss":0.0,"gold_gain":0.0,"event_name":"WeMeetAgain","player_choice":"Gave Potion","floor":22.0,"gold_loss":0.0,"damage_taken":0.0,"relics_obtained":["Boot"]},{"damage_healed":0.0,"max_hp_gain":0.0,"max_hp_loss":4.0,"gold_gain":0.0,"event_name":"Winding Halls","player_choice":"Max HP","floor":37.0,"gold_loss":0.0,"damage_taken":0.0},{"cards_removed":["Strike_B"],"damage_healed":0.0,"max_hp_gain":0.0,"max_hp_loss":0.0,"gold_gain":0.0,"event_name":"Bonfire Elementals","player_choice":"Offered Basic","floor":41.0,"gold_loss":0.0,"damage_taken":0.0}],"is_beta":false,"boss_relics":[{"not_picked":["Tiny House","Busted Crown"],"picked":"Nuclear Battery"},{"not_picked":["Empty Cage","Cursed Key"],"picked":"Orrery"}],"items_purged_floors":[3,36,39],"is_endless":false,"potions_floor_spawned":[5,12,13,16,18,24,27,29,30,42,46],"killed_by":"The Heart","ascension_level":20}