{"gold_per_floor":[218,238,238,253,328,328,328,346,346,346,379,379,423,436,436,556,556,574,270,288,288,301,314,314,353,404,404,434,279,319,335,335,465,528,552,885,896,896,1895,1895,1907,1926,1926,1499,1499],"floor_reached":45,"playtime":4639,"items_purged":["Injury","Normality"],"score":559,"play_id":"6abe8a50-9b63-4faf-a3f5-5f9151913ba1","local_time":"20190713025729","is_ascension_mode":true,"campfire_choices":[{"floor":6,"key":"REST"},{"floor":10,"key":"REST"},{"floor":12,"key":"REST"},{"floor":15,"key":"REST"},{"floor":24,"key":"REST"},{"floor":27,"key":"REST"},{"floor":32,"key":"REST"},{"floor":40,"key":"REST"}],"neow_cost":"NONE","seed_source_timestamp":92907666954879,"circlet_count":0,"master_deck":["Strike_B","Strike_B","Strike_B","Strike_B","Defend_B","Defend_B","Defend_B","Defend_B","Zap+1","Dualcast","Reprogram","Capacitor","Chill","Ball Lightning","Compile Driver+1","FTL+1","Sweeping Beam+1","Amplify","Sunder+1","Doom and Gloom+1","Sweeping Beam+1","Redo","FTL+1","Rebound+1","Rip and Tear+1","Ball Lightning+1","Electrodynamics+1","Storm+1","Sweeping Beam+1","Ball Lightning+1","Normality","Gash+1","Apotheosis"],"relics":["Cracked Core","Bag of Preparation","Molten Egg 2","Happy Flower","Fusion Hammer","Membership Card","Regal Pillow","StoneCalendar","Tiny Chest","Bottled Flame","Shuriken","Tiny House","Mummified Hand","The Courier","Dodecahedron","Peace Pipe","ClockworkSouvenir"],"potions_floor_usage":[13,13,22,33,33,33,41],"damage_taken":[{"damage":11,"enemies":"2 Louse","floor":1,"turns":3},{"damage":7,"enemies":"Small Slimes","floor":2,"turns":4},{"damage":6,"enemies":"Cultist","floor":4,"turns":4},{"damage":6,"enemies":"Large Slime","floor":8,"turns":7},{"damage":42,"enemies":"Lagavulin","floor":11,"turns":7},{"damage":10,"enemies":"3 Sentries","floor":13,"turns":6},{"damage":4,"enemies":"Looter","floor":14,"turns":2},{"damage":38,"enemies":"The Guardian","floor":16,"turns":7},{"damage":2,"enemies":"Chosen","floor":18,"turns":3},{"damage":1,"enemies":"Spheric Guardian","floor":20,"turns":3},{"damage":19,"enemies":"Chosen and Byrds","floor":22,"turns":5},{"damage":14,"enemies":"Centurion and Healer","floor":23,"turns":5},{"damage":14,"enemies":"Slavers","floor":25,"turns":3},{"damage":23,"enemies":"Gremlin Leader","floor":30,"turns":4},{"damage":31,"enemies":"Snake Plant","floor":31,"turns":3},{"damage":56,"enemies":"Automaton","floor":33,"turns":7},{"damage":22,"enemies":"Orb Walker","floor":35,"turns":3},{"damage":27,"enemies":"3 Shapes","floor":37,"turns":2},{"damage":10,"enemies":"Jaw Worm Horde","floor":41,"turns":3},{"damage":17,"enemies":"Sphere and 2 Shapes","floor":42,"turns":3}],"seed_played":"-5139452127055815419","potions_obtained":[{"floor":4,"key":"Explosive Potion"},{"floor":11,"key":"GamblersBrew"},{"floor":16,"key":"Ancient Potion"},{"floor":18,"key":"Block Potion"},{"floor":23,"key":"Dexterity Potion"},{"floor":31,"key":"FocusPotion"},{"floor":34,"key":"Explosive Potion"},{"floor":35,"key":"SkillPotion"},{"floor":37,"key":"Ancient Potion"}],"is_trial":false,"path_per_floor":["M","M","?","M","?","R","?","M","T","R","E","R","E","M","R","B",null,"M","$","M","?","M","M","R","E","T","R","?","$","E","M","R","B",null,"M","?","M","T","?","R","M","M","T","$","M"],"character_chosen":"DEFECT","items_purchased":["Membership Card","Regal Pillow","Bottled Flame","Rebound+1","Dodecahedron","Peace Pipe","ClockworkSouvenir","Apotheosis"],"campfire_rested":8,"item_purchase_floors":[19,19,29,29,44,44,44,44],"current_hp_per_floor":[64,57,57,51,40,62,62,56,56,75,33,55,45,41,63,25,75,73,73,72,72,53,39,75,61,61,75,75,75,52,21,58,2,80,58,58,31,31,31,70,60,43,43,43,0],"gold":1499,"neow_bonus":"HUNDRED_GOLD","is_prod":false,"is_daily":false,"chose_seed":false,"campfire_upgraded":0,"win_rate":0,"timestamp":1563004649,"path_taken":["M","M","?","M","?","R","?","M","T","R","E","R","E","M","R","BOSS","M","$","M","?","M","M","R","E","T","R","?","$","E","M","R","BOSS","M","?","M","?","?","R","M","M","T","$","M"],"build_version":"2019-07-05","purchased_purges":2,"victory":false,"max_hp_per_floor":[75,75,75,75,75,75,75,75,75,75,75,75,75,75,75,75,75,75,75,75,75,75,75,75,75,75,75,75,75,75,75,75,75,80,80,80,80,80,80,80,80,80,80,80,80],"card_choices":[{"not_picked":["Cold Snap","Beam Cell"],"picked":"Reprogram","floor":1},{"not_picked":["Stack","Heatsinks"],"picked":"Capacitor","floor":2},{"not_picked":["Sweeping Beam","Conserve Battery"],"picked":"Chill","floor":4},{"not_picked":["Turbo","Reprogram"],"picked":"Ball Lightning","floor":8},{"not_picked":["Go for the Eyes","Steam Power"],"picked":"Compile Driver","floor":11},{"not_picked":["Self Repair","Force Field"],"picked":"FTL+1","floor":13},{"not_picked":["Loop","Skim"],"picked":"Sweeping Beam+1","floor":14},{"not_picked":["Rainbow","Buffer"],"picked":"Amplify","floor":16},{"not_picked":["Double Energy","Defragment"],"picked":"Sunder+1","floor":18},{"not_picked":["Capacitor","Conserve Battery+1"],"picked":"Doom and Gloom+1","floor":20},{"not_picked":["Compile Driver+1","Conserve Battery+1"],"picked":"Sweeping Beam+1","floor":22},{"not_picked":["Hello World","Leap"],"picked":"Redo","floor":23},{"not_picked":["Genetic Algorithm","Undo"],"picked":"FTL+1","floor":25},{"not_picked":["Buffer","Amplify"],"picked":"Rip and Tear+1","floor":30},{"not_picked":["Storm+1","Barrage+1"],"picked":"Ball Lightning+1","floor":31},{"not_picked":["Machine Learning","Biased Cognition"],"picked":"Electrodynamics","floor":33},{"not_picked":["Go for the Eyes+1","Compile Driver+1"],"picked":"Storm+1","floor":34},{"not_picked":["Stack","Lockon+1"],"picked":"Sweeping Beam+1","floor":35},{"not_picked":["Cold Snap+1","Reprogram+1"],"picked":"Ball Lightning+1","floor":37},{"not_picked":["Recycle+1","Turbo","Consume+1"],"picked":"SKIP","floor":41},{"not_picked":["Stack+1","Chill"],"picked":"Gash+1","floor":42}],"player_experience":151273,"relics_obtained":[{"floor":9,"key":"Bag of Preparation"},{"floor":11,"key":"Molten Egg 2"},{"floor":13,"key":"Happy Flower"},{"floor":25,"key":"StoneCalendar"},{"floor":30,"key":"Shuriken"},{"floor":38,"key":"Mummified Hand"},{"floor":43,"key":"The Courier"}],"event_choices":[{"damage_healed":0,"gold_gain":0,"player_choice":"Take Wound","damage_taken":0,"relics_obtained":["Golden Idol"],"max_hp_gain":0,"max_hp_loss":0,"event_name":"Golden Idol","floor":3,"gold_loss":0,"cards_obtained":["Injury"]},{"damage_healed":0,"gold_gain":75,"player_choice":"Gather Gold","damage_taken":11,"max_hp_gain":0,"max_hp_loss":0,"event_name":"World of Goop","floor":5,"gold_loss":0},{"damage_healed":0,"gold_gain":0,"player_choice":"Upgraded","damage_taken":0,"max_hp_gain":0,"max_hp_loss":0,"event_name":"Upgrade Shrine","floor":7,"gold_loss":0,"cards_upgraded":["Zap"]},{"damage_healed":0,"gold_gain":0,"player_choice":"Ignored","damage_taken":0,"max_hp_gain":0,"max_hp_loss":0,"event_name":"Beggar","floor":21,"gold_loss":0},{"damage_healed":0,"gold_gain":0,"player_choice":"Opened","damage_taken":0,"relics_obtained":["Tiny Chest"],"max_hp_gain":0,"max_hp_loss":0,"event_name":"The Mausoleum","floor":28,"gold_loss":0},{"damage_healed":0,"gold_gain":333,"player_choice":"Gave Idol","damage_taken":0,"max_hp_gain":0,"max_hp_loss":0,"event_name":"The Moai Head","floor":36,"relics_lost":["Golden Idol"],"gold_loss":0},{"damage_healed":0,"gold_gain":999,"player_choice":"Gold","damage_taken":0,"max_hp_gain":0,"max_hp_loss":0,"event_name":"MindBloom","floor":39,"gold_loss":0,"cards_obtained":["Normality","Normality"]}],"is_beta":false,"boss_relics":[{"not_picked":["Ectoplasm","Coffee Dripper"],"picked":"Fusion Hammer"},{"not_picked":["Philosopher\u0027s Stone","Calling Bell"],"picked":"Tiny House"}],"items_purged_floors":[19,44],"is_endless":false,"potions_floor_spawned":[4,11,16,18,23,31,35,37],"killed_by":"4 Shapes","ascension_level":2}