{"gold_per_floor":[110,31,31,31,48,76,76,76,147,147,176,176,202,219,219,291,291,311,311,62,62,76,76,102,102,129,141,153,153,153,153],"floor_reached":31,"playtime":1007,"items_purged":[],"score":518,"play_id":"873457d1-c8ec-457f-aa3f-f9feaa4eac55","local_time":"20190829183454","is_ascension_mode":true,"campfire_choices":[{"data":"Dodge and Roll","floor":10.0,"key":"SMITH"},{"data":"Noxious Fumes","floor":12.0,"key":"SMITH"},{"floor":15.0,"key":"REST"},{"data":"Leg Sweep","floor":23,"key":"SMITH"},{"data":"Sucker Punch","floor":25,"key":"SMITH"}],"neow_cost":"NONE","seed_source_timestamp":177219420752900,"circlet_count":0,"master_deck":["AscendersBane","Strike_G","Strike_G","Defend_G","Defend_G+1","Defend_G","Defend_G+1","Defend_G","Survivor","Neutralize+1","Dodge and Roll+1","Noxious Fumes+1","Sucker Punch+1","Flying Knee","Cloak And Dagger+1","Noxious Fumes","PiercingWail","Die Die Die","Caltrops","Noxious Fumes+1","Leg Sweep+1","Heel Hook","Pain","Crippling Poison","Crippling Poison","Venomology"],"special_seed":0,"relics":["Ring of the Snake","NeowsBlessing","Dodecahedron","Pear","Peace Pipe","Smiling Mask","Cursed Key","Frozen Egg 2","War Paint","Snake Skull"],"potions_floor_usage":[24,29,31],"damage_taken":[{"damage":0.0,"enemies":"Small Slimes","floor":1.0,"turns":1.0},{"damage":0.0,"enemies":"Cultist","floor":5.0,"turns":1.0},{"damage":0.0,"enemies":"Gremlin Nob","floor":6.0,"turns":1.0},{"damage":16.0,"enemies":"3 Sentries","floor":11.0,"turns":8.0},{"damage":28.0,"enemies":"Gremlin Nob","floor":13.0,"turns":5.0},{"damage":1.0,"enemies":"2 Louse","floor":14.0,"turns":3.0},{"damage":15.0,"enemies":"The Guardian","floor":16.0,"turns":10.0},{"damage":15.0,"enemies":"Shell Parasite","floor":18.0,"turns":7.0},{"damage":7,"enemies":"3 Byrds","floor":22,"turns":4},{"damage":31,"enemies":"Book of Stabbing","floor":24,"turns":5},{"damage":12,"enemies":"Centurion and Healer","floor":27,"turns":6},{"damage":14,"enemies":"Snecko","floor":28,"turns":6},{"damage":0,"enemies":"3 Cultists","floor":29,"turns":2},{"damage":1,"enemies":"Snake Plant","floor":31,"turns":1}],"seed_played":"5002101690053688632","potions_obtained":[{"floor":13.0,"key":"SmokeBomb"},{"floor":14.0,"key":"SmokeBomb"},{"floor":16.0,"key":"Regen Potion"},{"floor":27,"key":"Dexterity Potion"}],"is_trial":false,"path_per_floor":["M","$","?","$","M","E","?","?","T","R","E","R","E","M","R","B",null,"M","?","$","?","M","R","E","R","T","M","M","M","?","M"],"character_chosen":"THE_SILENT","items_purchased":["Noxious Fumes","Frozen Egg 2"],"campfire_rested":1,"item_purchase_floors":[2,20],"current_hp_per_floor":[59,59,59,59,59,59,39,44,54,54,38,38,10,9,33,18,65,50,50,50,50,43,43,27,27,27,15,1,1,1,0],"gold":153,"neow_bonus":"THREE_ENEMY_KILL","is_prod":false,"is_daily":false,"chose_seed":false,"campfire_upgraded":4,"win_rate":0,"timestamp":1567125294,"path_taken":["M","$","?","?","M","E","?","?","T","R","E","R","E","M","R","BOSS","M","?","$","?","M","R","E","R","T","M","M","?","?","M"],"build_version":"2019-08-26","purchased_purges":0,"victory":false,"max_hp_per_floor":[66,66,66,66,66,66,66,71,81,81,81,81,81,81,81,81,81,81,81,81,81,81,81,81,81,81,81,81,81,81,81],"card_choices":[{"not_picked":["Flying Knee","Underhanded Strike"],"picked":"Dodge and Roll","floor":1.0},{"not_picked":["Endless Agony","Slice"],"picked":"Sucker Punch","floor":5.0},{"not_picked":["Tactician","Eviscerate"],"picked":"Flying Knee","floor":6.0},{"not_picked":["PiercingWail","Deadly Poison"],"picked":"Cloak And Dagger","floor":11.0},{"not_picked":["Dagger Throw","Prepared"],"picked":"Noxious Fumes","floor":13.0},{"not_picked":["Underhanded Strike","Endless Agony"],"picked":"PiercingWail","floor":14.0},{"not_picked":["Bullet Time","Grand Finale"],"picked":"Die Die Die","floor":16.0},{"not_picked":["Choke","Dodge and Roll"],"picked":"Caltrops","floor":18.0},{"not_picked":["Sucker Punch","Blade Dance"],"picked":"Leg Sweep","floor":22},{"not_picked":["Sucker Punch+1","Backstab"],"picked":"Heel Hook","floor":24},{"not_picked":["Prepared","Bane"],"picked":"Crippling Poison","floor":27},{"not_picked":["Eviscerate+1","Sucker Punch","Cloak And Dagger"],"picked":"SKIP","floor":28}],"player_experience":843984,"relics_obtained":[{"floor":6.0,"key":"Dodecahedron"},{"floor":9.0,"key":"Pear"},{"floor":11.0,"key":"Peace Pipe"},{"floor":13.0,"key":"Smiling Mask"},{"floor":24,"key":"War Paint"},{"floor":26,"key":"Snake Skull"}],"event_choices":[{"cards_removed":["Strike_G"],"damage_healed":0.0,"max_hp_gain":0.0,"max_hp_loss":0.0,"gold_gain":0.0,"event_name":"Purifier","player_choice":"Purged","floor":3.0,"gold_loss":0.0,"damage_taken":0.0},{"damage_healed":0.0,"max_hp_gain":0.0,"max_hp_loss":0.0,"gold_gain":0.0,"event_name":"Shining Light","player_choice":"Entered Light","floor":7.0,"gold_loss":0.0,"damage_taken":20.0,"cards_upgraded":["Neutralize","Defend_G"]},{"damage_healed":0.0,"max_hp_gain":5.0,"max_hp_loss":0.0,"gold_gain":0.0,"event_name":"Big Fish","player_choice":"Donut","floor":8.0,"gold_loss":0.0,"damage_taken":0.0},{"damage_healed":0,"gold_gain":0,"player_choice":"Leave","damage_taken":0,"max_hp_gain":0,"max_hp_loss":0,"event_name":"FaceTrader","floor":19,"gold_loss":0},{"damage_healed":0,"gold_gain":0,"player_choice":"Copied","damage_taken":0,"max_hp_gain":0,"max_hp_loss":0,"event_name":"Duplicator","floor":21,"gold_loss":0,"cards_obtained":["Noxious Fumes"]},{"damage_healed":0,"gold_gain":0,"cards_transformed":["Strike_G","Strike_G"],"player_choice":"Became Test Subject","damage_taken":0,"max_hp_gain":0,"max_hp_loss":0,"event_name":"Drug Dealer","floor":30,"gold_loss":0,"cards_obtained":["Crippling Poison","Venomology"]}],"is_beta":true,"boss_relics":[{"not_picked":["Coffee Dripper","HoveringKite"],"picked":"Cursed Key"}],"items_purged_floors":[],"is_endless":false,"potions_floor_spawned":[13,14,16,22,27,28],"killed_by":"Snake Plant","ascension_level":15}