{"gold_per_floor":[111,75,22,40,40,72,90,90,90,90,120,137,137,137,137,235,235,250,250,269,287,301,331,343,357,357,357,369,369,404,414,414,414],"floor_reached":33,"playtime":3737,"items_purged":[],"score":299,"play_id":"3a209ebf-d658-420c-8106-565f814e352a","local_time":"20190628210903","is_ascension_mode":false,"campfire_choices":[{"floor":8,"key":"REST"},{"data":"Strike_R","floor":10,"key":"SMITH"},{"floor":13,"key":"REST"},{"data":"Reckless Charge","floor":15,"key":"SMITH"},{"floor":27,"key":"REST"},{"floor":32,"key":"REST"}],"neow_cost":"NONE","seed_source_timestamp":908998485866406,"circlet_count":0,"master_deck":["Strike_R+1","Strike_R","Strike_R","Strike_R","Strike_R","Defend_R","Defend_R","Defend_R","Defend_R","Bash","Panacea","Clothesline","Perfected Strike","Anger","Heavy Blade","Clash+1","Whirlwind","Reckless Charge+1","Feed","Pommel Strike","Decay","Pommel Strike","Anger","Searing Blow","Iron Wave+1","Second Wind+1","Perfected Strike","Parasite","Blood for Blood+1","Shrug It Off","Thunderclap+1"],"relics":["Burning Blood","Meat on the Bone","Ginger","Mercury Hourglass","Cursed Key","Happy Flower","Pantograph","FossilizedHelix"],"potions_floor_usage":[16,16,23,30,30,30,33],"damage_taken":[{"damage":11,"enemies":"2 Louse","floor":1,"turns":3},{"damage":5,"enemies":"Small Slimes","floor":4,"turns":3},{"damage":18,"enemies":"Gremlin Nob","floor":6,"turns":4},{"damage":6,"enemies":"Jaw Worm","floor":7,"turns":2},{"damage":21,"enemies":"Lagavulin","floor":11,"turns":5},{"damage":14,"enemies":"Gremlin Gang","floor":12,"turns":2},{"damage":7,"enemies":"Slime Boss","floor":16,"turns":6},{"damage":10,"enemies":"Spheric Guardian","floor":18,"turns":3},{"damage":6,"enemies":"Chosen","floor":20,"turns":3},{"damage":8,"enemies":"3 Cultists","floor":21,"turns":4},{"damage":16,"enemies":"Centurion and Healer","floor":22,"turns":5},{"damage":46,"enemies":"Book of Stabbing","floor":23,"turns":5},{"damage":10,"enemies":"Chosen and Byrds","floor":24,"turns":4},{"damage":30,"enemies":"Snecko","floor":25,"turns":4},{"damage":20,"enemies":"Centurion and Healer","floor":28,"turns":7},{"damage":30,"enemies":"Gremlin Leader","floor":30,"turns":5},{"damage":31,"enemies":"3 Cultists","floor":31,"turns":5},{"damage":97,"enemies":"Automaton","floor":33,"turns":7}],"seed_played":"-1752466506823146255","potions_obtained":[{"floor":4,"key":"Strength Potion"},{"floor":7,"key":"Explosive Potion"},{"floor":20,"key":"Weak Potion"},{"floor":23,"key":"Regen Potion"},{"floor":24,"key":"Poison Potion"},{"floor":25,"key":"Poison Potion"},{"floor":28,"key":"Block Potion"},{"floor":30,"key":"Energy Potion"}],"is_trial":false,"path_per_floor":["M","?","$","M","?","E","M","R","T","R","E","M","R","?","R","B",null,"M","?","M","M","M","E","M","M","T","R","M","?","E","M","R","B"],"character_chosen":"IRONCLAD","items_purchased":["Perfected Strike"],"campfire_rested":4,"item_purchase_floors":[3],"current_hp_per_floor":[75,75,75,76,81,69,69,85,85,85,70,62,85,85,85,84,85,81,81,81,79,72,44,55,43,43,70,56,56,58,45,72,0],"gold":414,"neow_bonus":"RANDOM_COLORLESS","is_prod":false,"is_daily":false,"chose_seed":false,"campfire_upgraded":2,"win_rate":0.0,"timestamp":1561774143,"path_taken":["M","?","$","M","?","E","M","R","T","R","E","M","R","?","R","BOSS","M","?","M","M","M","E","M","M","T","R","M","?","E","M","R","BOSS"],"build_version":"2019-01-23","purchased_purges":0,"victory":false,"max_hp_per_floor":[80,80,80,80,85,85,85,85,85,85,85,85,85,85,85,85,85,85,85,85,85,88,88,91,91,91,91,91,91,91,91,91,91],"card_choices":[{"not_picked":["Armaments","Body Slam"],"picked":"Clothesline","floor":1},{"not_picked":["Heavy Blade","Power Through"],"picked":"Anger","floor":4},{"not_picked":["Anger","Pummel"],"picked":"Heavy Blade","floor":6},{"not_picked":["Fire Breathing","Body Slam"],"picked":"Clash","floor":7},{"not_picked":["Seeing Red","Flame Barrier"],"picked":"Whirlwind","floor":11},{"not_picked":["Headbutt","Rampage"],"picked":"Reckless Charge","floor":12},{"not_picked":["Brutality","Reaper"],"picked":"Feed","floor":16},{"not_picked":["Fire Breathing","Corruption"],"picked":"Pommel Strike","floor":18},{"not_picked":["Heavy Blade","Flame Barrier"],"picked":"Pommel Strike","floor":20},{"not_picked":["Heavy Blade","Flex"],"picked":"Anger","floor":21},{"not_picked":["Demon Form","Corruption"],"picked":"Searing Blow","floor":22},{"not_picked":["Blood for Blood+1","Clothesline"],"picked":"Iron Wave+1","floor":23},{"not_picked":["Armaments","Metallicize"],"picked":"Second Wind+1","floor":24},{"not_picked":["Headbutt","Warcry"],"picked":"Perfected Strike","floor":25},{"not_picked":["True Grit","Sword Boomerang"],"picked":"Blood for Blood+1","floor":28},{"not_picked":["Iron Wave","Body Slam+1"],"picked":"Shrug It Off","floor":30},{"not_picked":["Reaper","Body Slam"],"picked":"Thunderclap+1","floor":31}],"player_experience":7065,"relics_obtained":[{"floor":6,"key":"Meat on the Bone"},{"floor":9,"key":"Ginger"},{"floor":11,"key":"Mercury Hourglass"},{"floor":23,"key":"Happy Flower"},{"floor":26,"key":"Pantograph"},{"floor":30,"key":"FossilizedHelix"}],"event_choices":[{"damage_healed":0,"gold_gain":0,"player_choice":"Left Gold","damage_taken":0,"max_hp_gain":0,"max_hp_loss":0,"event_name":"World of Goop","floor":2,"gold_loss":36},{"damage_healed":0,"gold_gain":0,"player_choice":"Donut","damage_taken":0,"max_hp_gain":5,"max_hp_loss":0,"event_name":"Big Fish","floor":5,"gold_loss":0},{"damage_healed":0,"gold_gain":0,"player_choice":"Grow","damage_taken":0,"max_hp_gain":0,"max_hp_loss":0,"event_name":"Living Wall","floor":14,"gold_loss":0,"cards_upgraded":["Clash"]},{"damage_healed":0,"gold_gain":0,"player_choice":"Smashed Altar","damage_taken":0,"max_hp_gain":0,"max_hp_loss":0,"event_name":"Forgotten Altar","floor":19,"gold_loss":0,"cards_obtained":["Decay"]},{"damage_healed":0,"gold_gain":0,"player_choice":"Ignored","damage_taken":0,"max_hp_gain":0,"max_hp_loss":0,"event_name":"Ghosts","floor":29,"gold_loss":0}],"is_beta":false,"boss_relics":[{"not_picked":["Black Blood","Tiny House"],"picked":"Cursed Key"}],"items_purged_floors":[],"is_endless":false,"potions_floor_spawned":[4,7,20,23,24,25,28,30],"killed_by":"Automaton","ascension_level":0}