{"gold_per_floor":[119,134,29,29,48,67,67,86,110,110,110,110,60,10,10,10],"floor_reached":16,"playtime":806,"items_purged":["Defend_G"],"score":90,"play_id":"8c8c2a1d-fca0-493a-a56b-2446ee2c6c81","local_time":"20190418142512","is_ascension_mode":false,"campfire_choices":[{"data":"Caltrops","floor":7,"key":"SMITH"},{"data":"Dagger Spray","floor":10,"key":"SMITH"},{"floor":12,"key":"REST"},{"floor":15,"key":"REST"}],"neow_cost":"NONE","seed_source_timestamp":4152119322844,"circlet_count":0,"master_deck":["Defend_G","Defend_G","Defend_G","Defend_G","Strike_G","Strike_G+1","Strike_G","Survivor","Neutralize","Prepared","Dagger Spray+1","Caltrops+1","Reflex","Prepared+1","Accuracy"],"relics":["Ring of the Snake","Golden Idol","Smiling Mask"],"potions_floor_usage":[],"damage_taken":[{"damage":2,"enemies":"Small Slimes","floor":1,"turns":4},{"damage":2,"enemies":"Jaw Worm","floor":2,"turns":8},{"damage":2,"enemies":"Cultist","floor":5,"turns":4},{"damage":9,"enemies":"Red Slaver","floor":6,"turns":6},{"damage":8,"enemies":"Gremlin Gang","floor":8,"turns":4},{"damage":62,"enemies":"Slime Boss","floor":16,"turns":9}],"seed_played":"5832160864586377741","potions_obtained":[{"floor":5,"key":"Explosive Potion"},{"floor":6,"key":"Energy Potion"},{"floor":8,"key":"EssenceOfSteel"}],"is_trial":false,"path_per_floor":["M","M","$","?","M","M","R","M","T","R","?","R","?","$","R","B"],"character_chosen":"THE_SILENT","items_purchased":["Caltrops","Reflex"],"campfire_rested":2,"item_purchase_floors":[3,3],"current_hp_per_floor":[68,66,66,49,47,38,38,30,30,30,16,37,37,37,58,0],"gold":10,"neow_bonus":"TRANSFORM_CARD","is_prod":false,"is_daily":false,"chose_seed":false,"campfire_upgraded":2,"win_rate":0,"timestamp":1555622712,"path_taken":["M","M","$","?","M","M","R","M","T","R","?","R","?","$","R","BOSS"],"build_version":"2019-01-23","purchased_purges":1,"victory":false,"max_hp_per_floor":[70,70,70,70,70,70,70,70,70,70,70,70,70,70,70,70],"card_choices":[{"not_picked":["Quick Slash","Prepared","Outmaneuver"],"picked":"SKIP","floor":1},{"not_picked":["Caltrops","Blade Dance","Dagger Spray"],"picked":"SKIP","floor":2},{"not_picked":["Caltrops","Blade Dance"],"picked":"Dagger Spray","floor":2},{"not_picked":["Catalyst","Finisher","Crippling Poison"],"picked":"SKIP","floor":5},{"not_picked":["Flying Knee","Escape Plan"],"picked":"Prepared","floor":6},{"not_picked":["Catalyst","Deflect"],"picked":"Accuracy","floor":8}],"player_experience":72720,"relics_obtained":[{"floor":9,"key":"Smiling Mask"}],"event_choices":[{"damage_healed":0,"gold_gain":0,"player_choice":"Take Damage","damage_taken":17,"relics_obtained":["Golden Idol"],"max_hp_gain":0,"max_hp_loss":0,"event_name":"Golden Idol","floor":4,"gold_loss":0},{"damage_healed":0,"gold_gain":0,"player_choice":"Entered Light","damage_taken":14,"max_hp_gain":0,"max_hp_loss":0,"event_name":"Shining Light","floor":11,"gold_loss":0,"cards_upgraded":["Prepared","Strike_G"]},{"cards_removed":["Strike_G"],"damage_healed":0,"gold_gain":0,"player_choice":"Card Removal","damage_taken":0,"max_hp_gain":0,"max_hp_loss":0,"event_name":"The Cleric","floor":13,"gold_loss":50}],"is_beta":false,"boss_relics":[],"items_purged_floors":[14],"is_endless":false,"potions_floor_spawned":[5,6,8],"killed_by":"Slime Boss","ascension_level":0}