{"gold_per_floor":[210,285,285,285,297,297,311,311,356,356,374,387,406,416,416,518,518,529,547,157,170,190,190,289,289,314,314,314,348,368,75,75,172,172,185,185,0,0,11,11,42,42,67,67,67,67,67,80,80,80],"floor_reached":51,"playtime":3959,"items_purged":[],"score":835,"play_id":"9300ee1b-c76a-4136-b873-ea3b2f417832","local_time":"20190703183442","is_ascension_mode":false,"campfire_choices":[{"floor":6,"key":"REST"},{"floor":8,"key":"REST"},{"floor":15,"key":"REST"},{"floor":23,"key":"REST"},{"floor":25,"key":"REST"},{"data":"Gash","floor":27,"key":"SMITH"},{"floor":32,"key":"REST"},{"floor":40,"key":"REST"},{"floor":42,"key":"REST"},{"data":"Sweeping Beam","floor":45,"key":"SMITH"},{"floor":49,"key":"REST"}],"neow_cost":"NONE","seed_source_timestamp":1331501487648923,"circlet_count":0,"master_deck":["Zap+1","Dualcast+1","White Noise+1","Rip and Tear+1","Go for the Eyes+1","Gash+1","Gash+1","Sweeping Beam+1","Gash+1","All For One+1","Scrape+1","Chaos+1","Sweeping Beam+1","Amplify+1","Beam Cell+1","Buffer+1","Redo+1","Conserve Battery+1","Steam+1","Go for the Eyes+1","Sweeping Beam+1","Buffer+1","Streamline+1","Biased Cognition+1","Clumsy","Decay","Clumsy","Compile Driver+1","Chill+1","Clumsy","Echo Form+1","Streamline+1","Self Repair+1","Writhe","Melter+1"],"relics":["Cracked Core","Question Card","Lantern","Mummified Hand","Pandora\u0027s Box","PreservedInsect","Mercury Hourglass","Pen Nib","GremlinMask","Pantograph","Molten Egg 2","Calling Bell","Orichalcum","Kunai","Thread and Needle","Red Mask","Letter Opener","Anchor","Mark of the Bloom"],"potions_floor_usage":[16,16,33,41,50,50,50],"damage_taken":[{"damage":1,"enemies":"Jaw Worm","floor":1,"turns":3},{"damage":9,"enemies":"Small Slimes","floor":5,"turns":3},{"damage":6,"enemies":"Cultist","floor":7,"turns":4},{"damage":0,"enemies":"3 Louse","floor":11,"turns":4},{"damage":13,"enemies":"Gremlin Gang","floor":12,"turns":5},{"damage":9,"enemies":"Exordium Wildlife","floor":13,"turns":3},{"damage":5,"enemies":"Looter","floor":14,"turns":2},{"damage":21,"enemies":"Slime Boss","floor":16,"turns":7},{"damage":0,"enemies":"Spheric Guardian","floor":18,"turns":3},{"damage":10,"enemies":"Chosen","floor":19,"turns":3},{"damage":23,"enemies":"Snecko","floor":21,"turns":4},{"damage":8,"enemies":"Cultist and Chosen","floor":22,"turns":5},{"damage":23,"enemies":"Gremlin Leader","floor":29,"turns":5},{"damage":10,"enemies":"Chosen and Byrds","floor":30,"turns":3},{"damage":58,"enemies":"Collector","floor":33,"turns":6},{"damage":26,"enemies":"3 Darklings","floor":35,"turns":6},{"damage":0,"enemies":"3 Shapes","floor":39,"turns":3},{"damage":42,"enemies":"Reptomancer","floor":41,"turns":6},{"damage":6,"enemies":"Jaw Worm Horde","floor":48,"turns":5},{"damage":0,"enemies":"Donu and Deca","floor":50,"turns":7}],"seed_played":"2539055671246047689","potions_obtained":[{"floor":1,"key":"Strength Potion"},{"floor":7,"key":"FearPotion"},{"floor":13,"key":"FearPotion"},{"floor":16,"key":"SkillPotion"},{"floor":19,"key":"LiquidBronze"},{"floor":30,"key":"Poison Potion"},{"floor":33,"key":"Swift Potion"},{"floor":39,"key":"Ancient Potion"},{"floor":48,"key":"FocusPotion"}],"is_trial":false,"path_per_floor":["M","?","?","?","M","R","M","R","T","?","M","M","M","M","R","B",null,"M","M","$","M","M","R","?","R","T","R","?","E","M","$","R","B",null,"M","?","?","?","M","R","E","R","T","?","R","$","?","M","R","B",null],"character_chosen":"DEFECT","items_purchased":["PreservedInsect","Mercury Hourglass","Molten Egg 2","Streamline+1"],"campfire_rested":9,"item_purchase_floors":[20,20,31,31],"current_hp_per_floor":[74,63,45,45,36,58,52,74,74,74,74,61,52,47,69,48,75,75,65,65,42,34,56,56,75,75,75,75,52,42,42,64,17,75,49,49,49,49,49,71,29,51,51,70,70,70,70,64,64,64],"gold":80,"neow_bonus":"HUNDRED_GOLD","is_prod":false,"is_daily":false,"chose_seed":false,"campfire_upgraded":2,"win_rate":0.0,"timestamp":1562196882,"path_taken":["M","?","?","?","?","R","M","R","T","?","?","M","M","M","R","BOSS","M","M","$","?","M","R","?","R","T","R","?","E","?","$","R","BOSS","M","?","?","?","?","R","E","R","T","?","R","$","?","M","R","BOSS"],"build_version":"2019-07-01","purchased_purges":0,"victory":true,"max_hp_per_floor":[75,75,75,75,75,75,75,75,75,75,75,75,75,75,75,75,75,75,75,75,75,75,75,75,75,75,75,75,75,75,75,75,75,75,75,75,75,75,75,75,75,75,75,75,75,75,75,75,75,75],"card_choices":[{"not_picked":["Doom and Gloom","Storm"],"picked":"White Noise","floor":1},{"not_picked":["Stack","Leap","Scrape"],"picked":"Rip and Tear","floor":5},{"not_picked":["BootSequence","Barrage","Machine Learning"],"picked":"Go for the Eyes","floor":7},{"not_picked":["Ball Lightning","Genetic Algorithm","Reprogram"],"picked":"Gash","floor":11},{"not_picked":["Stack","Conserve Battery","Skim"],"picked":"Gash","floor":12},{"not_picked":["Steam Power","Go for the Eyes","Fission"],"picked":"Sweeping Beam","floor":13},{"not_picked":["Capacitor","Coolheaded","Leap"],"picked":"Gash","floor":14},{"not_picked":["Echo Form","Seek","Amplify"],"picked":"All For One","floor":16},{"not_picked":["Undo","Chill","Sweeping Beam"],"picked":"Redo","floor":18},{"not_picked":["Reprogram+1","Undo","Chill+1"],"picked":"Conserve Battery","floor":19},{"not_picked":["Turbo+1","Hello World","Skim+1"],"picked":"Steam+1","floor":21},{"not_picked":["Heatsinks+1","Ball Lightning","Redo"],"picked":"Go for the Eyes","floor":22},{"not_picked":["Loop","Rip and Tear","Streamline+1"],"picked":"Sweeping Beam+1","floor":29},{"not_picked":["Undo","Coolheaded+1","Cold Snap"],"picked":"Buffer","floor":30},{"not_picked":["Amplify","Meteor Strike+1","Creative AI"],"picked":"Biased Cognition","floor":33},{"not_picked":["Stack","Heatsinks+1","Coolheaded"],"picked":"Compile Driver+1","floor":35},{"not_picked":["Redo","Conserve Battery","Ball Lightning+1"],"picked":"Streamline+1","floor":39},{"not_picked":["Fusion","Conserve Battery+1","Thunder Strike+1"],"picked":"Self Repair+1","floor":41},{"not_picked":["Scrape+1","Genetic Algorithm+1","Streamline+1"],"picked":"Melter+1","floor":48}],"player_experience":95691,"relics_obtained":[{"floor":9,"key":"Lantern"},{"floor":26,"key":"Pen Nib"},{"floor":29,"key":"Pantograph"},{"floor":34,"key":"Orichalcum"},{"floor":34,"key":"Kunai"},{"floor":34,"key":"Thread and Needle"},{"floor":41,"key":"Letter Opener"},{"floor":43,"key":"Anchor"}],"event_choices":[{"damage_healed":0,"gold_gain":75,"player_choice":"Gather Gold","damage_taken":11,"max_hp_gain":0,"max_hp_loss":0,"event_name":"World of Goop","floor":2,"gold_loss":0},{"damage_healed":0,"gold_gain":0,"player_choice":"Success","damage_taken":18,"relics_obtained":["Question Card"],"max_hp_gain":0,"max_hp_loss":0,"event_name":"Scrap Ooze","floor":3,"gold_loss":0},{"cards_removed":["Strike_B"],"damage_healed":0,"gold_gain":0,"player_choice":"Purged","damage_taken":0,"max_hp_gain":0,"max_hp_loss":0,"event_name":"Purifier","floor":4,"gold_loss":0},{"damage_healed":0,"gold_gain":0,"player_choice":"Gave Potion","damage_taken":0,"relics_obtained":["Mummified Hand"],"max_hp_gain":0,"max_hp_loss":0,"event_name":"WeMeetAgain","floor":10,"gold_loss":0},{"damage_healed":0,"gold_gain":99,"player_choice":"Stole From Cult","damage_taken":0,"max_hp_gain":0,"max_hp_loss":0,"event_name":"Nest","floor":24,"gold_loss":0},{"damage_healed":0,"gold_gain":0,"player_choice":"Trade","damage_taken":0,"relics_obtained":["GremlinMask"],"max_hp_gain":0,"max_hp_loss":0,"event_name":"FaceTrader","floor":28,"gold_loss":0},{"cards_removed":["Echo Form"],"damage_healed":0,"gold_gain":0,"player_choice":"Removed Power","damage_taken":0,"max_hp_gain":0,"max_hp_loss":0,"event_name":"Falling","floor":36,"gold_loss":0},{"damage_healed":0,"gold_gain":0,"player_choice":"Paid","damage_taken":0,"relics_obtained":["Red Mask"],"max_hp_gain":0,"max_hp_loss":0,"event_name":"Tomb of Lord Red Mask","floor":37,"gold_loss":185},{"damage_healed":0,"gold_gain":0,"player_choice":"3 cards matched","damage_taken":0,"max_hp_gain":0,"max_hp_loss":0,"event_name":"Match and Keep!","floor":38,"gold_loss":0,"cards_obtained":["Chill","Clumsy","Echo Form"]},{"damage_healed":19,"gold_gain":0,"player_choice":"Writhe","damage_taken":0,"max_hp_gain":0,"max_hp_loss":0,"event_name":"Winding Halls","floor":44,"gold_loss":0,"cards_obtained":["Writhe"]},{"damage_healed":0,"gold_gain":0,"player_choice":"Upgrade","damage_taken":0,"relics_obtained":["Mark of the Bloom"],"max_hp_gain":0,"max_hp_loss":0,"event_name":"MindBloom","floor":47,"gold_loss":0,"cards_upgraded":["Zap","Dualcast","White Noise","Rip and Tear","Go for the Eyes","Gash","Gash","Sweeping Beam","All For One","Scrape","Chaos","Amplify","Beam Cell","Buffer","Redo","Conserve Battery","Go for the Eyes","Buffer","Biased Cognition","Chill","Echo Form"]}],"is_beta":false,"boss_relics":[{"not_picked":["Astrolabe","Runic Pyramid"],"picked":"Pandora\u0027s Box"},{"not_picked":["Tiny House","Empty Cage"],"picked":"Calling Bell"}],"items_purged_floors":[],"is_endless":false,"potions_floor_spawned":[1,7,13,16,19,30,33,39,48],"ascension_level":0}