{"gold_per_floor":[218,74,85,85,97,122,133,133,133,149,163,163,179,179,179,282,332,346,364,364,375,75,75,75,75,123,139,139,157,3,3,3,100,100,111,0,0,19,19,30,30,50,50,50],"floor_reached":44,"playtime":4212,"items_purged":[],"score":455,"play_id":"d66df561-2260-4044-bc81-ffb13ee7a821","local_time":"20190727195456","is_ascension_mode":true,"campfire_choices":[{"floor":8,"key":"REST"},{"floor":15,"key":"REST"},{"floor":23,"key":"REST"},{"data":"Limit Break","floor":25,"key":"SMITH"},{"floor":28,"key":"REST"},{"floor":32,"key":"REST"}],"neow_cost":"NONE","seed_source_timestamp":1364022954413393,"circlet_count":0,"master_deck":["Strike_R","Strike_R","Strike_R","Strike_R","Strike_R","Defend_R","Defend_R","Defend_R","Defend_R","Bash","Headbutt","Body Slam+1","Heavy Blade","Clothesline+1","Clash","Headbutt","Twin Strike","Limit Break+1","Rage","Bloodletting+1","Perfected Strike+1","Cleave","Anger","Berserk","Reaper","Perfected Strike","Searing Blow+1","Thunderclap+1","Armaments+1","Pommel Strike","Headbutt+1","Barricade","Ghostly Armor","Clash"],"relics":["Burning Blood","Red Skull","Vajra","Letter Opener","Mercury Hourglass","Tiny House","Pantograph","StoneCalendar","Omamori","Blood Vial","Orrery","Red Mask","Pen Nib"],"potions_floor_usage":[16,27,33,33,33,41,42,42,42,42],"damage_taken":[{"damage":1,"enemies":"Cultist","floor":1,"turns":4},{"damage":3,"enemies":"Jaw Worm","floor":3,"turns":6},{"damage":4,"enemies":"Small Slimes","floor":5,"turns":3},{"damage":41,"enemies":"Lagavulin","floor":6,"turns":7},{"damage":16,"enemies":"Exordium Thugs","floor":7,"turns":3},{"damage":16,"enemies":"Lots of Slimes","floor":10,"turns":4},{"damage":21,"enemies":"3 Louse","floor":11,"turns":2},{"damage":4,"enemies":"Exordium Thugs","floor":13,"turns":3},{"damage":31,"enemies":"Hexaghost","floor":16,"turns":6},{"damage":17,"enemies":"Spheric Guardian","floor":18,"turns":4},{"damage":15,"enemies":"Chosen","floor":19,"turns":4},{"damage":22,"enemies":"Centurion and Healer","floor":21,"turns":6},{"damage":31,"enemies":"Sentry and Sphere","floor":27,"turns":5},{"damage":37,"enemies":"Snecko","floor":29,"turns":4},{"damage":79,"enemies":"Champ","floor":33,"turns":14},{"damage":22,"enemies":"Orb Walker","floor":35,"turns":3},{"damage":41,"enemies":"3 Shapes","floor":38,"turns":4},{"damage":23,"enemies":"Spire Growth","floor":40,"turns":4},{"damage":0,"enemies":"3 Darklings","floor":41,"turns":1},{"damage":39,"enemies":"Transient","floor":42,"turns":5},{"damage":57,"enemies":"Reptomancer","floor":44,"turns":3}],"seed_played":"-8987686081673004738","potions_obtained":[{"floor":6,"key":"GamblersBrew"},{"floor":11,"key":"FearPotion"},{"floor":13,"key":"Dexterity Potion"},{"floor":17,"key":"Weak Potion"},{"floor":27,"key":"EssenceOfSteel"},{"floor":33,"key":"EntropicBrew"},{"floor":35,"key":"SmokeBomb"},{"floor":38,"key":"EntropicBrew"},{"floor":40,"key":"FearPotion"}],"is_trial":false,"path_per_floor":["M","$","M","?","M","E","M","R","T","M","M","T","M","$","R","B",null,"M","M","?","M","$","R","$","R","T","M","R","M","$","?","R","B",null,"M","?","?","M","$","M","M","M","T","E"],"character_chosen":"IRONCLAD","items_purchased":["Red Skull","StoneCalendar","Blood Vial"],"campfire_rested":5,"item_purchase_floors":[2,22,30],"current_hp_per_floor":[80,80,80,80,80,45,35,59,59,49,34,34,36,36,60,35,85,74,65,65,49,49,74,74,74,74,49,74,43,43,27,54,8,90,74,74,74,41,41,26,34,15,15,0],"gold":50,"neow_bonus":"HUNDRED_GOLD","is_prod":false,"is_daily":false,"chose_seed":false,"campfire_upgraded":1,"win_rate":0,"timestamp":1564275296,"path_taken":["M","$","M","?","M","E","M","R","T","M","M","?","M","$","R","BOSS","M","?","?","M","$","R","?","R","T","M","R","?","$","?","R","BOSS","M","?","?","M","$","M","M","?","T","E"],"build_version":"2019-07-17","purchased_purges":0,"victory":false,"max_hp_per_floor":[80,80,80,80,80,80,80,80,80,80,80,80,80,80,80,80,85,85,85,85,85,85,85,85,85,85,85,85,85,85,90,90,90,90,90,90,90,90,90,90,90,90,90,90],"card_choices":[{"not_picked":["Havoc","Uppercut"],"picked":"Headbutt","floor":1},{"not_picked":["Pummel","Seeing Red"],"picked":"Body Slam","floor":3},{"not_picked":["Clothesline","Thunderclap"],"picked":"Heavy Blade","floor":5},{"not_picked":["Body Slam","Wild Strike"],"picked":"Clothesline","floor":6},{"not_picked":["Flex","Pommel Strike"],"picked":"Clash","floor":7},{"not_picked":["Iron Wave","Disarm"],"picked":"Headbutt","floor":10},{"not_picked":["Rage","Disarm"],"picked":"Twin Strike","floor":11},{"not_picked":["Whirlwind","Pummel"],"picked":"Pommel Strike","floor":13},{"not_picked":["Impervious","Brutality"],"picked":"Limit Break","floor":16},{"not_picked":["Thunderclap","Shockwave"],"picked":"Rage","floor":17},{"not_picked":["Dropkick","Iron Wave"],"picked":"Bloodletting+1","floor":18},{"not_picked":["Flame Barrier+1","Heavy Blade"],"picked":"Perfected Strike+1","floor":19},{"not_picked":["Thunderclap","Dual Wield"],"picked":"Cleave","floor":21},{"not_picked":["Pommel Strike","Body Slam"],"picked":"Anger","floor":27},{"not_picked":["Warcry","Clothesline"],"picked":"Berserk","floor":29},{"not_picked":["Brutality","Demon Form"],"picked":"Reaper","floor":33},{"not_picked":["Thunderclap","Warcry+1"],"picked":"Perfected Strike","floor":34},{"not_picked":["Sever Soul+1","Clothesline"],"picked":"Searing Blow+1","floor":34},{"not_picked":["Flex","Seeing Red"],"picked":"Thunderclap+1","floor":34},{"not_picked":["Shrug It Off","Wild Strike+1"],"picked":"Armaments+1","floor":34},{"not_picked":["Thunderclap","Feel No Pain"],"picked":"Pommel Strike","floor":34},{"not_picked":["True Grit","Second Wind"],"picked":"Headbutt+1","floor":35},{"not_picked":["Shrug It Off","Twin Strike+1"],"picked":"Clash","floor":38},{"not_picked":["Wild Strike+1","Warcry","Sentinel"],"picked":"SKIP","floor":40},{"not_picked":["Combust","Havoc+1","Thunderclap"],"picked":"SKIP","floor":42}],"player_experience":193157,"relics_obtained":[{"floor":6,"key":"Vajra"},{"floor":9,"key":"Letter Opener"},{"floor":12,"key":"Mercury Hourglass"},{"floor":26,"key":"Omamori"},{"floor":43,"key":"Pen Nib"}],"event_choices":[{"damage_healed":0,"gold_gain":0,"player_choice":"Grow","damage_taken":0,"max_hp_gain":0,"max_hp_loss":0,"event_name":"Living Wall","floor":4,"gold_loss":0,"cards_upgraded":["Body Slam"]},{"cards_removed":["Pommel Strike"],"damage_healed":0,"gold_gain":0,"player_choice":"Gave Card","damage_taken":0,"relics_obtained":["Pantograph"],"max_hp_gain":0,"max_hp_loss":0,"event_name":"WeMeetAgain","floor":20,"gold_loss":0},{"damage_healed":0,"gold_gain":0,"player_choice":"Shed Blood","damage_taken":21,"max_hp_gain":5,"max_hp_loss":0,"event_name":"Forgotten Altar","floor":31,"gold_loss":0},{"damage_healed":0,"gold_gain":0,"player_choice":"Paid","damage_taken":0,"relics_obtained":["Red Mask"],"max_hp_gain":0,"max_hp_loss":0,"event_name":"Tomb of Lord Red Mask","floor":36,"gold_loss":111},{"damage_healed":0,"gold_gain":0,"player_choice":"2 cards matched","damage_taken":0,"max_hp_gain":0,"max_hp_loss":0,"event_name":"Match and Keep!","floor":37,"gold_loss":0,"cards_obtained":["Barricade","Ghostly Armor"]}],"is_beta":false,"boss_relics":[{"not_picked":["Cursed Key","Snecko Eye"],"picked":"Tiny House"},{"not_picked":["Coffee Dripper","Sozu"],"picked":"Orrery"}],"items_purged_floors":[],"is_endless":false,"potions_floor_spawned":[6,11,13,27,33,35,38,40],"killed_by":"Reptomancer","ascension_level":2}