{"gold_per_floor":[112,128,144,157,22,22,22,55,55,90,29,62,62,62],"floor_reached":14,"playtime":1807,"items_purged":[],"score":146,"play_id":"66450d5f-b29a-43d1-b15e-0e0f5c957b14","local_time":"20190814201433","is_ascension_mode":true,"campfire_choices":[{"data":"Poisoned Stab","floor":6,"key":"SMITH"}],"neow_cost":"NONE","seed_source_timestamp":91802623167201,"circlet_count":0,"master_deck":["Strike_G","Strike_G","Strike_G","Strike_G","Strike_G","Defend_G","Defend_G","Defend_G","Defend_G","Defend_G","Survivor","Neutralize","Poisoned Stab+1","Blur","Eviscerate","Slice","Grand Finale","Acrobatics","Sucker Punch","Footwork","Bane"],"relics":["Ring of the Snake","Ancient Tea Set","Shuriken","The Courier","Meat on the Bone","Blue Candle"],"potions_floor_usage":[10,14,14],"damage_taken":[{"damage":0,"enemies":"Cultist","floor":1,"turns":5},{"damage":2,"enemies":"Jaw Worm","floor":2,"turns":4},{"damage":2,"enemies":"Small Slimes","floor":3,"turns":7},{"damage":1,"enemies":"Looter","floor":4,"turns":5},{"damage":0,"enemies":"Gremlin Nob","floor":8,"turns":3},{"damage":28,"enemies":"3 Sentries","floor":10,"turns":13},{"damage":36,"enemies":"Gremlin Nob","floor":12,"turns":6},{"damage":25,"enemies":"Gremlin Gang","floor":14,"turns":3}],"seed_played":"-8636468966145185836","potions_obtained":[{"floor":0,"key":"Energy Potion"},{"floor":0,"key":"Energy Potion"},{"floor":0,"key":"SteroidPotion"},{"floor":8,"key":"Block Potion"},{"floor":10,"key":"Energy Potion"}],"is_trial":false,"path_per_floor":["M","M","M","M","$","R","T","E","T","E","$","E","$","M"],"character_chosen":"THE_SILENT","items_purchased":["Grand Finale","Footwork"],"campfire_rested":0,"item_purchase_floors":[5,11],"current_hp_per_floor":[70,68,66,65,65,65,65,65,65,37,37,13,13,0],"gold":62,"neow_bonus":"THREE_SMALL_POTIONS","is_prod":false,"is_daily":false,"chose_seed":false,"campfire_upgraded":1,"win_rate":0,"timestamp":1565831673,"path_taken":["M","?","M","M","$","R","?","E","T","E","$","E","$","M"],"build_version":"2019-07-17","purchased_purges":0,"victory":false,"max_hp_per_floor":[70,70,70,70,70,70,70,70,70,70,70,70,70,70],"card_choices":[{"not_picked":["Bane","Sucker Punch"],"picked":"Poisoned Stab","floor":1},{"not_picked":["Prepared","Eviscerate"],"picked":"Blur","floor":2},{"not_picked":["Concentrate","Venomology"],"picked":"Eviscerate","floor":3},{"not_picked":["Underhanded Strike","Prepared"],"picked":"Slice","floor":4},{"not_picked":["Terror","Cloak And Dagger"],"picked":"Acrobatics","floor":8},{"not_picked":["Riddle With Holes","Crippling Poison"],"picked":"Sucker Punch","floor":10},{"not_picked":["Underhanded Strike","Outmaneuver"],"picked":"Bane","floor":12}],"player_experience":297696,"relics_obtained":[{"floor":7,"key":"Ancient Tea Set"},{"floor":8,"key":"Shuriken"},{"floor":9,"key":"The Courier"},{"floor":10,"key":"Meat on the Bone"},{"floor":12,"key":"Blue Candle"}],"event_choices":[],"is_beta":false,"boss_relics":[],"items_purged_floors":[],"is_endless":false,"potions_floor_spawned":[2,8,10],"killed_by":"Gremlin Gang","ascension_level":2}