{"gold_per_floor":[110,285,301,301,320,320,339,339,339,339,350,370,380,394,394,496,496,512,525,543,49,49],"floor_reached":22,"playtime":2249,"items_purged":[],"score":182,"play_id":"99cf1df8-bdfc-41bf-ab75-da488edd8b08","local_time":"20190831224342","is_ascension_mode":false,"campfire_choices":[{"data":"Armaments","floor":6,"key":"SMITH"},{"data":"Intimidate","floor":8,"key":"SMITH"},{"data":"Clash","floor":10,"key":"SMITH"},{"data":"Iron Wave","floor":15,"key":"SMITH"}],"neow_cost":"NONE","seed_source_timestamp":325595900194600,"circlet_count":0,"master_deck":["Strike_R","Strike_R","Strike_R","Strike_R","Strike_R","Defend_R","Defend_R","Defend_R","Defend_R","Bash","Limit Break","Clash+1","Armaments+1","Perfected Strike","Intimidate+1","Inflame+1","Anger","Warcry","Iron Wave+1","Reaper","Cleave","Twin Strike","Perfected Strike"],"relics":["Burning Blood","Frozen Egg 2","Empty Cage","Ornamental Fan","Shuriken"],"potions_floor_usage":[20],"damage_taken":[{"damage":5,"enemies":"Cultist","floor":1,"turns":4},{"damage":8,"enemies":"Jaw Worm","floor":3,"turns":4},{"damage":4,"enemies":"Small Slimes","floor":5,"turns":3},{"damage":8,"enemies":"Exordium Thugs","floor":7,"turns":6},{"damage":42,"enemies":"Large Slime","floor":11,"turns":10},{"damage":2,"enemies":"Blue Slaver","floor":12,"turns":3},{"damage":9,"enemies":"Exordium Wildlife","floor":13,"turns":4},{"damage":0,"enemies":"3 Louse","floor":14,"turns":3},{"damage":29,"enemies":"Slime Boss","floor":16,"turns":10},{"damage":15,"enemies":"3 Byrds","floor":18,"turns":6},{"damage":26,"enemies":"Shell Parasite","floor":19,"turns":4},{"damage":59,"enemies":"Snecko","floor":20,"turns":7},{"damage":9,"enemies":"Centurion and Healer","floor":22,"turns":3}],"seed_played":"-1902996082540335906","potions_obtained":[{"floor":1,"key":"AttackPotion"},{"floor":11,"key":"Fire Potion"},{"floor":13,"key":"Ancient Potion"},{"floor":19,"key":"Swift Potion"},{"floor":20,"key":"EntropicBrew"}],"is_trial":false,"path_per_floor":["M","?","M","?","M","R","M","R","T","R","M","M","M","M","R","B",null,"M","M","M","$","M"],"character_chosen":"IRONCLAD","items_purchased":["Ornamental Fan","Shuriken"],"campfire_rested":0,"item_purchase_floors":[21,21],"current_hp_per_floor":[80,80,78,78,80,80,78,78,78,78,42,46,43,49,49,26,80,74,54,8,8,0],"gold":49,"neow_bonus":"ONE_RANDOM_RARE_CARD","is_prod":false,"is_daily":false,"chose_seed":false,"campfire_upgraded":4,"win_rate":0.0,"timestamp":1567305822,"path_taken":["M","?","M","?","M","R","M","R","T","R","M","M","M","M","R","BOSS","M","M","M","$","M"],"build_version":"2019-07-17","purchased_purges":0,"victory":false,"max_hp_per_floor":[80,80,80,80,80,80,80,80,80,80,80,80,80,80,80,80,80,80,80,80,80,80],"card_choices":[{"not_picked":["Intimidate","Rupture"],"picked":"Clash","floor":1},{"not_picked":["Body Slam","Rupture"],"picked":"Armaments","floor":3},{"not_picked":["Clothesline","Pommel Strike"],"picked":"Perfected Strike","floor":5},{"not_picked":["Body Slam","Clothesline"],"picked":"Intimidate","floor":7},{"not_picked":["Hemokinesis","Heavy Blade"],"picked":"Inflame+1","floor":11},{"not_picked":["Body Slam","True Grit"],"picked":"Anger","floor":12},{"not_picked":["True Grit","Bloodletting"],"picked":"Warcry","floor":13},{"not_picked":["Armaments","Sword Boomerang"],"picked":"Iron Wave","floor":14},{"not_picked":["Berserk+1","Brutality+1"],"picked":"Reaper","floor":16},{"not_picked":["Pummel","Sword Boomerang+1"],"picked":"Cleave","floor":18},{"not_picked":["Thunderclap","Shrug It Off"],"picked":"Twin Strike","floor":19},{"not_picked":["Pommel Strike","Burning Pact"],"picked":"Perfected Strike","floor":20}],"player_experience":5916,"relics_obtained":[{"floor":9,"key":"Frozen Egg 2"}],"event_choices":[{"damage_healed":0,"gold_gain":175,"player_choice":"AGREE","damage_taken":0,"max_hp_gain":0,"max_hp_loss":0,"event_name":"Liars Game","floor":2,"gold_loss":0,"cards_obtained":["Doubt"]},{"damage_healed":0,"gold_gain":0,"player_choice":"Cursed","damage_taken":0,"max_hp_gain":0,"max_hp_loss":0,"event_name":"Wheel of Change","floor":4,"gold_loss":0,"cards_obtained":["Decay"]}],"is_beta":false,"boss_relics":[{"not_picked":["Coffee Dripper","Velvet Choker"],"picked":"Empty Cage"}],"items_purged_floors":[],"is_endless":false,"potions_floor_spawned":[1,11,13,19,20],"killed_by":"Centurion and Healer","ascension_level":0}