{"gold_per_floor":[14,31,31,47,57,90,103,103,103,103,136,13,32,64,64,159,159,146,197,215,229,229,255,255,280,307,236,256,90,0,0,0,103,103,119,119,169,169,169,169,47,64,64,64,76,86,86,6,6,6],"floor_reached":51,"playtime":3770,"items_purged":["Prepared"],"score":882,"play_id":"df421f65-8b8f-49a0-ae09-d194f7d5ed6d","local_time":"20190902045757","is_ascension_mode":true,"campfire_choices":[{"floor":8,"key":"REST"},{"data":"Footwork","floor":10,"key":"SMITH"},{"floor":15,"key":"REST"},{"floor":24,"key":"REST"},{"data":"Noxious Fumes","floor":32,"key":"SMITH"},{"floor":40,"key":"REST"},{"floor":44,"key":"REST"},{"floor":49,"key":"REST"}],"neow_cost":"NO_GOLD","seed_source_timestamp":0,"circlet_count":0,"master_deck":["Strike_G","Strike_G","Strike_G+1","Strike_G","Defend_G","Defend_G","Survivor","Neutralize+1","Footwork+1","Heel Hook+1","Leg Sweep","Deflect","Backflip","Well Laid Plans","Slice","Envenom","Dodge and Roll+1","Underhanded Strike","Backflip","Masterful Stab+1","Infinite Blades","Noxious Fumes+1","Flash of Steel","Corpse Explosion","Acrobatics","Quick Slash","Quick Slash","Blur"],"special_seed":0,"relics":["Ring of the Snake","Happy Flower","Ninja Scroll","Vajra","Shuriken","Philosopher\u0027s Stone","Snake Skull","Sundial","Omamori","Smiling Mask","Whetstone","HoveringKite","Incense Burner","Letter Opener"],"potions_floor_usage":[6,14,25,33,35,35,45],"damage_taken":[{"damage":2.0,"enemies":"2 Louse","floor":1.0,"turns":4.0},{"damage":2.0,"enemies":"Cultist","floor":2.0,"turns":5.0},{"damage":0,"enemies":"Jaw Worm","floor":4,"turns":5},{"damage":6,"enemies":"Blue Slaver","floor":5,"turns":5},{"damage":24,"enemies":"Lagavulin","floor":6,"turns":18},{"damage":0,"enemies":"2 Fungi Beasts","floor":7,"turns":3},{"damage":22,"enemies":"Gremlin Nob","floor":11,"turns":5},{"damage":3,"enemies":"Large Slime","floor":13,"turns":8},{"damage":8,"enemies":"3 Sentries","floor":14,"turns":10},{"damage":5,"enemies":"Hexaghost","floor":16,"turns":11},{"damage":2,"enemies":"2 Thieves","floor":18,"turns":4},{"damage":3,"enemies":"Shell Parasite","floor":20,"turns":5},{"damage":5,"enemies":"Snecko","floor":21,"turns":7},{"damage":13,"enemies":"Slavers","floor":23,"turns":6},{"damage":7,"enemies":"Gremlin Leader","floor":25,"turns":6},{"damage":7,"enemies":"Snake Plant","floor":28,"turns":4},{"damage":20,"enemies":"Champ","floor":33,"turns":7},{"damage":18,"enemies":"3 Darklings","floor":35,"turns":4},{"damage":60,"enemies":"2 Orb Walkers","floor":37,"turns":4},{"damage":0,"enemies":"3 Shapes","floor":42,"turns":2},{"damage":14,"enemies":"Sphere and 2 Shapes","floor":45,"turns":3},{"damage":0,"enemies":"Transient","floor":46,"turns":5},{"damage":51,"enemies":"Awakened One","floor":50,"turns":14}],"seed_played":"-5202821990340575403","potions_obtained":[{"floor":2,"key":"Swift Potion"},{"floor":6,"key":"Explosive Potion"},{"floor":7,"key":"PowerPotion"},{"floor":11,"key":"SpeedPotion"},{"floor":21,"key":"SkillPotion"},{"floor":28,"key":"Fire Potion"},{"floor":35,"key":"FairyPotion"},{"floor":42,"key":"SneckoOil"}],"is_trial":false,"path_per_floor":["M","M","?","M","M","E","M","R","T","R","E","$","M","E","R","B",null,"M","T","M","M","?","E","R","E","T","$","M","$","?","T","R","B",null,"M","?","?","$","?","R","$","M","T","R","M","M","?","$","R","B",null],"character_chosen":"THE_SILENT","items_purchased":["Backflip","Well Laid Plans","Infinite Blades","Noxious Fumes","Flash of Steel","Acrobatics","Quick Slash","Blur"],"campfire_rested":6,"item_purchase_floors":[12,12,27,29,29,41,41,48],"current_hp_per_floor":[61,59,59,59,53,29,29,50,50,50,28,28,25,17,38,33,61,59,59,56,51,51,38,59,52,52,52,45,45,45,45,45,25,59,41,41,7,7,7,28,28,28,28,49,35,35,53,53,70,19],"gold":6,"neow_bonus":"REMOVE_TWO","is_prod":false,"is_daily":false,"chose_seed":false,"campfire_upgraded":2,"win_rate":0,"timestamp":1567414677,"path_taken":["M","M","?","M","M","E","M","R","T","R","E","$","M","E","R","BOSS","M","?","?","M","?","E","R","E","T","$","M","$","?","?","R","BOSS","M","?","?","$","?","R","$","M","T","R","M","?","?","?","R","BOSS"],"build_version":"2019-07-17","purchased_purges":1,"victory":true,"max_hp_per_floor":[70,70,70,70,70,70,70,70,70,70,70,70,70,70,70,70,70,70,70,70,70,70,70,70,70,70,70,70,70,70,70,70,70,70,70,70,70,70,70,70,70,70,70,70,70,70,70,70,70,70],"card_choices":[{"not_picked":["Blade Dance","Crippling Poison","Sucker Punch"],"picked":"SKIP","floor":1.0},{"not_picked":["Backflip","Setup"],"picked":"Footwork","floor":2},{"not_picked":["Dagger Throw","Crippling Poison"],"picked":"Heel Hook","floor":4},{"not_picked":["PiercingWail","Underhanded Strike","Dagger Spray"],"picked":"SKIP","floor":5},{"not_picked":["Sucker Punch","Well Laid Plans"],"picked":"Leg Sweep","floor":6},{"not_picked":["Quick Slash","Storm of Steel"],"picked":"Deflect","floor":7},{"not_picked":["Choke","Caltrops","All Out Attack"],"picked":"SKIP","floor":11},{"not_picked":["Quick Slash","Blade Dance","Masterful Stab"],"picked":"SKIP","floor":13},{"not_picked":["Doppelganger","PiercingWail"],"picked":"Slice","floor":14},{"not_picked":["Die Die Die","Malaise"],"picked":"Envenom","floor":16},{"not_picked":["Bouncing Flask","Leg Sweep"],"picked":"Dodge and Roll+1","floor":18},{"not_picked":["Leg Sweep","Deflect","Reflex"],"picked":"SKIP","floor":20},{"not_picked":["Outmaneuver","All Out Attack","PiercingWail+1"],"picked":"SKIP","floor":21},{"not_picked":["Concentrate","All Out Attack"],"picked":"Backflip","floor":23},{"not_picked":["Well Laid Plans","Distraction"],"picked":"Masterful Stab+1","floor":25},{"not_picked":["All Out Attack","Outmaneuver","Envenom"],"picked":"SKIP","floor":28},{"not_picked":["Venomology","Doppelganger"],"picked":"Corpse Explosion","floor":33},{"not_picked":["Leg Sweep+1","Deflect+1","Dagger Spray"],"picked":"SKIP","floor":35},{"not_picked":["Bane+1","Leg Sweep","Dagger Throw"],"picked":"SKIP","floor":42},{"not_picked":["Dodge and Roll","Dagger Throw+1"],"picked":"Quick Slash","floor":45},{"not_picked":["Caltrops+1","Prepared+1","Dagger Throw+1"],"picked":"SKIP","floor":46}],"player_experience":196249,"relics_obtained":[{"floor":6,"key":"Happy Flower"},{"floor":9,"key":"Ninja Scroll"},{"floor":11,"key":"Vajra"},{"floor":14,"key":"Shuriken"},{"floor":19,"key":"Snake Skull"},{"floor":23,"key":"Sundial"},{"floor":25,"key":"Omamori"},{"floor":26,"key":"Smiling Mask"},{"floor":31,"key":"Whetstone"},{"floor":37,"key":"Incense Burner"},{"floor":43,"key":"Letter Opener"}],"event_choices":[{"damage_healed":0,"gold_gain":0,"player_choice":"Forge","damage_taken":0,"max_hp_gain":0,"max_hp_loss":0,"event_name":"Accursed Blacksmith","floor":3,"gold_loss":0,"cards_upgraded":["Neutralize"]},{"damage_healed":0,"gold_gain":0,"cards_transformed":["Defend_G","Defend_G"],"player_choice":"Became Test Subject","damage_taken":0,"max_hp_gain":0,"max_hp_loss":0,"event_name":"Drug Dealer","floor":22,"gold_loss":0,"cards_obtained":["Prepared","Underhanded Strike"]},{"damage_healed":0,"gold_gain":0,"player_choice":"Paid Fearfully","damage_taken":0,"max_hp_gain":0,"max_hp_loss":0,"event_name":"Masked Bandits","floor":30,"gold_loss":90},{"damage_healed":0,"gold_gain":0,"player_choice":"Ignored","damage_taken":0,"max_hp_gain":0,"max_hp_loss":0,"event_name":"Tomb of Lord Red Mask","floor":36,"gold_loss":0},{"damage_healed":0,"gold_gain":0,"player_choice":"Fight","damage_taken":0,"max_hp_gain":0,"max_hp_loss":0,"event_name":"Mysterious Sphere","floor":37,"gold_loss":0},{"damage_healed":0,"gold_gain":0,"player_choice":"Ignored","damage_taken":0,"max_hp_gain":0,"max_hp_loss":0,"event_name":"SecretPortal","floor":39,"gold_loss":0},{"damage_healed":18,"gold_gain":0,"player_choice":"Writhe","damage_taken":0,"max_hp_gain":0,"max_hp_loss":0,"event_name":"Winding Halls","floor":47,"gold_loss":0,"cards_obtained":["Writhe"]}],"is_beta":false,"boss_relics":[{"not_picked":["White Beast Statue","Pandora\u0027s Box"],"picked":"Philosopher\u0027s Stone"},{"not_picked":["Lizard Tail","Velvet Choker"],"picked":"HoveringKite"}],"items_purged_floors":[41],"is_endless":false,"potions_floor_spawned":[2,6,7,11,21,28,35,42],"ascension_level":7}