{"gold_per_floor":[112,131,147,159,171,171,126,155,155,155,171,346,346,346,346,450,450,470,481,396,410,83,83,158,158,158,171,198,212,212,212,212,309,309,320,336,45,99,112,112,112,112,184,219,219,231,231],"floor_reached":47,"playtime":6355,"items_purged":["Doubt"],"score":524,"play_id":"767c74ba-47de-40a9-a6a9-e8c8513d3027","local_time":"20190901142548","is_ascension_mode":true,"campfire_choices":[{"data":"Disarm","floor":6,"key":"SMITH"},{"data":"Ghostly Armor","floor":10,"key":"SMITH"},{"data":"Fire Breathing","floor":13,"key":"SMITH"},{"data":"Pommel Strike","floor":15,"key":"SMITH"},{"data":"Double Tap","floor":23,"key":"SMITH"},{"data":"Bash","floor":25,"key":"SMITH"},{"data":"Rampage","floor":30,"key":"SMITH"},{"data":"Reaper","floor":32,"key":"SMITH"},{"floor":40,"key":"REST"},{"data":"Magnetism","floor":42,"key":"SMITH"},{"floor":45,"key":"REST"}],"neow_cost":"NONE","seed_source_timestamp":377952210315500,"circlet_count":0,"master_deck":["Strike_R","Strike_R","Strike_R","Strike_R","Defend_R+1","Defend_R","Bash+1","Disarm+1","Ghostly Armor+1","Pommel Strike","Armaments","Fire Breathing+1","Shrug It Off+1","Uppercut+1","Pommel Strike+1","Double Tap+1","Rampage+1","Headbutt","Reaper+1","Sentinel+1","Feed","Pummel+1","Barricade+1","Feel No Pain+1","True Grit","Metallicize","Pommel Strike+1","Magnetism+1","Cleave+1"],"special_seed":0,"relics":["Burning Blood","Ornamental Fan","Gremlin Horn","Sozu","Kunai","Shuriken","Pear","Pantograph","Sundial","Pen Nib","Astrolabe","War Paint","Bag of Marbles","Peace Pipe","Toxic Egg 2","Ancient Tea Set"],"potions_floor_usage":[8,8,8,16],"damage_taken":[{"damage":0.0,"enemies":"2 Louse","floor":1.0,"turns":3.0},{"damage":7.0,"enemies":"Jaw Worm","floor":2.0,"turns":4.0},{"damage":2,"enemies":"Cultist","floor":3,"turns":5},{"damage":7,"enemies":"Exordium Thugs","floor":4,"turns":7},{"damage":2,"enemies":"Red Slaver","floor":5,"turns":4},{"damage":4,"enemies":"Looter","floor":7,"turns":5},{"damage":43,"enemies":"Gremlin Nob","floor":8,"turns":7},{"damage":2,"enemies":"Large Slime","floor":11,"turns":8},{"damage":44,"enemies":"Slime Boss","floor":16,"turns":16},{"damage":0,"enemies":"Chosen","floor":18,"turns":4},{"damage":19,"enemies":"Spheric Guardian","floor":19,"turns":6},{"damage":5,"enemies":"Shelled Parasite and Fungi","floor":21,"turns":7},{"damage":0,"enemies":"3 Cultists","floor":27,"turns":4},{"damage":23,"enemies":"Book of Stabbing","floor":28,"turns":8},{"damage":19,"enemies":"Cultist and Chosen","floor":29,"turns":7},{"damage":35,"enemies":"Collector","floor":33,"turns":9},{"damage":7,"enemies":"Orb Walker","floor":35,"turns":5},{"damage":15,"enemies":"3 Shapes","floor":36,"turns":7},{"damage":63,"enemies":"2 Orb Walkers","floor":38,"turns":7},{"damage":27,"enemies":"Transient","floor":39,"turns":5},{"damage":42,"enemies":"Nemesis","floor":44,"turns":9},{"damage":5,"enemies":"Sphere and 2 Shapes","floor":46,"turns":6},{"damage":66,"enemies":"Reptomancer","floor":47,"turns":4}],"seed_played":"-304902815495296710","potions_obtained":[{"floor":1.0,"key":"SteroidPotion"},{"floor":2,"key":"SkillPotion"},{"floor":4,"key":"SkillPotion"},{"floor":8,"key":"Weak Potion"},{"floor":16,"key":"SpeedPotion"}],"is_trial":false,"path_per_floor":["M","M","M","M","M","R","M","E","T","R","M","?","R","?","R","B",null,"M","M","?","M","$","R","T","R","T","M","E","M","R","?","R","B",null,"M","M","$","?","M","R","?","R","T","E","R","M","E"],"character_chosen":"IRONCLAD","items_purchased":["Shuriken","War Paint","Bag of Marbles"],"campfire_rested":2,"item_purchase_floors":[22,37,37],"current_hp_per_floor":[88,87,88,87,88,88,88,51,51,51,55,55,55,55,55,17,88,88,75,75,76,76,76,86,86,86,92,75,67,67,67,67,75,98,98,98,98,48,27,56,56,56,56,24,54,55,0],"gold":231,"neow_bonus":"TEN_PERCENT_HP_BONUS","is_prod":false,"is_daily":false,"chose_seed":false,"campfire_upgraded":9,"win_rate":0,"timestamp":1567362348,"path_taken":["M","M","M","M","M","R","M","E","T","R","M","?","R","?","R","BOSS","M","M","?","M","$","R","?","R","T","?","E","M","R","?","R","BOSS","M","M","$","?","M","R","?","R","T","E","R","M","E"],"build_version":"2019-07-17","purchased_purges":1,"victory":false,"max_hp_per_floor":[88,88,88,88,88,88,88,88,88,88,88,88,88,88,88,88,88,88,88,88,88,88,88,98,98,98,98,98,98,98,98,98,98,98,98,98,98,98,98,98,98,98,98,101,101,101,101],"card_choices":[{"not_picked":["Burning Pact","Rage"],"picked":"Disarm","floor":1.0},{"not_picked":["Clash","Uppercut"],"picked":"Ghostly Armor","floor":2},{"not_picked":["Entrench","Seeing Red"],"picked":"Pommel Strike","floor":3},{"not_picked":["Body Slam","Clothesline"],"picked":"Armaments","floor":4},{"not_picked":["Ghostly Armor","Iron Wave"],"picked":"Fire Breathing","floor":5},{"not_picked":["Thunderclap","Spot Weakness"],"picked":"Shrug It Off","floor":7},{"not_picked":["Bloodletting","Demon Form"],"picked":"Uppercut","floor":8},{"not_picked":["Flex","Anger"],"picked":"Pommel Strike","floor":11},{"not_picked":["Barricade","Berserk"],"picked":"Double Tap","floor":16},{"not_picked":["True Grit+1","Clash","Ghostly Armor+1"],"picked":"SKIP","floor":18},{"not_picked":["Headbutt","Havoc+1"],"picked":"Rampage","floor":19},{"not_picked":["Brutality","Uppercut+1","Perfected Strike"],"picked":"SKIP","floor":21},{"not_picked":["Body Slam","Feel No Pain"],"picked":"Headbutt","floor":27},{"not_picked":["Body Slam","Sword Boomerang"],"picked":"Reaper","floor":28},{"not_picked":["True Grit+1","Clothesline"],"picked":"Sentinel+1","floor":29},{"not_picked":["Exhume","Demon Form"],"picked":"Feed","floor":33},{"not_picked":["Evolve+1","Havoc","Wild Strike"],"picked":"SKIP","floor":35},{"not_picked":["Iron Wave","Sword Boomerang+1"],"picked":"True Grit","floor":36},{"not_picked":["Infernal Blade+1","Disarm"],"picked":"Metallicize","floor":38},{"not_picked":["Dual Wield","Wild Strike+1"],"picked":"Pommel Strike+1","floor":39},{"not_picked":["Enlightenment","Master of Strategy"],"picked":"Magnetism","floor":41},{"not_picked":["Fire Breathing+1","Sentinel+1"],"picked":"Cleave+1","floor":44},{"not_picked":["Entrench+1","Armaments+1","Wild Strike+1"],"picked":"SKIP","floor":46}],"player_experience":57526,"relics_obtained":[{"floor":8,"key":"Ornamental Fan"},{"floor":9,"key":"Gremlin Horn"},{"floor":24,"key":"Pear"},{"floor":26,"key":"Pantograph"},{"floor":28,"key":"Sundial"},{"floor":38,"key":"Peace Pipe"},{"floor":43,"key":"Toxic Egg 2"},{"floor":44,"key":"Ancient Tea Set"}],"event_choices":[{"damage_healed":0,"gold_gain":175,"player_choice":"AGREE","damage_taken":0,"max_hp_gain":0,"max_hp_loss":0,"event_name":"Liars Game","floor":12,"gold_loss":0,"cards_obtained":["Doubt"]},{"damage_healed":0,"gold_gain":0,"player_choice":"Upgraded","damage_taken":0,"max_hp_gain":0,"max_hp_loss":0,"event_name":"Upgrade Shrine","floor":14,"gold_loss":0,"cards_upgraded":["Uppercut"]},{"damage_healed":0,"gold_gain":0,"player_choice":"Obtained Relic","damage_taken":0,"relics_obtained":["Kunai"],"max_hp_gain":0,"max_hp_loss":0,"event_name":"Addict","floor":20,"gold_loss":85},{"damage_healed":0,"gold_gain":0,"player_choice":"Opened","damage_taken":0,"relics_obtained":["Pen Nib"],"max_hp_gain":0,"max_hp_loss":0,"event_name":"The Mausoleum","floor":31,"gold_loss":0},{"damage_healed":0,"gold_gain":0,"player_choice":"Fight","damage_taken":0,"max_hp_gain":0,"max_hp_loss":0,"event_name":"Mysterious Sphere","floor":38,"gold_loss":0},{"damage_healed":0,"gold_gain":0,"player_choice":"Memory 1","damage_taken":0,"max_hp_gain":0,"max_hp_loss":0,"event_name":"SensoryStone","floor":41,"gold_loss":0}],"is_beta":false,"boss_relics":[{"not_picked":["Snecko Eye","Empty Cage"],"picked":"Sozu"},{"not_picked":["Philosopher\u0027s Stone","Black Blood"],"picked":"Astrolabe"}],"items_purged_floors":[22],"is_endless":false,"potions_floor_spawned":[1,2,4,8,16,19,27,29,36,39,44],"killed_by":"Reptomancer","ascension_level":1}