{"gold_per_floor":[112,129,23,98,114,114,126,157,183,183,208,208,243,84,84,179,179,192,192,205,51,51,51,51,51,51,64,87,108,124,82,82,175,238,256,256,256,256,306,376,35,35,35,98,116,135,135,171,171,171],"floor_reached":50,"playtime":1577,"items_purged":["Strike_B","Strike_B","Defend_B"],"score":1087,"play_id":"631f57ae-e0de-45df-a1e0-7dff0a289630","local_time":"20190815134639","is_ascension_mode":true,"campfire_choices":[{"data":"Sunder","floor":6.0,"key":"SMITH"},{"data":"Beam Cell","floor":12.0,"key":"SMITH"},{"data":"Dualcast","floor":15.0,"key":"SMITH"},{"data":"Defragment","floor":23.0,"key":"SMITH"},{"data":"Coolheaded","floor":25.0,"key":"SMITH"},{"data":"Turbo","floor":32.0,"key":"SMITH"},{"data":"Amplify","floor":42,"key":"SMITH"},{"data":"Panacea","floor":47,"key":"SMITH"},{"floor":49,"key":"RECALL"}],"neow_cost":"NONE","seed_source_timestamp":1541534663559296,"circlet_count":0,"master_deck":["AscendersBane","Defend_B+1","Defend_B","Defend_B+1","Zap","Dualcast+1","Sunder+1","Beam Cell+1","Heatsinks+1","Ball Lightning","Compile Driver+1","Compile Driver","Leap","Undo","Biased Cognition","Turbo+1","Defragment+1","White Noise","Coolheaded+1","Ghostly","Ghostly","Ghostly","Seek","Hologram","Hologram","Reinforced Body","Storm","Amplify+1","Glacier","Turbo+1","Purity","Secret Technique","Panacea+1","Conserve Battery+1","Fission"],"special_seed":0,"relics":["Coffee Dripper","Ancient Tea Set","War Paint","Golden Idol","Juzu Bracelet","Art of War","Runic Pyramid","Happy Flower","Tiny House","Tiny Chest","Membership Card","Calipers","Oddly Smooth Stone"],"potions_floor_usage":[44],"damage_taken":[{"damage":0.0,"enemies":"Small Slimes","floor":1.0,"turns":3.0},{"damage":2.0,"enemies":"Jaw Worm","floor":2.0,"turns":4.0},{"damage":0.0,"enemies":"Cultist","floor":5.0,"turns":2.0},{"damage":12.0,"enemies":"Exordium Wildlife","floor":7.0,"turns":2.0},{"damage":6.0,"enemies":"Gremlin Nob","floor":8.0,"turns":3.0},{"damage":19.0,"enemies":"Lagavulin","floor":13.0,"turns":4.0},{"damage":7.0,"enemies":"The Guardian","floor":16.0,"turns":8.0},{"damage":16.0,"enemies":"Shell Parasite","floor":18.0,"turns":5.0},{"damage":11.0,"enemies":"Spheric Guardian","floor":20.0,"turns":4.0},{"damage":2.0,"enemies":"Centurion and Healer","floor":27.0,"turns":4.0},{"damage":0.0,"enemies":"Snake Plant","floor":28.0,"turns":4.0},{"damage":1.0,"enemies":"Snecko","floor":29.0,"turns":4.0},{"damage":0.0,"enemies":"Centurion and Healer","floor":30.0,"turns":4.0},{"damage":10.0,"enemies":"Champ","floor":33.0,"turns":9.0},{"damage":6.0,"enemies":"3 Darklings","floor":35.0,"turns":4.0},{"damage":7.0,"enemies":"Giant Head","floor":40.0,"turns":9.0},{"damage":0,"enemies":"2 Orb Walkers","floor":44,"turns":6},{"damage":1,"enemies":"Orb Walker","floor":45,"turns":3},{"damage":0,"enemies":"Sphere and 2 Shapes","floor":46,"turns":6},{"damage":0,"enemies":"Nemesis","floor":48,"turns":5},{"damage":16,"enemies":"Time Eater","floor":50,"turns":1}],"seed_played":"3447550338895781178","potions_obtained":[{"floor":1.0,"key":"SteroidPotion"},{"floor":5.0,"key":"Swift Potion"},{"floor":8.0,"key":"GamblersBrew"},{"floor":27.0,"key":"Fruit Juice"},{"floor":28.0,"key":"SkillPotion"},{"floor":29.0,"key":"GamblersBrew"},{"floor":34.0,"key":"FocusPotion"},{"floor":46,"key":"FocusPotion"},{"floor":48,"key":"SteroidPotion"}],"is_trial":false,"path_per_floor":["M","M","$","?","M","R","M","E","T","?","T","R","E","$","R","B",null,"M","?","M","$","?","R","?","R","T","M","M","M","M","$","R","B",null,"M","?","?","?","?","E","$","R","T","?","M","M","R","E","R","B"],"character_chosen":"DEFECT","items_purchased":["Heatsinks","Ball Lightning","Undo","Coolheaded","Storm","Membership Card","Panacea"],"campfire_rested":0,"item_purchase_floors":[3,3,14,21,31,41,41],"current_hp_per_floor":[64,62,62,51,51,51,39,33,33,33,33,33,14,14,14,7,50,34,34,23,23,23,23,23,23,23,21,21,25,25,25,25,15,37,31,21,21,21,21,14,14,14,14,14,13,13,13,13,13,0],"gold":171,"neow_bonus":"BOSS_RELIC","is_prod":false,"is_daily":false,"chose_seed":false,"campfire_upgraded":8,"win_rate":0,"timestamp":1565847999,"path_taken":["M","M","$","?","M","R","M","E","T","?","?","R","E","?","R","BOSS","M","?","M","$","?","R","?","R","T","M","M","M","M","$","R","BOSS","M","?","?","?","?","E","$","R","T","?","M","M","R","E","R","BOSS"],"build_version":"2019-07-17","purchased_purges":3,"victory":false,"max_hp_per_floor":[71,71,71,71,71,71,71,71,71,64,64,64,64,64,64,64,64,64,64,64,64,32,32,32,32,32,32,32,37,37,37,37,37,42,42,42,42,42,42,42,42,42,42,42,42,42,42,42,42,42],"card_choices":[{"not_picked":["FTL","Barrage"],"picked":"Sunder","floor":1.0},{"not_picked":["Auto Shields","Rip and Tear"],"picked":"Beam Cell","floor":2.0},{"not_picked":["Steam Power","Steam","Leap"],"picked":"SKIP","floor":5.0},{"not_picked":["Stack","Gash"],"picked":"Compile Driver","floor":7.0},{"not_picked":["Sweeping Beam","Beam Cell"],"picked":"Compile Driver","floor":8.0},{"not_picked":["Storm","Go for the Eyes"],"picked":"Leap","floor":13.0},{"not_picked":["Rainbow","Electrodynamics"],"picked":"Biased Cognition","floor":16.0},{"not_picked":["Tempest","Double Energy"],"picked":"Turbo","floor":18.0},{"not_picked":["Hologram","Turbo"],"picked":"White Noise","floor":20.0},{"not_picked":["Darkness","Hello World+1"],"picked":"Hologram","floor":27.0},{"not_picked":["Darkness","Chill"],"picked":"Hologram","floor":28.0},{"not_picked":["Conserve Battery","Auto Shields","Chill"],"picked":"SKIP","floor":29.0},{"not_picked":["Steam Power","Cold Snap"],"picked":"Reinforced Body","floor":30.0},{"not_picked":["Seek","Biased Cognition"],"picked":"Amplify","floor":33.0},{"not_picked":["Gash","Go for the Eyes"],"picked":"Glacier","floor":34.0},{"not_picked":["Aggregate","Chill"],"picked":"Turbo+1","floor":35.0},{"not_picked":["Good Instincts","Swift Strike"],"picked":"Purity","floor":36.0},{"not_picked":["Discovery","Bandage Up"],"picked":"Secret Technique","floor":36.0},{"not_picked":["Reinforced Body","Static Discharge","Ball Lightning+1"],"picked":"SKIP","floor":40.0},{"not_picked":["Chaos","Gash"],"picked":"Conserve Battery+1","floor":44},{"not_picked":["Rebound+1","Turbo","Coolheaded"],"picked":"SKIP","floor":45},{"not_picked":["Streamline","Leap+1","Turbo"],"picked":"SKIP","floor":46},{"not_picked":["Compile Driver+1","Fusion"],"picked":"Fission","floor":48}],"player_experience":2165851,"relics_obtained":[{"floor":8.0,"key":"Ancient Tea Set"},{"floor":9.0,"key":"War Paint"},{"floor":11.0,"key":"Juzu Bracelet"},{"floor":13.0,"key":"Art of War"},{"floor":26.0,"key":"Happy Flower"},{"floor":40.0,"key":"Tiny Chest"},{"floor":44,"key":"Calipers"},{"floor":48,"key":"Oddly Smooth Stone"}],"event_choices":[{"damage_healed":0.0,"max_hp_gain":0.0,"max_hp_loss":0.0,"gold_gain":75.0,"event_name":"World of Goop","player_choice":"Gather Gold","floor":4.0,"gold_loss":0.0,"damage_taken":11.0},{"damage_healed":0.0,"max_hp_gain":0.0,"max_hp_loss":7.0,"gold_gain":0.0,"event_name":"Golden Idol","player_choice":"Lose Max HP","floor":10.0,"gold_loss":0.0,"damage_taken":0.0,"relics_obtained":["Golden Idol"]},{"damage_healed":0.0,"max_hp_gain":0.0,"max_hp_loss":0.0,"gold_gain":0.0,"event_name":"The Library","player_choice":"Read","floor":19.0,"gold_loss":0.0,"damage_taken":0.0,"cards_obtained":["Defragment"]},{"damage_healed":0.0,"max_hp_gain":0.0,"max_hp_loss":32.0,"gold_gain":0.0,"event_name":"Ghosts","player_choice":"Became a Ghost","floor":22.0,"gold_loss":0.0,"damage_taken":0.0,"cards_obtained":["Ghostly","Ghostly","Ghostly"]},{"damage_healed":0.0,"max_hp_gain":0.0,"max_hp_loss":0.0,"gold_gain":0.0,"cards_transformed":["Strike_B","Strike_B"],"event_name":"Drug Dealer","player_choice":"Became Test Subject","floor":24.0,"gold_loss":0.0,"damage_taken":0.0,"cards_obtained":["Machine Learning","Seek"]},{"damage_healed":0.0,"max_hp_gain":0.0,"max_hp_loss":0.0,"gold_gain":0.0,"event_name":"SensoryStone","player_choice":"Memory 3","floor":36.0,"gold_loss":0.0,"damage_taken":10.0},{"damage_healed":0.0,"max_hp_gain":0.0,"max_hp_loss":0.0,"gold_gain":0.0,"event_name":"Upgrade Shrine","player_choice":"Upgraded","floor":37.0,"gold_loss":0.0,"damage_taken":0.0,"cards_upgraded":["Heatsinks"]},{"cards_removed":["Machine Learning"],"damage_healed":0.0,"max_hp_gain":0.0,"max_hp_loss":0.0,"gold_gain":0.0,"event_name":"Falling","player_choice":"Removed Power","floor":38.0,"gold_loss":0.0,"damage_taken":0.0},{"damage_healed":0.0,"max_hp_gain":0.0,"max_hp_loss":0.0,"gold_gain":50.0,"event_name":"Golden Shrine","player_choice":"Pray","floor":39.0,"gold_loss":0.0,"damage_taken":0.0},{"damage_healed":0,"gold_gain":0,"player_choice":"Fight","damage_taken":0,"max_hp_gain":0,"max_hp_loss":0,"event_name":"Mysterious Sphere","floor":44,"gold_loss":0}],"is_beta":false,"boss_relics":[{"not_picked":["Ectoplasm","Empty Cage"],"picked":"Runic Pyramid"},{"not_picked":["Busted Crown","Velvet Choker"],"picked":"Tiny House"}],"items_purged_floors":[14,21,41],"is_endless":false,"potions_floor_spawned":[1,5,8,27,28,29,30,35,46,48],"killed_by":"Time Eater","ascension_level":20}