{"gold_per_floor":[119,119,194,194,194,221,221,221,221,52,69,69,69,103,103,199,199,215,415,430,440,460,460,105,30,30,56,56,56,83,99,99,202,252,265,10,23,37,37,37,84,97,97,97,115,115,415,432,432,432],"floor_reached":50,"playtime":3733,"items_purged":[],"score":566,"play_id":"b33b5731-78b9-4247-a4dc-cc30ce3fae01","local_time":"20190701010306","is_ascension_mode":false,"campfire_choices":[{"floor":8,"key":"REST"},{"data":"Cleave","floor":13,"key":"SMITH"},{"floor":15,"key":"REST"},{"floor":23,"key":"REST"},{"floor":28,"key":"REST"},{"data":"Twin Strike","floor":32,"key":"SMITH"},{"floor":40,"key":"REST"},{"floor":44,"key":"REST"},{"floor":49,"key":"REST"}],"neow_cost":"NONE","seed_source_timestamp":1095856558455832,"circlet_count":0,"master_deck":["Strike_R+1","Strike_R+1","Strike_R+1","Strike_R+1","Defend_R+1","Defend_R+1","Defend_R+1","Defend_R+1","Bash","Pommel Strike+1","Anger+1","Metamorphosis+1","Cleave+1","Flex+1","Barricade","Spot Weakness+1","Sword Boomerang+1","Clash","Twin Strike+1","Entrench+1","Flex+1","Pommel Strike","Clash+1","Anger+1","Anger+1","Madness+1","Madness+1","Searing Blow+1","Wild Strike+1"],"relics":["Burning Blood","NeowsBlessing","Self Forming Clay","Kunai","Toxic Egg 2","Sundial","Calipers","Sozu","Anchor","MealTicket","Paper Frog","Whetstone","Lantern","Tiny House","Shuriken","Mango","Pantograph"],"potions_floor_usage":[14],"damage_taken":[{"damage":0,"enemies":"Jaw Worm","floor":1,"turns":1},{"damage":0,"enemies":"Lagavulin","floor":6,"turns":1},{"damage":0,"enemies":"2 Louse","floor":11,"turns":1},{"damage":18,"enemies":"3 Sentries","floor":14,"turns":4},{"damage":50,"enemies":"The Guardian","floor":16,"turns":8},{"damage":5,"enemies":"Chosen","floor":18,"turns":3},{"damage":12,"enemies":"Shell Parasite","floor":20,"turns":4},{"damage":20,"enemies":"Centurion and Healer","floor":21,"turns":6},{"damage":20,"enemies":"Shelled Parasite and Fungi","floor":22,"turns":3},{"damage":30,"enemies":"Slavers","floor":27,"turns":4},{"damage":0,"enemies":"Cultist and Chosen","floor":31,"turns":3},{"damage":20,"enemies":"Automaton","floor":33,"turns":7},{"damage":10,"enemies":"3 Shapes","floor":35,"turns":2},{"damage":0,"enemies":"Orb Walker","floor":37,"turns":2},{"damage":8,"enemies":"Sphere and 2 Shapes","floor":38,"turns":4},{"damage":63,"enemies":"2 Orb Walkers","floor":41,"turns":6},{"damage":0,"enemies":"Transient","floor":42,"turns":5},{"damage":10,"enemies":"Jaw Worm Horde","floor":45,"turns":3},{"damage":12,"enemies":"3 Darklings","floor":48,"turns":4},{"damage":105,"enemies":"Donu and Deca","floor":50,"turns":6}],"seed_played":"5000632723820543316","potions_obtained":[{"floor":6,"key":"Energy Potion"}],"is_trial":false,"path_per_floor":["M","$","?","?","?","E","$","R","T","$","M","T","R","E","R","B",null,"M","?","M","M","M","R","$","?","T","E","R","?","T","M","R","B",null,"M","$","M","M","?","R","?","M","T","R","M","$","?","M","R","B"],"character_chosen":"IRONCLAD","items_purchased":["Metamorphosis+1","Anchor","MealTicket","Shuriken"],"campfire_rested":7,"item_purchase_floors":[10,24,24,36],"current_hp_per_floor":[80,80,69,69,51,57,57,80,80,80,80,80,80,68,80,36,80,80,80,74,60,46,70,70,70,70,46,70,70,70,76,76,62,85,81,85,85,83,72,85,42,48,48,77,73,88,88,82,99,0],"gold":432,"neow_bonus":"THREE_ENEMY_KILL","is_prod":false,"is_daily":false,"chose_seed":false,"campfire_upgraded":2,"win_rate":0.0,"timestamp":1561960986,"path_taken":["M","$","?","?","?","E","$","R","T","?","M","?","R","E","R","BOSS","M","?","?","M","M","R","$","?","T","E","R","?","?","?","R","BOSS","M","$","M","M","?","R","?","M","T","R","M","$","?","?","R","BOSS"],"build_version":"2019-01-23","purchased_purges":0,"victory":false,"max_hp_per_floor":[80,80,80,80,80,80,80,80,80,80,80,80,80,80,80,80,80,80,80,80,80,80,80,80,80,80,80,80,80,80,80,80,80,85,85,85,85,85,85,85,99,99,99,99,99,99,99,99,99,99],"card_choices":[{"not_picked":["Thunderclap","Rupture"],"picked":"Pommel Strike","floor":1},{"not_picked":["Thunderclap","Armaments"],"picked":"Anger","floor":6},{"not_picked":["Offering+1","Clothesline"],"picked":"Cleave","floor":11},{"not_picked":["Sword Boomerang","Perfected Strike"],"picked":"Flex+1","floor":14},{"not_picked":["Fiend Fire","Berserk"],"picked":"Barricade","floor":16},{"not_picked":["Combust","Clothesline"],"picked":"Spot Weakness+1","floor":18},{"not_picked":["Combust","Metallicize"],"picked":"Sword Boomerang","floor":20},{"not_picked":["Juggernaut","Heavy Blade"],"picked":"Clash","floor":21},{"not_picked":["Second Wind+1","Clash"],"picked":"Twin Strike","floor":22},{"not_picked":["Reckless Charge","Wild Strike"],"picked":"Entrench+1","floor":27},{"not_picked":["Ghostly Armor+1","Blood for Blood"],"picked":"Flex+1","floor":31},{"not_picked":["Perfected Strike","Burning Pact+1"],"picked":"Pommel Strike","floor":34},{"not_picked":["Rage+1","Carnage"],"picked":"Clash+1","floor":35},{"not_picked":["Twin Strike+1","Seeing Red+1"],"picked":"Anger+1","floor":37},{"not_picked":["Spot Weakness+1","Rage+1"],"picked":"Anger+1","floor":38},{"not_picked":["Fiend Fire","Headbutt","Sword Boomerang"],"picked":"SKIP","floor":42},{"not_picked":["Perfected Strike+1","Metallicize"],"picked":"Searing Blow+1","floor":45},{"not_picked":["Warcry+1","Shockwave+1"],"picked":"Wild Strike+1","floor":48}],"player_experience":61601,"relics_obtained":[{"floor":6,"key":"Kunai"},{"floor":9,"key":"Toxic Egg 2"},{"floor":12,"key":"Sundial"},{"floor":14,"key":"Calipers"},{"floor":26,"key":"Paper Frog"},{"floor":27,"key":"Whetstone"},{"floor":30,"key":"Lantern"},{"floor":41,"key":"Mango"},{"floor":43,"key":"Pantograph"}],"event_choices":[{"damage_healed":0,"gold_gain":75,"player_choice":"Gather Gold","damage_taken":11,"max_hp_gain":0,"max_hp_loss":0,"event_name":"World of Goop","floor":3,"gold_loss":0},{"damage_healed":0,"gold_gain":0,"player_choice":"Grow","damage_taken":0,"max_hp_gain":0,"max_hp_loss":0,"event_name":"Living Wall","floor":4,"gold_loss":0,"cards_upgraded":["Pommel Strike"]},{"damage_healed":0,"gold_gain":0,"player_choice":"Success","damage_taken":18,"relics_obtained":["Self Forming Clay"],"max_hp_gain":0,"max_hp_loss":0,"event_name":"Scrap Ooze","floor":5,"gold_loss":0},{"damage_healed":0,"gold_gain":200,"player_choice":"Gold","damage_taken":0,"max_hp_gain":0,"max_hp_loss":0,"event_name":"Wheel of Change","floor":19,"gold_loss":0},{"cards_removed":["Strike_R"],"damage_healed":0,"gold_gain":0,"player_choice":"Gave Gold","damage_taken":0,"max_hp_gain":0,"max_hp_loss":0,"event_name":"Beggar","floor":25,"gold_loss":75},{"damage_healed":0,"gold_gain":0,"player_choice":"Simplicity","damage_taken":0,"max_hp_gain":0,"max_hp_loss":0,"event_name":"Back to Basics","floor":29,"gold_loss":0,"cards_upgraded":["Strike_R","Strike_R","Strike_R","Defend_R","Defend_R","Defend_R","Defend_R"]},{"damage_healed":0,"gold_gain":0,"player_choice":"Embrace Madness","damage_taken":11,"max_hp_gain":0,"max_hp_loss":0,"event_name":"Winding Halls","floor":39,"gold_loss":0,"cards_obtained":["Madness","Madness"]},{"damage_healed":0,"gold_gain":0,"player_choice":"Fight","damage_taken":0,"max_hp_gain":0,"max_hp_loss":0,"event_name":"Mysterious Sphere","floor":41,"gold_loss":0},{"damage_healed":0,"gold_gain":300,"player_choice":"Gold","damage_taken":0,"max_hp_gain":0,"max_hp_loss":0,"event_name":"Wheel of Change","floor":47,"gold_loss":0}],"is_beta":false,"boss_relics":[{"not_picked":["Fusion Hammer","Snecko Eye"],"picked":"Sozu"},{"not_picked":["Pandora\u0027s Box","Black Blood"],"picked":"Tiny House"}],"items_purged_floors":[],"is_endless":false,"potions_floor_spawned":[6,18,27,31,33,38,45,48],"killed_by":"Donu and Deca","ascension_level":0}