{"gold_per_floor":[114,91,106,106,121,151,166,181,181,196,196,196,196,211,211,311,311,326,341,341,356,106,166,166,196,196,196,111,126,141,156,156,156],"floor_reached":33,"playtime":2171,"items_purged":[],"score":341,"play_id":"75881dc3-20dd-40f1-9da2-513aa82c8c07","local_time":"20190627141751","daily_mods":["Insanity","Red Cards","Terminal"],"is_ascension_mode":false,"campfire_choices":[{"floor":11,"key":"REST"},{"data":"Sweeping Beam","floor":15,"key":"SMITH"},{"floor":24,"key":"REST"},{"floor":27,"key":"REST"},{"floor":32,"key":"REST"}],"neow_cost":"","seed_source_timestamp":102152026975773,"circlet_count":0,"master_deck":["Stack","Sword Boomerang","Rebound","Stack","Blizzard","Steam","Gash","Entrench","Combust","Body Slam","Anger","Static Discharge","Heavy Blade","Carnage","Anger","BootSequence","Clothesline","Clash","Force Field","Conserve Battery","Flex","Compile Driver","Uppercut","Hologram","Leap","Hemokinesis","Bloodletting","Gash","Havoc","Sunder","Barrage","Coolheaded","Wild Strike","Stack","Heavy Blade","Undo","Scrape","Carnage","Power Through","Armaments","Twin Strike","Body Slam","Ball Lightning","Intimidate","Searing Blow","Chill","Twin Strike","Turbo","Clothesline","Self Repair","Cleave","Shrug It Off","Berserk","Cleave","Regret","Sweeping Beam+1","Rainbow","Burning Pact","Lockon","Sweeping Beam","Flex+1","Rebound+1","Coolheaded"],"special_seed":18074,"relics":["Cracked Core","Gremlin Horn","Letter Opener","Oddly Smooth Stone","Busted Crown","Bottled Flame","Tiny Chest","Potion Belt","Pocketwatch","Molten Egg 2"],"potions_floor_usage":[16,21,25],"damage_taken":[{"damage":2,"enemies":"Cultist","floor":1,"turns":3},{"damage":0,"enemies":"Small Slimes","floor":3,"turns":2},{"damage":0,"enemies":"2 Louse","floor":5,"turns":2},{"damage":27,"enemies":"Lagavulin","floor":6,"turns":4},{"damage":3,"enemies":"Large Slime","floor":7,"turns":4},{"damage":0,"enemies":"Exordium Wildlife","floor":8,"turns":2},{"damage":0,"enemies":"Gremlin Gang","floor":10,"turns":3},{"damage":2,"enemies":"3 Louse","floor":14,"turns":2},{"damage":11,"enemies":"The Guardian","floor":16,"turns":10},{"damage":4,"enemies":"Chosen","floor":18,"turns":3},{"damage":7,"enemies":"2 Thieves","floor":19,"turns":3},{"damage":17,"enemies":"Snake Plant","floor":21,"turns":5},{"damage":8,"enemies":"Gremlin Leader","floor":23,"turns":5},{"damage":12,"enemies":"Slavers","floor":25,"turns":3},{"damage":3,"enemies":"Snecko","floor":29,"turns":4},{"damage":3,"enemies":"3 Cultists","floor":30,"turns":4},{"damage":18,"enemies":"Snake Plant","floor":31,"turns":3},{"damage":64,"enemies":"Automaton","floor":33,"turns":6}],"seed_played":"-5778978344149328507","potions_obtained":[{"floor":6,"key":"EssenceOfSteel"},{"floor":10,"key":"Regen Potion"},{"floor":14,"key":"Regen Potion"},{"floor":21,"key":"Explosive Potion"},{"floor":23,"key":"LiquidBronze"},{"floor":30,"key":"Poison Potion"}],"is_trial":false,"path_per_floor":["M","$","M","?","M","E","M","M","T","M","R","$","?","M","R","B",null,"M","M","?","M","$","E","R","E","T","R","?","M","M","M","R","B"],"character_chosen":"DEFECT","items_purchased":["Cleave","Bottled Flame"],"campfire_rested":4,"item_purchase_floors":[2,22],"current_hp_per_floor":[72,72,71,70,69,42,39,39,39,39,58,58,58,56,56,45,57,53,46,37,32,32,24,39,27,27,41,41,38,35,17,29,0],"gold":156,"neow_bonus":"","is_prod":false,"is_daily":true,"chose_seed":false,"campfire_upgraded":1,"win_rate":0,"timestamp":1561670271,"path_taken":["M","?","M","?","M","E","M","M","T","?","R","$","?","M","R","BOSS","M","M","?","M","$","E","R","E","T","R","?","M","M","M","R","BOSS"],"build_version":"2019-01-23","purchased_purges":0,"victory":false,"max_hp_per_floor":[73,72,71,70,69,68,67,66,65,64,63,62,61,60,59,58,57,56,55,54,53,52,51,50,49,48,47,46,45,44,43,42,42],"card_choices":[{"not_picked":["Leap","Redo"],"picked":"Self Repair","floor":1},{"not_picked":["Dropkick","Streamline","Self Repair"],"picked":"SKIP","floor":3},{"not_picked":["Streamline","Twin Strike"],"picked":"Shrug It Off","floor":5},{"not_picked":["Headbutt","Body Slam"],"picked":"Berserk","floor":6},{"not_picked":["Flex","Disarm"],"picked":"Cleave","floor":7},{"not_picked":["Flex","Turbo","Perfected Strike"],"picked":"SKIP","floor":8},{"not_picked":["Perfected Strike","Iron Wave","Genetic Algorithm"],"picked":"SKIP","floor":10},{"not_picked":["Headbutt","Turbo"],"picked":"Sweeping Beam","floor":14},{"not_picked":["Meteor Strike","Exhume"],"picked":"Rainbow","floor":16},{"not_picked":[],"picked":"Burning Pact","floor":18},{"not_picked":["Chill"],"picked":"SKIP","floor":19},{"not_picked":[],"picked":"Lockon","floor":21},{"not_picked":[],"picked":"Sweeping Beam","floor":23},{"not_picked":[],"picked":"Flex+1","floor":25},{"not_picked":[],"picked":"Rebound+1","floor":29},{"not_picked":["Iron Wave+1"],"picked":"SKIP","floor":30},{"not_picked":[],"picked":"Coolheaded","floor":31}],"player_experience":232148,"relics_obtained":[{"floor":6,"key":"Gremlin Horn"},{"floor":9,"key":"Letter Opener"},{"floor":23,"key":"Tiny Chest"},{"floor":25,"key":"Potion Belt"},{"floor":26,"key":"Pocketwatch"}],"event_choices":[{"cards_removed":["Evolve"],"damage_healed":0,"gold_gain":0,"player_choice":"Offered Uncommon","damage_taken":0,"max_hp_gain":0,"max_hp_loss":0,"event_name":"Bonfire Elementals","floor":4,"gold_loss":0},{"damage_healed":0,"gold_gain":0,"player_choice":"Box","damage_taken":0,"relics_obtained":["Oddly Smooth Stone"],"max_hp_gain":0,"max_hp_loss":0,"event_name":"Big Fish","floor":13,"gold_loss":0,"cards_obtained":["Regret"]},{"damage_healed":0,"gold_gain":0,"player_choice":"Stopped","damage_taken":9,"max_hp_gain":0,"max_hp_loss":0,"event_name":"Cursed Tome","floor":20,"gold_loss":0},{"damage_healed":0,"gold_gain":0,"player_choice":"Obtained Relic","damage_taken":0,"relics_obtained":["Molten Egg 2"],"max_hp_gain":0,"max_hp_loss":0,"event_name":"Addict","floor":28,"gold_loss":85}],"is_beta":false,"boss_relics":[{"not_picked":["Coffee Dripper","Velvet Choker"],"picked":"Busted Crown"}],"items_purged_floors":[],"is_endless":false,"potions_floor_spawned":[3,6,10,14,21,23,30],"killed_by":"Automaton","ascension_level":0}