{"gold_per_floor":[113,113,113,113,113,156,13,13,61,61,77,77,77,77,77,208,271,294,269,194,194,215,215,238,279,329,44,44,44,94,129,141,276,288,316,138,1137,1155,1155,1155,312,5,5,5,21,21,40,58,58,58],"floor_reached":51,"playtime":5011,"items_purged":["Normality","Normality"],"score":634,"play_id":"ee25ada4-8ea1-4000-ad50-395cc3c1bff5","local_time":"20190702212925","is_ascension_mode":false,"campfire_choices":[{"floor":8,"key":"REST"},{"floor":10,"key":"REST"},{"floor":13,"key":"REST"},{"floor":15,"key":"REST"},{"floor":23,"key":"REST"},{"floor":29,"key":"REST"},{"floor":32,"key":"REST"},{"floor":40,"key":"REST"},{"floor":44,"key":"DIG"},{"floor":49,"key":"REST"}],"neow_cost":"NONE","seed_source_timestamp":1254509620964630,"circlet_count":0,"master_deck":["Strike_R","Strike_R","Strike_R","Strike_R","Strike_R","Defend_R+1","Defend_R+1","Defend_R+1","Defend_R","Bash","Pommel Strike","Searing Blow","Twin Strike+1","Limit Break","Seeing Red","Cleave","Uppercut+1","Rage","Flex","Carnage","Shame","Body Slam+1","Feed","Iron Wave+1","Warcry+1","Heavy Blade+1","The Bomb","Enlightenment","Body Slam+1","Perfected Strike+1"],"relics":["Burning Blood","Golden Idol","Bag of Marbles","Red Skull","Shuriken","War Paint","Orichalcum","Tiny House","Ginger","Bronze Scales","Incense Burner","Unceasing Top","MawBank","Runic Pyramid","MealTicket","Toolbox","Shovel","Ornamental Fan","Brimstone","Letter Opener","Meat on the Bone"],"potions_floor_usage":[16,16,19,22,22,33,33,50],"damage_taken":[{"damage":0,"enemies":"Small Slimes","floor":1,"turns":3},{"damage":61,"enemies":"3 Sentries","floor":6,"turns":11},{"damage":5,"enemies":"2 Louse","floor":11,"turns":4},{"damage":56,"enemies":"Hexaghost","floor":16,"turns":8},{"damage":22,"enemies":"Spheric Guardian","floor":18,"turns":5},{"damage":24,"enemies":"2 Thieves","floor":19,"turns":5},{"damage":0,"enemies":"Snecko","floor":22,"turns":2},{"damage":16,"enemies":"Snake Plant","floor":24,"turns":3},{"damage":68,"enemies":"Book of Stabbing","floor":25,"turns":8},{"damage":2,"enemies":"Centurion and Healer","floor":31,"turns":4},{"damage":56,"enemies":"Automaton","floor":33,"turns":9},{"damage":11,"enemies":"Orb Walker","floor":35,"turns":3},{"damage":45,"enemies":"3 Darklings","floor":38,"turns":8},{"damage":44,"enemies":"4 Shapes","floor":45,"turns":3},{"damage":4,"enemies":"Maw","floor":47,"turns":4},{"damage":28,"enemies":"Jaw Worm Horde","floor":48,"turns":3},{"damage":51,"enemies":"Donu and Deca","floor":50,"turns":6}],"seed_played":"893817478703948330","potions_obtained":[{"floor":0,"key":"LiquidBronze"},{"floor":0,"key":"AttackPotion"},{"floor":0,"key":"SkillPotion"},{"floor":1,"key":"SteroidPotion"},{"floor":16,"key":"SteroidPotion"},{"floor":17,"key":"PowerPotion"},{"floor":25,"key":"Swift Potion"},{"floor":31,"key":"Energy Potion"},{"floor":33,"key":"FairyPotion"},{"floor":47,"key":"SneckoOil"},{"floor":48,"key":"Explosive Potion"}],"is_trial":false,"path_per_floor":["M","?","?","$","?","E","$","R","T","R","M","?","R","$","R","B",null,"M","M","?","?","M","R","M","E","T","$","?","R","T","M","R","B",null,"M","$","?","M","?","R","$","$","T","R","M","?","M","M","R","B",null],"character_chosen":"IRONCLAD","items_purchased":["War Paint","Incense Burner","MealTicket","Toolbox","Shovel","Ornamental Fan","Brimstone"],"campfire_rested":9,"item_purchase_floors":[7,27,36,41,41,41,42],"current_hp_per_floor":[80,80,68,68,68,13,13,37,37,61,62,62,80,80,80,30,85,69,51,51,51,57,82,72,10,10,10,10,35,35,39,64,14,85,83,83,83,44,44,70,85,88,88,88,53,48,65,55,83,50],"gold":58,"neow_bonus":"THREE_SMALL_POTIONS","is_prod":false,"is_daily":false,"chose_seed":false,"campfire_upgraded":0,"win_rate":0.0,"timestamp":1562120965,"path_taken":["M","?","?","$","?","E","$","R","T","R","M","?","R","$","R","BOSS","M","M","?","?","?","R","M","E","T","$","?","R","?","M","R","BOSS","M","$","?","M","?","R","?","$","T","R","M","?","M","M","R","BOSS"],"build_version":"2019-07-01","purchased_purges":2,"victory":true,"max_hp_per_floor":[80,80,80,80,80,80,80,80,80,80,80,80,80,80,80,80,85,85,85,85,85,85,85,85,85,85,85,85,85,85,85,85,85,85,88,88,88,88,88,88,88,88,88,88,91,91,94,94,94,94],"card_choices":[{"not_picked":["Warcry","Perfected Strike"],"picked":"Pommel Strike","floor":1},{"not_picked":["Hemokinesis","Flame Barrier"],"picked":"Searing Blow","floor":6},{"not_picked":["Pummel","Searing Blow"],"picked":"Twin Strike","floor":11},{"not_picked":["Brutality","Offering"],"picked":"Limit Break","floor":16},{"not_picked":["Wild Strike","Spot Weakness"],"picked":"Seeing Red","floor":17},{"not_picked":["Heavy Blade+1","Thunderclap+1"],"picked":"Cleave","floor":18},{"not_picked":["Rupture","True Grit"],"picked":"Uppercut+1","floor":19},{"not_picked":["Heavy Blade+1","Armaments+1"],"picked":"Rage","floor":22},{"not_picked":["Feel No Pain","Entrench"],"picked":"Flex","floor":24},{"not_picked":["Second Wind+1","Heavy Blade"],"picked":"Carnage","floor":25},{"not_picked":["Inflame","Sword Boomerang"],"picked":"Body Slam+1","floor":31},{"not_picked":["Brutality","Offering"],"picked":"Feed","floor":33},{"not_picked":["Clash+1","Clothesline"],"picked":"Iron Wave+1","floor":35},{"not_picked":["Wild Strike","Thunderclap"],"picked":"Warcry+1","floor":38},{"not_picked":["Perfected Strike+1","Thunderclap"],"picked":"Heavy Blade+1","floor":45},{"not_picked":["Finesse","Thinking Ahead"],"picked":"The Bomb","floor":46},{"not_picked":["Good Instincts","HandOfGreed"],"picked":"Enlightenment","floor":46},{"not_picked":["Sever Soul","Battle Trance+1"],"picked":"Body Slam+1","floor":47},{"not_picked":["Searing Blow","Clash"],"picked":"Perfected Strike+1","floor":48}],"player_experience":82072,"relics_obtained":[{"floor":6,"key":"Shuriken"},{"floor":9,"key":"Orichalcum"},{"floor":25,"key":"Ginger"},{"floor":26,"key":"Bronze Scales"},{"floor":30,"key":"MawBank"},{"floor":43,"key":"Letter Opener"},{"floor":44,"key":"Meat on the Bone"}],"event_choices":[{"damage_healed":0,"gold_gain":0,"player_choice":"Take Wound","damage_taken":0,"relics_obtained":["Golden Idol"],"max_hp_gain":0,"max_hp_loss":0,"event_name":"Golden Idol","floor":2,"gold_loss":0,"cards_obtained":["Injury"]},{"damage_healed":0,"gold_gain":0,"player_choice":"Success","damage_taken":12,"relics_obtained":["Bag of Marbles"],"max_hp_gain":0,"max_hp_loss":0,"event_name":"Scrap Ooze","floor":3,"gold_loss":0},{"damage_healed":0,"gold_gain":0,"player_choice":"Box","damage_taken":0,"relics_obtained":["Red Skull"],"max_hp_gain":0,"max_hp_loss":0,"event_name":"Big Fish","floor":5,"gold_loss":0,"cards_obtained":["Regret"]},{"damage_healed":0,"gold_gain":0,"player_choice":"Grow","damage_taken":0,"max_hp_gain":0,"max_hp_loss":0,"event_name":"Living Wall","floor":12,"gold_loss":0,"cards_upgraded":["Twin Strike"]},{"cards_removed":["Regret"],"damage_healed":0,"gold_gain":0,"player_choice":"Gave Gold","damage_taken":0,"max_hp_gain":0,"max_hp_loss":0,"event_name":"Beggar","floor":20,"gold_loss":75},{"cards_removed":["Injury"],"damage_healed":0,"gold_gain":0,"player_choice":"Purged","damage_taken":0,"max_hp_gain":0,"max_hp_loss":0,"event_name":"Purifier","floor":21,"gold_loss":0},{"damage_healed":0,"gold_gain":0,"player_choice":"Stole Relic","damage_taken":0,"relics_obtained":["Unceasing Top"],"max_hp_gain":0,"max_hp_loss":0,"event_name":"Addict","floor":28,"gold_loss":0,"cards_obtained":["Shame"]},{"damage_healed":0,"gold_gain":999,"player_choice":"Gold","damage_taken":0,"max_hp_gain":0,"max_hp_loss":0,"event_name":"MindBloom","floor":37,"gold_loss":0,"cards_obtained":["Normality","Normality"]},{"damage_healed":0,"gold_gain":0,"player_choice":"Ignored","damage_taken":0,"max_hp_gain":0,"max_hp_loss":0,"event_name":"Tomb of Lord Red Mask","floor":39,"gold_loss":0},{"damage_healed":0,"gold_gain":0,"player_choice":"Memory 2","damage_taken":5,"max_hp_gain":0,"max_hp_loss":0,"event_name":"SensoryStone","floor":46,"gold_loss":0}],"is_beta":false,"boss_relics":[{"not_picked":["Ectoplasm","Snecko Eye"],"picked":"Tiny House"},{"not_picked":["Fusion Hammer","Cursed Key"],"picked":"Runic Pyramid"}],"items_purged_floors":[41,42],"is_endless":false,"potions_floor_spawned":[1,11,16,18,25,31,33,47,48],"ascension_level":0}