{"gold_per_floor":[110,110,110,124,74,113,113,113,137,158,158,15,28,46,46,46],"floor_reached":16,"playtime":1253,"items_purged":[],"score":110,"play_id":"1b4c0df0-44cf-4d73-bb9b-53c93cfbd213","local_time":"20190727201859","is_ascension_mode":true,"campfire_choices":[{"floor":7,"key":"REST"},{"data":"Searing Blow","floor":11,"key":"SMITH"},{"floor":15,"key":"REST"}],"neow_cost":"NONE","seed_source_timestamp":1368426570163887,"circlet_count":0,"master_deck":["Strike_R","Strike_R","Strike_R","Strike_R","Strike_R","Defend_R","Defend_R","Defend_R","Defend_R","Bash","Searing Blow+1","Heavy Blade","Rampage","Body Slam","Cleave","Infernal Blade","Intimidate"],"relics":["Burning Blood","FossilizedHelix","Golden Idol","Happy Flower","Blood Vial","Omamori"],"potions_floor_usage":[16,16],"damage_taken":[{"damage":13,"enemies":"2 Louse","floor":1,"turns":3},{"damage":5,"enemies":"Small Slimes","floor":4,"turns":3},{"damage":39,"enemies":"3 Sentries","floor":6,"turns":10},{"damage":0,"enemies":"Cultist","floor":10,"turns":4},{"damage":12,"enemies":"Exordium Thugs","floor":13,"turns":4},{"damage":15,"enemies":"Looter","floor":14,"turns":4},{"damage":84,"enemies":"The Guardian","floor":16,"turns":11}],"seed_played":"-9128719277142090024","potions_obtained":[{"floor":4,"key":"Fire Potion"},{"floor":10,"key":"Block Potion"}],"is_trial":false,"path_per_floor":["M","?","?","M","?","E","R","?","T","M","R","$","M","M","R","B"],"character_chosen":"IRONCLAD","items_purchased":["Omamori"],"campfire_rested":2,"item_purchase_floors":[12],"current_hp_per_floor":[73,73,73,74,74,41,65,65,65,73,73,73,69,62,80,0],"gold":46,"neow_bonus":"THREE_CARDS","is_prod":false,"is_daily":false,"chose_seed":false,"campfire_upgraded":1,"win_rate":0,"timestamp":1564276739,"path_taken":["M","?","?","M","?","E","R","?","T","M","R","$","M","M","R","BOSS"],"build_version":"2019-07-17","purchased_purges":0,"victory":false,"max_hp_per_floor":[80,80,80,80,80,80,80,80,80,80,80,80,80,80,80,80],"card_choices":[{"not_picked":["Thunderclap","Carnage"],"picked":"Searing Blow","floor":0},{"not_picked":["Pommel Strike","Flex"],"picked":"Heavy Blade","floor":1},{"not_picked":["True Grit","Pummel"],"picked":"Rampage","floor":4},{"not_picked":["Ghostly Armor","Second Wind"],"picked":"Body Slam","floor":6},{"not_picked":["Twin Strike","Headbutt"],"picked":"Cleave","floor":10},{"not_picked":["Havoc","Disarm"],"picked":"Infernal Blade","floor":13},{"not_picked":["Sentinel","Reckless Charge"],"picked":"Intimidate","floor":14}],"player_experience":197369,"relics_obtained":[{"floor":6,"key":"Happy Flower"},{"floor":9,"key":"Blood Vial"}],"event_choices":[{"damage_healed":0,"gold_gain":0,"player_choice":"Box","damage_taken":0,"relics_obtained":["FossilizedHelix"],"max_hp_gain":0,"max_hp_loss":0,"event_name":"Big Fish","floor":2,"gold_loss":0,"cards_obtained":["Regret"]},{"damage_healed":0,"gold_gain":0,"player_choice":"Take Wound","damage_taken":0,"relics_obtained":["Golden Idol"],"max_hp_gain":0,"max_hp_loss":0,"event_name":"Golden Idol","floor":3,"gold_loss":0,"cards_obtained":["Injury"]},{"cards_removed":["Regret"],"damage_healed":0,"gold_gain":0,"player_choice":"Card Removal","damage_taken":0,"max_hp_gain":0,"max_hp_loss":0,"event_name":"The Cleric","floor":5,"gold_loss":50},{"cards_removed":["Injury"],"damage_healed":0,"gold_gain":0,"player_choice":"Removed Curses","damage_taken":0,"max_hp_gain":0,"max_hp_loss":0,"event_name":"Fountain of Cleansing","floor":8,"gold_loss":0}],"is_beta":false,"boss_relics":[],"items_purged_floors":[],"is_endless":false,"potions_floor_spawned":[4,10],"killed_by":"The Guardian","ascension_level":2}