{"gold_per_floor":[117,117,67,67,77,77,111,111,135,161,173,186,199,211,211,310,310,324,344,44,44,44,62,62],"floor_reached":24,"playtime":2322,"items_purged":[],"score":208,"play_id":"0359c9ae-5d28-4b60-bbf8-89e61e4b666d","local_time":"20190701231950","is_ascension_mode":false,"campfire_choices":[{"data":"Bash","floor":6,"key":"SMITH"},{"floor":8,"key":"REST"},{"floor":15,"key":"REST"}],"neow_cost":"NONE","seed_source_timestamp":1177472668152462,"circlet_count":0,"master_deck":["Strike_R","Strike_R","Strike_R","Strike_R","Defend_R","Defend_R","Defend_R","Defend_R","Bash+1","Corruption+1","Seeing Red","Infernal Blade","Reaper","Headbutt","Blood for Blood","Sever Soul","Pommel Strike","Limit Break","Headbutt","Twin Strike","Rampage","Twin Strike","Thunderclap","Pummel","Double Tap+1","Cleave+1","Twin Strike+1"],"relics":["Burning Blood","Lantern","Smiling Mask","Strawberry","Potion Belt","Orrery","Molten Egg 2"],"potions_floor_usage":[13,13,13,16,24,24],"damage_taken":[{"damage":1,"enemies":"Cultist","floor":1,"turns":4},{"damage":1,"enemies":"2 Louse","floor":5,"turns":4},{"damage":61,"enemies":"3 Sentries","floor":7,"turns":9},{"damage":39,"enemies":"Lagavulin","floor":10,"turns":6},{"damage":2,"enemies":"Small Slimes","floor":11,"turns":5},{"damage":16,"enemies":"Exordium Wildlife","floor":12,"turns":4},{"damage":14,"enemies":"Large Slime","floor":13,"turns":5},{"damage":15,"enemies":"Exordium Thugs","floor":14,"turns":2},{"damage":40,"enemies":"Hexaghost","floor":16,"turns":8},{"damage":28,"enemies":"3 Byrds","floor":18,"turns":6},{"damage":16,"enemies":"Chosen","floor":19,"turns":5},{"damage":48,"enemies":"3 Cultists","floor":23,"turns":6},{"damage":64,"enemies":"Gremlin Leader","floor":24,"turns":4}],"seed_played":"4131475829646040221","potions_obtained":[{"floor":1,"key":"EssenceOfSteel"},{"floor":7,"key":"SteroidPotion"},{"floor":11,"key":"SkillPotion"},{"floor":14,"key":"Block Potion"},{"floor":16,"key":"PowerPotion"},{"floor":18,"key":"BloodPotion"}],"is_trial":false,"path_per_floor":["M","?","?","?","M","R","E","R","T","E","M","M","M","M","R","B",null,"M","M","$","?","$","M","E"],"character_chosen":"IRONCLAD","items_purchased":["Molten Egg 2","Cleave+1"],"campfire_rested":2,"item_purchase_floors":[20,20],"current_hp_per_floor":[80,80,80,80,80,80,25,49,56,23,27,17,17,18,44,10,87,71,61,61,61,61,19,0],"gold":62,"neow_bonus":"RANDOM_COMMON_RELIC","is_prod":false,"is_daily":false,"chose_seed":false,"campfire_upgraded":1,"win_rate":0.0,"timestamp":1562041190,"path_taken":["M","?","?","?","M","R","E","R","T","E","?","M","M","M","R","BOSS","M","M","$","?","?","?","E"],"build_version":"2019-07-01","purchased_purges":0,"victory":false,"max_hp_per_floor":[80,80,80,80,80,80,80,80,87,87,87,87,87,87,87,87,87,87,87,87,87,87,87,87],"card_choices":[{"not_picked":["True Grit","Burning Pact"],"picked":"Corruption","floor":1},{"not_picked":["Wild Strike","Battle Trance"],"picked":"Seeing Red","floor":5},{"not_picked":["Sword Boomerang","Whirlwind"],"picked":"Infernal Blade","floor":7},{"not_picked":["Hemokinesis","Rupture"],"picked":"Reaper","floor":10},{"not_picked":["Body Slam","Entrench"],"picked":"Headbutt","floor":11},{"not_picked":["Cleave","Headbutt"],"picked":"Blood for Blood","floor":12},{"not_picked":["Wild Strike","Reckless Charge"],"picked":"Sever Soul","floor":13},{"not_picked":["Sword Boomerang","Warcry"],"picked":"Pommel Strike","floor":14},{"not_picked":["Juggernaut","Reaper"],"picked":"Limit Break","floor":16},{"not_picked":["Wild Strike","Rage"],"picked":"Headbutt","floor":17},{"not_picked":["Heavy Blade","Body Slam"],"picked":"Twin Strike","floor":17},{"not_picked":["Wild Strike","Shockwave"],"picked":"Rampage","floor":17},{"not_picked":["Iron Wave","Perfected Strike"],"picked":"Twin Strike","floor":17},{"not_picked":["Intimidate","Rage"],"picked":"Thunderclap","floor":17},{"not_picked":["Wild Strike","Warcry"],"picked":"Pummel","floor":18},{"not_picked":["Disarm+1","Body Slam"],"picked":"Double Tap","floor":19},{"not_picked":["Wild Strike+1","Clash+1"],"picked":"Twin Strike+1","floor":23}],"player_experience":75932,"relics_obtained":[{"floor":7,"key":"Smiling Mask"},{"floor":9,"key":"Strawberry"},{"floor":10,"key":"Potion Belt"}],"event_choices":[{"damage_healed":0,"gold_gain":0,"player_choice":"Ignored","damage_taken":0,"max_hp_gain":0,"max_hp_loss":0,"event_name":"Golden Wing","floor":2,"gold_loss":0},{"cards_removed":["Strike_R"],"damage_healed":0,"gold_gain":0,"player_choice":"Card Removal","damage_taken":0,"max_hp_gain":0,"max_hp_loss":0,"event_name":"The Cleric","floor":3,"gold_loss":50},{"damage_healed":0,"gold_gain":0,"player_choice":"Grow","damage_taken":0,"max_hp_gain":0,"max_hp_loss":0,"event_name":"Living Wall","floor":4,"gold_loss":0,"cards_upgraded":["Corruption"]},{"damage_healed":0,"gold_gain":0,"player_choice":"Upgraded","damage_taken":0,"max_hp_gain":0,"max_hp_loss":0,"event_name":"Upgrade Shrine","floor":21,"gold_loss":0,"cards_upgraded":["Double Tap"]}],"is_beta":false,"boss_relics":[{"not_picked":["Fusion Hammer","Cursed Key"],"picked":"Orrery"}],"items_purged_floors":[],"is_endless":false,"potions_floor_spawned":[1,7,11,14,16,18],"killed_by":"Gremlin Leader","ascension_level":0}