{"gold_per_floor":[111,111,286,286,305,305,348,371,371,371,391,432,432,452,452,583,583,583,583,583,583,583,583,583,583,583,583,583,583,583,353,353,353],"floor_reached":33,"playtime":4412,"items_purged":[],"score":328,"play_id":"34907f04-01f5-45fd-96f5-2606f2c189fb","local_time":"20190823225921","is_ascension_mode":true,"campfire_choices":[{"data":"All Out Attack","floor":6,"key":"SMITH"},{"data":"Backstab","floor":10,"key":"SMITH"},{"data":"Flying Knee","floor":13,"key":"SMITH"},{"floor":15,"key":"REST"},{"floor":23,"key":"REST"},{"floor":25,"key":"REST"},{"floor":32,"key":"REST"}],"neow_cost":"NONE","seed_source_timestamp":876708863220852,"circlet_count":0,"master_deck":["Strike_G","Strike_G","Strike_G","Strike_G","Strike_G","Defend_G","Defend_G","Defend_G","Defend_G","Defend_G","Survivor","Neutralize","Flying Knee+1","Injury","All Out Attack+1","Slice","Backstab+1","Backflip+1","Leg Sweep+1","Dodge and Roll+1","Wraith Form v2","Poisoned Stab","Necronomicurse","Bane+1","All Out Attack","Cloak And Dagger+1","Acrobatics+1","Poisoned Stab","Caltrops"],"relics":["Ring of the Snake","NeowsBlessing","Golden Idol","Strawberry","Toxic Egg 2","Centennial Puzzle","Ectoplasm","Necronomicon","Happy Flower","Mercury Hourglass","Red Mask","Potion Belt","Bronze Scales"],"potions_floor_usage":[12,12,16,21,24,33],"damage_taken":[{"damage":0,"enemies":"Small Slimes","floor":1,"turns":1},{"damage":0,"enemies":"Cultist","floor":5,"turns":1},{"damage":0,"enemies":"Lagavulin","floor":7,"turns":1},{"damage":8,"enemies":"2 Louse","floor":8,"turns":2},{"damage":4,"enemies":"Red Slaver","floor":11,"turns":2},{"damage":1,"enemies":"3 Sentries","floor":12,"turns":5},{"damage":0,"enemies":"2 Fungi Beasts","floor":14,"turns":3},{"damage":30,"enemies":"The Guardian","floor":16,"turns":17},{"damage":5,"enemies":"Chosen","floor":18,"turns":5},{"damage":6,"enemies":"Shell Parasite","floor":21,"turns":6},{"damage":34,"enemies":"Book of Stabbing","floor":24,"turns":7},{"damage":15,"enemies":"Snake Plant","floor":27,"turns":5},{"damage":6,"enemies":"Shelled Parasite and Fungi","floor":28,"turns":7},{"damage":0,"enemies":"Masked Bandits","floor":29,"turns":3},{"damage":60,"enemies":"Automaton","floor":33,"turns":10}],"seed_played":"7923424552108633224","potions_obtained":[{"floor":5,"key":"AttackPotion"},{"floor":8,"key":"PowerPotion"},{"floor":11,"key":"GamblersBrew"},{"floor":14,"key":"PowerPotion"},{"floor":16,"key":"SpeedPotion"},{"floor":21,"key":"SpeedPotion"}],"is_trial":false,"path_per_floor":["M","?","?","?","M","R","E","M","T","R","M","E","R","M","R","B",null,"M","?","?","M","?","R","E","R","T","M","M","?","T","$","R","B"],"character_chosen":"THE_SILENT","items_purchased":["Bronze Scales","Caltrops"],"campfire_rested":4,"item_purchase_floors":[31,31],"current_hp_per_floor":[70,70,70,70,70,70,77,69,69,69,65,64,64,64,77,47,77,72,56,49,43,43,66,32,55,55,40,34,34,34,34,57,0],"gold":353,"neow_bonus":"THREE_ENEMY_KILL","is_prod":false,"is_daily":false,"chose_seed":false,"campfire_upgraded":3,"win_rate":0,"timestamp":1566619161,"path_taken":["M","?","?","?","?","R","E","M","T","R","M","E","R","M","R","BOSS","M","?","?","?","?","R","E","R","T","M","M","?","?","$","R","BOSS"],"build_version":"2019-07-17","purchased_purges":0,"victory":false,"max_hp_per_floor":[70,70,70,70,70,70,77,77,77,77,77,77,77,77,77,77,77,77,77,77,77,77,77,77,77,77,77,77,77,77,77,77,77],"card_choices":[{"not_picked":["Quick Slash","Underhanded Strike"],"picked":"Flying Knee","floor":1},{"not_picked":["Prepared","Poisoned Stab"],"picked":"All Out Attack","floor":5},{"not_picked":["Prepared","Riddle With Holes"],"picked":"Slice","floor":7},{"not_picked":["Footwork","Infinite Blades"],"picked":"Backstab","floor":8},{"not_picked":["Deadly Poison+1","Poisoned Stab"],"picked":"Backflip+1","floor":11},{"not_picked":["Grand Finale","Sucker Punch"],"picked":"Leg Sweep+1","floor":12},{"not_picked":["Poisoned Stab","Prepared+1"],"picked":"Dodge and Roll+1","floor":14},{"not_picked":["Storm of Steel+1","Doppelganger+1"],"picked":"Wraith Form v2","floor":16},{"not_picked":["Blade Dance+1","Slice"],"picked":"Poisoned Stab","floor":18},{"not_picked":["Underhanded Strike","Reflex+1"],"picked":"Bane+1","floor":21},{"not_picked":["Sucker Punch+1","Deadly Poison+1"],"picked":"All Out Attack","floor":24},{"not_picked":["Backflip+1","Riddle With Holes"],"picked":"Cloak And Dagger+1","floor":27},{"not_picked":["Prepared+1","Storm of Steel+1"],"picked":"Acrobatics+1","floor":28},{"not_picked":["Sucker Punch","Dagger Throw"],"picked":"Poisoned Stab","floor":29}],"player_experience":341655,"relics_obtained":[{"floor":7,"key":"Strawberry"},{"floor":9,"key":"Toxic Egg 2"},{"floor":12,"key":"Centennial Puzzle"},{"floor":19,"key":"Necronomicon"},{"floor":24,"key":"Happy Flower"},{"floor":26,"key":"Mercury Hourglass"},{"floor":29,"key":"Red Mask"},{"floor":30,"key":"Potion Belt"}],"event_choices":[{"damage_healed":0,"gold_gain":0,"player_choice":"Take Wound","damage_taken":0,"relics_obtained":["Golden Idol"],"max_hp_gain":0,"max_hp_loss":0,"event_name":"Golden Idol","floor":2,"gold_loss":0,"cards_obtained":["Injury"]},{"damage_healed":0,"gold_gain":175,"player_choice":"AGREE","damage_taken":0,"max_hp_gain":0,"max_hp_loss":0,"event_name":"Liars Game","floor":3,"gold_loss":0,"cards_obtained":["Doubt"]},{"cards_removed":["Doubt"],"damage_healed":0,"gold_gain":0,"player_choice":"Purged","damage_taken":0,"max_hp_gain":0,"max_hp_loss":0,"event_name":"Purifier","floor":4,"gold_loss":0},{"damage_healed":0,"gold_gain":0,"player_choice":"Obtained Book","damage_taken":16,"max_hp_gain":0,"max_hp_loss":0,"event_name":"Cursed Tome","floor":19,"gold_loss":0},{"damage_healed":0,"gold_gain":75,"player_choice":"Touch","damage_taken":7,"max_hp_gain":0,"max_hp_loss":0,"event_name":"FaceTrader","floor":20,"gold_loss":0},{"damage_healed":0,"gold_gain":0,"player_choice":"Ignored","damage_taken":0,"max_hp_gain":0,"max_hp_loss":0,"event_name":"Vampires","floor":22,"gold_loss":0},{"damage_healed":0,"gold_gain":0,"player_choice":"Fought Bandits","damage_taken":0,"max_hp_gain":0,"max_hp_loss":0,"event_name":"Masked Bandits","floor":29,"gold_loss":0}],"is_beta":false,"boss_relics":[{"not_picked":["Tiny House","Runic Dome"],"picked":"Ectoplasm"}],"items_purged_floors":[],"is_endless":false,"potions_floor_spawned":[5,8,11,14,16,21],"killed_by":"Automaton","ascension_level":2}