{"gold_per_floor":[367,378,394,2,19,19,19,19,100,135,135,153,38,38,38,114,114,133,103,114,39,39,69,69,84,130,150,73,73,30,30,30,101,151,169,187,31,49,49,83,83,83,156,156,172,191,225,125,125,125,125,125,125,19,44,44],"floor_reached":57,"playtime":3345,"items_purged":["Strike_B","Chaos"],"score":2931,"play_id":"7715b993-16ec-4413-96bd-41dd633610a0","local_time":"20190811095430","is_ascension_mode":true,"campfire_choices":[{"data":"Defragment","floor":6.0,"key":"SMITH"},{"data":"Zap","floor":8.0,"key":"SMITH"},{"data":"Skim","floor":11.0,"key":"SMITH"},{"data":"Darkness","floor":15.0,"key":"SMITH"},{"floor":24.0,"key":"REST"},{"data":"Recycle","floor":32.0,"key":"SMITH"},{"data":"Coolheaded","floor":41.0,"key":"SMITH"},{"data":"Heatsinks","floor":44.0,"key":"SMITH"},{"floor":49.0,"key":"RECALL"},{"data":"Fission","floor":53.0,"key":"SMITH"}],"neow_cost":"PERCENT_DAMAGE","seed_source_timestamp":1179232605251262,"circlet_count":0,"master_deck":["AscendersBane","Zap+1","Dualcast+1","Skim+1","BootSequence","Fusion+1","Defragment+1","Hologram","Redo+1","Undo+1","Skim","Defragment","Compile Driver+1","Coolheaded","Darkness+1","Meteor Strike+1","Ball Lightning+1","Machine Learning","Glacier","Buffer","Reboot","Hologram","Heatsinks+1","Recycle+1","Coolheaded+1","Capacitor","Self Repair","Ghostly","Ghostly","Ghostly","Core Surge+1","White Noise","Hologram","Compile Driver+1","Recycle","Blizzard+1","Conserve Battery+1","Impatience","Go for the Eyes+1","Fission+1","Turbo","Loop+1"],"special_seed":0,"relics":["Cracked Core","War Paint","Molten Egg 2","DataDisk","Pandora\u0027s Box","Bronze Scales","Oddly Smooth Stone","Tiny House","Potion Belt","Art of War","Happy Flower"],"potions_floor_usage":[56,56,56,56],"damage_taken":[{"damage":2.0,"enemies":"Jaw Worm","floor":1.0,"turns":4.0},{"damage":1.0,"enemies":"Cultist","floor":2.0,"turns":4.0},{"damage":2.0,"enemies":"2 Louse","floor":3.0,"turns":3.0},{"damage":0.0,"enemies":"2 Fungi Beasts","floor":5.0,"turns":4.0},{"damage":12.0,"enemies":"3 Sentries","floor":10.0,"turns":7.0},{"damage":14.0,"enemies":"3 Louse","floor":12.0,"turns":3.0},{"damage":5.0,"enemies":"Slime Boss","floor":16.0,"turns":7.0},{"damage":0.0,"enemies":"Spheric Guardian","floor":18.0,"turns":3.0},{"damage":12.0,"enemies":"2 Thieves","floor":20.0,"turns":3.0},{"damage":40.0,"enemies":"Slavers","floor":23.0,"turns":4.0},{"damage":0.0,"enemies":"Snecko","floor":25.0,"turns":6.0},{"damage":0.0,"enemies":"Snake Plant","floor":27.0,"turns":3.0},{"damage":0.0,"enemies":"Collector","floor":33.0,"turns":9.0},{"damage":0.0,"enemies":"3 Darklings","floor":35.0,"turns":5.0},{"damage":1.0,"enemies":"3 Shapes","floor":36.0,"turns":7.0},{"damage":0.0,"enemies":"Sphere and 2 Shapes","floor":38.0,"turns":5.0},{"damage":0.0,"enemies":"Giant Head","floor":40.0,"turns":6.0},{"damage":1.0,"enemies":"Jaw Worm Horde","floor":45.0,"turns":5.0},{"damage":0.0,"enemies":"Transient","floor":46.0,"turns":6.0},{"damage":0.0,"enemies":"Reptomancer","floor":47.0,"turns":11.0},{"damage":36.0,"enemies":"Awakened One","floor":50.0,"turns":7.0},{"damage":2.0,"enemies":"Donu and Deca","floor":51.0,"turns":5.0},{"damage":0,"enemies":"Shield and Spear","floor":55,"turns":8},{"damage":29,"enemies":"The Heart","floor":56,"turns":11}],"seed_played":"-8285196204398417247","potions_obtained":[{"floor":1.0,"key":"SpeedPotion"},{"floor":3.0,"key":"Explosive Potion"},{"floor":10.0,"key":"AttackPotion"},{"floor":19.0,"key":"Strength Potion"},{"floor":19.0,"key":"Explosive Potion"},{"floor":25.0,"key":"Ancient Potion"},{"floor":33.0,"key":"PowerPotion"},{"floor":40.0,"key":"SpeedPotion"},{"floor":46.0,"key":"FearPotion"},{"floor":55,"key":"SkillPotion"}],"is_trial":false,"path_per_floor":["M","M","M","$","M","R","?","R","T","E","R","M","$","?","R","B",null,"M","?","M","?","?","E","R","M","T","M","$","?","$","?","R","B",null,"M","M","$","M","$","E","R","?","T","R","M","M","E","$","R","B","B",null,"R","$","E","B",null],"character_chosen":"DEFECT","items_purchased":["Defragment","Hologram","Redo","War Paint","Compile Driver+1","Coolheaded","Capacitor","Self Repair","Recycle","Blizzard+1","Turbo","Weak Potion"],"campfire_rested":1,"item_purchase_floors":[4,4,4,4,13,13,28,30,37,37,54,54],"current_hp_per_floor":[44,43,41,41,41,41,41,41,41,29,29,15,15,15,15,10,56,56,56,44,44,44,4,25,25,25,25,25,25,25,25,25,32,39,40,39,39,40,40,40,40,40,40,40,39,40,40,40,40,11,16,34,34,34,40,18],"gold":44,"neow_bonus":"TWO_FIFTY_GOLD","is_prod":false,"is_daily":false,"chose_seed":false,"campfire_upgraded":8,"win_rate":0,"timestamp":1565488470,"path_taken":["M","M","M","$","M","R","?","R","T","E","R","M","?","?","R","BOSS","M","?","?","?","?","E","R","M","T","M","$","?","$","?","R","BOSS","M","M","$","M","$","E","R","?","T","R","M","M","E","$","R","BOSS","BOSS","R","$","E","BOSS"],"build_version":"2019-07-17","purchased_purges":2,"victory":true,"max_hp_per_floor":[71,71,71,71,71,71,71,71,71,71,71,71,71,71,71,71,71,71,71,71,71,71,71,71,71,71,71,71,71,71,35,35,35,40,40,40,40,40,40,40,40,40,40,40,40,40,40,40,40,40,40,40,40,40,40,40],"card_choices":[{"not_picked":["Barrage","Leap"],"picked":"Skim","floor":1.0},{"not_picked":["Chill","Conserve Battery"],"picked":"BootSequence","floor":2.0},{"not_picked":["Compile Driver","Reinforced Body"],"picked":"Fusion","floor":3.0},{"not_picked":["Beam Cell","Hello World"],"picked":"Undo","floor":5.0},{"not_picked":["Leap","Storm"],"picked":"Skim","floor":10.0},{"not_picked":["Storm","Steam Power"],"picked":"Defragment","floor":12.0},{"not_picked":["Machine Learning","Multi-Cast"],"picked":"Meteor Strike+1","floor":16.0},{"not_picked":["Conserve Battery","Stack"],"picked":"Hologram","floor":18.0},{"not_picked":["Gash+1","Go for the Eyes+1"],"picked":"Heatsinks","floor":20.0},{"not_picked":["Creative AI","Auto Shields"],"picked":"Coolheaded","floor":23.0},{"not_picked":["Hologram","Steam","Sweeping Beam+1"],"picked":"SKIP","floor":25.0},{"not_picked":["Defragment","Aggregate","Stack"],"picked":"SKIP","floor":27.0},{"not_picked":["Seek","Thunder Strike+1"],"picked":"Core Surge+1","floor":33.0},{"not_picked":["Gash+1","Redo"],"picked":"White Noise","floor":34.0},{"not_picked":["Doom and Gloom+1","Beam Cell+1"],"picked":"Hologram","floor":35.0},{"not_picked":["Cold Snap+1","Go for the Eyes+1"],"picked":"Compile Driver+1","floor":36.0},{"not_picked":["Leap+1","Hologram"],"picked":"Conserve Battery+1","floor":38.0},{"not_picked":["Beam Cell+1","Melter+1"],"picked":"Chaos","floor":40.0},{"not_picked":["PanicButton","HandOfGreed+1"],"picked":"Impatience","floor":42.0},{"not_picked":["Hologram","Leap","Cold Snap+1"],"picked":"SKIP","floor":45.0},{"not_picked":["Barrage+1","Capacitor"],"picked":"Go for the Eyes+1","floor":46.0},{"not_picked":["Barrage+1","Rebound+1"],"picked":"Fission","floor":47.0},{"not_picked":["Glacier+1","Rebound+1"],"picked":"Loop+1","floor":55}],"player_experience":2127957,"relics_obtained":[{"floor":9.0,"key":"Molten Egg 2"},{"floor":10.0,"key":"DataDisk"},{"floor":23.0,"key":"Bronze Scales"},{"floor":26.0,"key":"Oddly Smooth Stone"},{"floor":40.0,"key":"Potion Belt"},{"floor":47.0,"key":"Art of War"},{"floor":55,"key":"Happy Flower"}],"event_choices":[{"damage_healed":0.0,"max_hp_gain":0.0,"max_hp_loss":0.0,"gold_gain":0.0,"event_name":"Accursed Blacksmith","player_choice":"Forge","floor":7.0,"gold_loss":0.0,"damage_taken":0.0,"cards_upgraded":["Redo"]},{"damage_healed":0.0,"max_hp_gain":0.0,"max_hp_loss":0.0,"gold_gain":0.0,"cards_transformed":["Strike_B"],"event_name":"Living Wall","player_choice":"Change","floor":14.0,"gold_loss":0.0,"damage_taken":0.0,"cards_obtained":["Darkness"]},{"damage_healed":0.0,"max_hp_gain":0.0,"max_hp_loss":0.0,"gold_gain":0.0,"event_name":"The Woman in Blue","player_choice":"Bought 2 Potions","floor":19.0,"gold_loss":0.0,"damage_taken":0.0},{"cards_removed":["Leap"],"damage_healed":0.0,"max_hp_gain":0.0,"max_hp_loss":0.0,"gold_gain":0.0,"event_name":"Beggar","player_choice":"Gave Gold","floor":21.0,"gold_loss":75.0,"damage_taken":0.0},{"damage_healed":0.0,"max_hp_gain":0.0,"max_hp_loss":0.0,"gold_gain":0.0,"event_name":"The Library","player_choice":"Read","floor":22.0,"gold_loss":0.0,"damage_taken":0.0,"cards_obtained":["Recycle"]},{"damage_healed":0.0,"max_hp_gain":0.0,"max_hp_loss":0.0,"gold_gain":0.0,"event_name":"The Mausoleum","player_choice":"Ignored","floor":29.0,"gold_loss":0.0,"damage_taken":0.0},{"damage_healed":0.0,"max_hp_gain":0.0,"max_hp_loss":36.0,"gold_gain":0.0,"event_name":"Ghosts","player_choice":"Became a Ghost","floor":31.0,"gold_loss":0.0,"damage_taken":0.0,"cards_obtained":["Ghostly","Ghostly","Ghostly"]},{"damage_healed":0.0,"max_hp_gain":0.0,"max_hp_loss":0.0,"gold_gain":0.0,"event_name":"SensoryStone","player_choice":"Memory 1","floor":42.0,"gold_loss":0.0,"damage_taken":0.0}],"is_beta":false,"boss_relics":[{"not_picked":["Astrolabe","Lizard Tail"],"picked":"Pandora\u0027s Box"},{"not_picked":["Sozu","Cursed Key"],"picked":"Tiny House"}],"items_purged_floors":[4,48],"is_endless":false,"potions_floor_spawned":[1,3,5,10,20,25,33,40,46,55],"ascension_level":20}