{"gold_per_floor":[18,18,39,63,63,63,76,101,125,125,146,171,136,13,13,141,141,161,182],"floor_reached":19,"playtime":1235,"items_purged":["Strike_G"],"score":163,"play_id":"816f4aef-2e31-4e15-b17d-500d5d7508d4","local_time":"20190801222755","is_ascension_mode":false,"campfire_choices":[{"data":"Neutralize","floor":6,"key":"SMITH"},{"floor":15,"key":"REST"}],"neow_cost":"NO_GOLD","seed_source_timestamp":129181217396942,"circlet_count":0,"master_deck":["Strike_G","Strike_G","Strike_G","Strike_G","Defend_G","Defend_G","Defend_G","Defend_G","Defend_G","Survivor","Neutralize+1","Blur","Slice","Caltrops","Caltrops","Dagger Spray","Deadly Poison","Storm of Steel","Blur"],"relics":["Ring of the Snake","Mango","Golden Idol","Art of War","Sozu"],"potions_floor_usage":[],"damage_taken":[{"damage":0,"enemies":"Small Slimes","floor":1,"turns":5},{"damage":0,"enemies":"Jaw Worm","floor":3,"turns":5},{"damage":0,"enemies":"2 Louse","floor":4,"turns":3},{"damage":3,"enemies":"2 Fungi Beasts","floor":7,"turns":5},{"damage":9,"enemies":"Large Slime","floor":8,"turns":8},{"damage":6,"enemies":"3 Louse","floor":11,"turns":4},{"damage":19,"enemies":"Exordium Thugs","floor":12,"turns":6},{"damage":52,"enemies":"Hexaghost","floor":16,"turns":10},{"damage":22,"enemies":"Chosen","floor":18,"turns":7},{"damage":27,"enemies":"Spheric Guardian","floor":19,"turns":5}],"seed_played":"-5123719280235896464","potions_obtained":[{"floor":1,"key":"Energy Potion"},{"floor":4,"key":"FearPotion"},{"floor":7,"key":"SkillPotion"}],"is_trial":false,"path_per_floor":["M","?","M","M","$","R","M","M","T","?","M","M","?","$","R","B",null,"M","M"],"character_chosen":"THE_SILENT","items_purchased":["Deadly Poison"],"campfire_rested":1,"item_purchase_floors":[14],"current_hp_per_floor":[84,63,63,63,63,63,60,51,51,51,45,26,47,47,72,20,84,62,35],"gold":182,"neow_bonus":"ONE_RARE_RELIC","is_prod":false,"is_daily":false,"chose_seed":false,"campfire_upgraded":1,"win_rate":0,"timestamp":1564723675,"path_taken":["M","?","M","M","$","R","M","M","T","?","M","M","?","$","R","BOSS","M","M"],"build_version":"2019-07-17","purchased_purges":1,"victory":false,"max_hp_per_floor":[84,84,84,84,84,84,84,84,84,84,84,84,84,84,84,84,84,84,84],"card_choices":[{"not_picked":["Outmaneuver","Distraction"],"picked":"Blur","floor":1},{"not_picked":["PiercingWail","Dagger Spray"],"picked":"Slice","floor":3},{"not_picked":["Acrobatics","Distraction","PiercingWail"],"picked":"SKIP","floor":4},{"not_picked":["Sucker Punch","Setup"],"picked":"Caltrops","floor":7},{"not_picked":["Prepared","Skewer"],"picked":"Caltrops","floor":8},{"not_picked":["Deflect","Sucker Punch","PiercingWail"],"picked":"SKIP","floor":11},{"not_picked":["Blade Dance","Unload"],"picked":"Dagger Spray","floor":12},{"not_picked":["Wraith Form v2","Grand Finale"],"picked":"Storm of Steel","floor":16},{"not_picked":["Backstab","Slice"],"picked":"Blur","floor":18}],"player_experience":269408,"relics_obtained":[{"floor":9,"key":"Art of War"}],"event_choices":[{"damage_healed":0,"gold_gain":0,"player_choice":"Take Damage","damage_taken":21,"relics_obtained":["Golden Idol"],"max_hp_gain":0,"max_hp_loss":0,"event_name":"Golden Idol","floor":2,"gold_loss":0},{"damage_healed":0,"gold_gain":0,"player_choice":"Ignored","damage_taken":0,"max_hp_gain":0,"max_hp_loss":0,"event_name":"Liars Game","floor":10,"gold_loss":0},{"damage_healed":21,"gold_gain":0,"player_choice":"Healed","damage_taken":0,"max_hp_gain":0,"max_hp_loss":0,"event_name":"The Cleric","floor":13,"gold_loss":35}],"is_beta":false,"boss_relics":[{"not_picked":["Coffee Dripper","Pandora\u0027s Box"],"picked":"Sozu"}],"items_purged_floors":[14],"is_endless":false,"potions_floor_spawned":[1,4,7,8,18],"killed_by":"Spheric Guardian","ascension_level":0}