{"gold_per_floor":[219,234,234,120,138,138,158,219,219,231,160,125,136,147,147,247,247,267,182,193,203,128,128,28,40,40,40,40],"floor_reached":28,"playtime":1729,"items_purged":["Regret","Defend_G"],"score":212,"play_id":"fc0f126e-6f8f-447b-82d5-c943b2cdf594","local_time":"20190702183736","is_ascension_mode":false,"campfire_choices":[{"data":"Noxious Fumes","floor":6,"key":"SMITH"},{"floor":15,"key":"REST"}],"neow_cost":"NONE","seed_source_timestamp":274053400040105,"circlet_count":0,"master_deck":["Strike_G","Strike_G","Strike_G","Strike_G","Defend_G","Defend_G","Defend_G","Defend_G","Survivor","Neutralize","Backflip","Noxious Fumes+1","Noxious Fumes","Noxious Fumes","Deadly Poison","Bullet Time","Terror","Decay"],"relics":["Ring of the Snake","Gremlin Horn","Potion Belt","Darkstone Periapt","Juzu Bracelet"],"potions_floor_usage":[],"damage_taken":[{"damage":0,"enemies":"Small Slimes","floor":1,"turns":4},{"damage":1,"enemies":"2 Louse","floor":2,"turns":4},{"damage":0,"enemies":"Jaw Worm","floor":5,"turns":4},{"damage":4,"enemies":"Looter","floor":7,"turns":3},{"damage":51,"enemies":"Gremlin Nob","floor":8,"turns":6},{"damage":10,"enemies":"Large Slime","floor":10,"turns":7},{"damage":5,"enemies":"2 Fungi Beasts","floor":13,"turns":4},{"damage":7,"enemies":"3 Louse","floor":14,"turns":4},{"damage":26,"enemies":"Slime Boss","floor":16,"turns":9},{"damage":32,"enemies":"Spheric Guardian","floor":18,"turns":7},{"damage":2,"enemies":"Shell Parasite","floor":20,"turns":6},{"damage":10,"enemies":"Cultist and Chosen","floor":21,"turns":5},{"damage":21,"enemies":"Centurion and Healer","floor":25,"turns":7},{"damage":45,"enemies":"Chosen and Byrds","floor":28,"turns":7}],"seed_played":"4649807093882581999","potions_obtained":[{"floor":1,"key":"AttackPotion"},{"floor":5,"key":"FearPotion"},{"floor":10,"key":"EssenceOfSteel"},{"floor":20,"key":"GhostInAJar"},{"floor":25,"key":"FairyPotion"}],"is_trial":false,"path_per_floor":["M","M","?","$","M","R","M","?","T","M","$","?","M","M","R","B",null,"M","?","M","M","?","?","$","M","T","?","M"],"character_chosen":"THE_SILENT","items_purchased":["Noxious Fumes","Noxious Fumes"],"campfire_rested":1,"item_purchase_floors":[4,11],"current_hp_per_floor":[70,69,69,69,69,69,65,14,14,4,4,21,16,9,30,4,70,38,38,36,26,26,49,49,28,28,34,0],"gold":40,"neow_bonus":"HUNDRED_GOLD","is_prod":false,"is_daily":false,"chose_seed":false,"campfire_upgraded":1,"win_rate":0,"timestamp":1562117856,"path_taken":["M","M","?","$","M","R","M","?","T","M","?","?","M","M","R","BOSS","M","?","M","M","?","?","$","M","T","?","M"],"build_version":"2019-07-01","purchased_purges":2,"victory":false,"max_hp_per_floor":[70,70,70,70,70,70,70,70,70,70,70,70,70,70,70,70,70,70,70,70,70,70,70,70,70,70,76,76],"card_choices":[{"not_picked":["Choke","Deflect","Dagger Throw"],"picked":"SKIP","floor":1},{"not_picked":["Outmaneuver","Calculated Gamble"],"picked":"Backflip","floor":2},{"not_picked":["Underhanded Strike","Prepared"],"picked":"Noxious Fumes","floor":5},{"not_picked":["Dagger Spray","Flying Knee","Dagger Throw"],"picked":"SKIP","floor":7},{"not_picked":["Quick Slash","Dagger Spray","Caltrops"],"picked":"SKIP","floor":10},{"not_picked":["All Out Attack","Distraction","Outmaneuver"],"picked":"SKIP","floor":13},{"not_picked":["Quick Slash","Skewer"],"picked":"Deadly Poison","floor":14},{"not_picked":["Doppelganger","Malaise"],"picked":"Bullet Time","floor":16},{"not_picked":["Setup","Escape Plan","Blade Dance"],"picked":"SKIP","floor":18},{"not_picked":["PiercingWail","Outmaneuver","Quick Slash"],"picked":"SKIP","floor":20},{"not_picked":["Slice","Dodge and Roll+1","Acrobatics+1"],"picked":"SKIP","floor":21},{"not_picked":["Dash","Dagger Spray+1"],"picked":"Terror","floor":25}],"player_experience":236190,"relics_obtained":[{"floor":8,"key":"Potion Belt"},{"floor":9,"key":"Darkstone Periapt"}],"event_choices":[{"damage_healed":0,"gold_gain":0,"player_choice":"Box","damage_taken":0,"relics_obtained":["Gremlin Horn"],"max_hp_gain":0,"max_hp_loss":0,"event_name":"Big Fish","floor":3,"gold_loss":0,"cards_obtained":["Regret"]},{"damage_healed":0,"gold_gain":30,"player_choice":"Searched \u00273\u0027 times","damage_taken":0,"max_hp_gain":0,"max_hp_loss":0,"event_name":"Dead Adventurer","floor":8,"gold_loss":0},{"damage_healed":17,"gold_gain":0,"player_choice":"Healed","damage_taken":0,"max_hp_gain":0,"max_hp_loss":0,"event_name":"The Cleric","floor":12,"gold_loss":35},{"damage_healed":0,"gold_gain":0,"player_choice":"Obtained Relic","damage_taken":0,"relics_obtained":["Juzu Bracelet"],"max_hp_gain":0,"max_hp_loss":0,"event_name":"Addict","floor":19,"gold_loss":85},{"cards_removed":["Strike_G"],"damage_healed":0,"gold_gain":0,"player_choice":"Gave Gold","damage_taken":0,"max_hp_gain":0,"max_hp_loss":0,"event_name":"Beggar","floor":22,"gold_loss":75},{"damage_healed":23,"gold_gain":0,"player_choice":"Heal","damage_taken":0,"max_hp_gain":0,"max_hp_loss":0,"event_name":"The Library","floor":23,"gold_loss":0},{"damage_healed":0,"gold_gain":0,"player_choice":"Smashed Altar","damage_taken":0,"max_hp_gain":0,"max_hp_loss":0,"event_name":"Forgotten Altar","floor":27,"gold_loss":0,"cards_obtained":["Decay"]}],"is_beta":false,"boss_relics":[{"not_picked":["Calling Bell","Fusion Hammer","Runic Dome"]}],"items_purged_floors":[4,24],"is_endless":false,"potions_floor_spawned":[1,5,10,20,25],"killed_by":"Chosen and Byrds","ascension_level":0}