{"gold_per_floor":[117,131,13,13,13,49,49,65,65,165,184,184,200,214,214,338,338,351,391,391,405,420,420,464,30,104,44,44,65,106,26,26,152,152,176,58,58,81,81,81,94,94,165,190,190,205,205,218,218,218],"floor_reached":50,"playtime":3106,"items_purged":["Strike_G","Strike_G"],"score":507,"play_id":"4348244d-6a07-45b7-a59e-63b88b5dc538","local_time":"20190502183240","is_ascension_mode":false,"campfire_choices":[{"floor":7,"key":"REST"},{"data":"Crippling Poison","floor":12,"key":"SMITH"},{"data":"Noxious Fumes","floor":15,"key":"SMITH"},{"data":"Burst","floor":23,"key":"SMITH"},{"data":"Tactician","floor":28,"key":"SMITH"},{"floor":32,"key":"REST"},{"floor":40,"key":"RECALL"},{"floor":42,"key":"REST"},{"data":"Caltrops","floor":45,"key":"SMITH"},{"floor":49,"key":"REST"}],"neow_cost":"NONE","seed_source_timestamp":26340063724624,"circlet_count":0,"master_deck":["Defend_G","Defend_G","Defend_G","Defend_G","Defend_G","Strike_G","Strike_G","Survivor","Neutralize","Deflect","Tactician+1","Deadly Poison","Noxious Fumes+1","Acrobatics","Caltrops+1","Crippling Poison+1","Dagger Spray","Burst+1","Deadly Poison+1","Poisoned Stab+1","Footwork","Escape Plan+1","Madness","Madness","Parasite"],"relics":["Ring of the Snake","Blue Candle","Golden Idol","Oddly Smooth Stone","Mercury Hourglass","Sozu","Red Mask","The Courier","The Specimen","Art of War","Letter Opener","Shuriken","Lantern","Peace Pipe"],"potions_floor_usage":[],"damage_taken":[{"damage":0,"enemies":"Small Slimes","floor":1,"turns":5},{"damage":1,"enemies":"2 Louse","floor":2,"turns":4},{"damage":16,"enemies":"Lagavulin","floor":6,"turns":8},{"damage":6,"enemies":"Cultist","floor":8,"turns":5},{"damage":0,"enemies":"Exordium Wildlife","floor":11,"turns":3},{"damage":0,"enemies":"2 Fungi Beasts","floor":13,"turns":2},{"damage":3,"enemies":"Blue Slaver","floor":14,"turns":3},{"damage":12,"enemies":"Hexaghost","floor":16,"turns":9},{"damage":2,"enemies":"2 Thieves","floor":18,"turns":5},{"damage":0,"enemies":"Masked Bandits","floor":19,"turns":3},{"damage":6,"enemies":"Chosen","floor":21,"turns":5},{"damage":0,"enemies":"Snecko","floor":22,"turns":4},{"damage":15,"enemies":"Gremlin Leader","floor":24,"turns":4},{"damage":15,"enemies":"Snake Plant","floor":29,"turns":4},{"damage":15,"enemies":"Book of Stabbing","floor":30,"turns":5},{"damage":29,"enemies":"Automaton","floor":33,"turns":7},{"damage":0,"enemies":"Orb Walker","floor":35,"turns":4},{"damage":0,"enemies":"3 Shapes","floor":38,"turns":3},{"damage":30,"enemies":"Maw","floor":41,"turns":6},{"damage":8,"enemies":"3 Darklings","floor":44,"turns":4},{"damage":9,"enemies":"Writhing Mass","floor":46,"turns":5},{"damage":9,"enemies":"Sphere and 2 Shapes","floor":48,"turns":4},{"damage":62,"enemies":"Awakened One","floor":50,"turns":5}],"seed_played":"-7048262448625884708","potions_obtained":[{"floor":1,"key":"SteroidPotion"},{"floor":6,"key":"FairyPotion"},{"floor":14,"key":"GamblersBrew"}],"is_trial":false,"path_per_floor":["M","M","$","?","?","E","R","M","T","?","M","R","M","M","R","B",null,"M","?","?","M","M","R","E","$","T","$","R","M","E","$","R","B",null,"M","$","?","M","$","R","M","R","T","M","R","M","T","M","R","B"],"character_chosen":"THE_SILENT","items_purchased":["Noxious Fumes","Acrobatics","The Specimen","Art of War","Footwork","Lantern"],"campfire_rested":4,"item_purchase_floors":[3,3,25,25,25,36],"current_hp_per_floor":[70,69,69,62,45,29,50,44,44,44,44,44,44,41,41,29,70,68,68,68,62,62,62,47,47,47,47,47,32,17,17,38,9,70,70,70,61,61,61,61,31,52,52,44,44,35,35,26,47,0],"gold":218,"neow_bonus":"TRANSFORM_CARD","is_prod":false,"is_daily":false,"chose_seed":false,"campfire_upgraded":5,"win_rate":0,"timestamp":1556847160,"path_taken":["M","M","$","?","?","E","R","M","T","?","M","R","?","M","R","BOSS","M","?","?","M","M","R","E","$","T","$","R","M","E","$","R","BOSS","M","$","?","M","$","R","M","R","T","M","R","M","?","?","R","BOSS"],"build_version":"2019-01-23","purchased_purges":2,"victory":false,"max_hp_per_floor":[70,70,70,70,70,70,70,70,70,70,70,70,70,70,70,70,70,70,70,70,70,70,70,70,70,70,70,70,70,70,70,70,70,70,70,70,70,70,70,70,70,70,70,70,70,70,70,70,70,70],"card_choices":[{"not_picked":["Well Laid Plans","Underhanded Strike"],"picked":"Tactician","floor":1},{"not_picked":["Slice","Masterful Stab"],"picked":"Deadly Poison","floor":2},{"not_picked":["Blade Dance","Finisher"],"picked":"Caltrops","floor":6},{"not_picked":["PiercingWail","Dash"],"picked":"Crippling Poison","floor":8},{"not_picked":["Reflex","Flying Knee"],"picked":"Dagger Spray","floor":11},{"not_picked":["Predator","Outmaneuver","Venomology"],"picked":"SKIP","floor":13},{"not_picked":["Cloak And Dagger","Slice","Reflex"],"picked":"SKIP","floor":14},{"not_picked":["A Thousand Cuts","Bullet Time"],"picked":"Burst","floor":16},{"not_picked":["Riddle With Holes+1","Reflex","Flying Knee"],"picked":"SKIP","floor":18},{"not_picked":["Dagger Spray","Masterful Stab"],"picked":"Deadly Poison+1","floor":21},{"not_picked":["Deadly Poison","Dodge and Roll"],"picked":"Poisoned Stab+1","floor":22},{"not_picked":["Deflect","Well Laid Plans","Bane"],"picked":"SKIP","floor":24},{"not_picked":["Cloak And Dagger","Deadly Poison"],"picked":"Escape Plan+1","floor":29},{"not_picked":["Infinite Blades","Flechettes","PiercingWail+1"],"picked":"SKIP","floor":30},{"not_picked":["Concentrate+1","Calculated Gamble","Slice"],"picked":"SKIP","floor":35},{"not_picked":["Riddle With Holes+1","Deflect","Well Laid Plans+1"],"picked":"SKIP","floor":38},{"not_picked":["Expertise+1","Concentrate+1","Backstab"],"picked":"SKIP","floor":41},{"not_picked":["Leg Sweep","Flechettes","Outmaneuver+1"],"picked":"SKIP","floor":44},{"not_picked":["Deflect","Bane","Calculated Gamble+1"],"picked":"SKIP","floor":46},{"not_picked":["Noxious Fumes+1","Accuracy","Quick Slash"],"picked":"SKIP","floor":48}],"player_experience":101011,"relics_obtained":[{"floor":6,"key":"Oddly Smooth Stone"},{"floor":9,"key":"Mercury Hourglass"},{"floor":19,"key":"Red Mask"},{"floor":24,"key":"The Courier"},{"floor":26,"key":"Letter Opener"},{"floor":30,"key":"Shuriken"},{"floor":47,"key":"Peace Pipe"}],"event_choices":[{"damage_healed":0,"gold_gain":0,"player_choice":"Success","damage_taken":7,"relics_obtained":["Blue Candle"],"max_hp_gain":0,"max_hp_loss":0,"event_name":"Scrap Ooze","floor":4,"gold_loss":0},{"damage_healed":0,"gold_gain":0,"player_choice":"Take Damage","damage_taken":17,"relics_obtained":["Golden Idol"],"max_hp_gain":0,"max_hp_loss":0,"event_name":"Golden Idol","floor":5,"gold_loss":0},{"damage_healed":0,"gold_gain":100,"player_choice":"Pray","damage_taken":0,"max_hp_gain":0,"max_hp_loss":0,"event_name":"Golden Shrine","floor":10,"gold_loss":0},{"damage_healed":0,"gold_gain":0,"player_choice":"Fought Bandits","damage_taken":0,"max_hp_gain":0,"max_hp_loss":0,"event_name":"Masked Bandits","floor":19,"gold_loss":0},{"damage_healed":0,"gold_gain":0,"player_choice":"Ignored","damage_taken":0,"max_hp_gain":0,"max_hp_loss":0,"event_name":"Ghosts","floor":20,"gold_loss":0},{"damage_healed":0,"gold_gain":0,"player_choice":"Embrace Madness","damage_taken":9,"max_hp_gain":0,"max_hp_loss":0,"event_name":"Winding Halls","floor":37,"gold_loss":0,"cards_obtained":["Madness","Madness"]}],"is_beta":false,"boss_relics":[{"not_picked":["WristBlade","Tiny House"],"picked":"Sozu"},{"not_picked":["Fusion Hammer","Calling Bell","Snecko Eye"]}],"items_purged_floors":[27,31],"is_endless":false,"potions_floor_spawned":[1,6,14,22,24,30,33,38,41,44],"killed_by":"Awakened One","ascension_level":0}