{"gold_per_floor":[112,8,8,28,39,65,65,65,65,65,84,100,100],"floor_reached":13,"playtime":540,"items_purged":[],"score":85,"play_id":"acc8a7c3-a25a-49a2-b7b6-25ec23c86eba","local_time":"20190506231008","is_ascension_mode":false,"campfire_choices":[{"data":"Buffer","floor":10,"key":"SMITH"}],"neow_cost":"NONE","seed_source_timestamp":39101542437343,"circlet_count":0,"master_deck":["Strike_B","Strike_B","Strike_B","Defend_B","Defend_B","Defend_B","Defend_B","Zap","Dualcast","Buffer+1","Melter","Capacitor","Melter","Ball Lightning","Ball Lightning","Ball Lightning","Sweeping Beam"],"relics":["Cracked Core","Question Card","Potion Belt"],"potions_floor_usage":[],"damage_taken":[{"damage":0,"enemies":"Jaw Worm","floor":1,"turns":4},{"damage":0,"enemies":"Cultist","floor":4,"turns":2},{"damage":0,"enemies":"2 Louse","floor":5,"turns":1},{"damage":35,"enemies":"Gremlin Nob","floor":6,"turns":5},{"damage":1,"enemies":"Exordium Wildlife","floor":11,"turns":5},{"damage":26,"enemies":"Gremlin Gang","floor":12,"turns":5},{"damage":13,"enemies":"Lots of Slimes","floor":13,"turns":1}],"seed_played":"-2120449678302291719","potions_obtained":[{"floor":1,"key":"Ancient Potion"},{"floor":6,"key":"Dexterity Potion"},{"floor":11,"key":"Explosive Potion"}],"is_trial":false,"path_per_floor":["M","$","?","M","M","E","$","?","T","R","M","M","M"],"character_chosen":"DEFECT","items_purchased":["Capacitor","Melter"],"campfire_rested":0,"item_purchase_floors":[2,2],"current_hp_per_floor":[75,75,75,75,75,40,40,40,40,40,39,13,0],"gold":100,"neow_bonus":"ONE_RANDOM_RARE_CARD","is_prod":false,"is_daily":false,"chose_seed":false,"campfire_upgraded":1,"win_rate":0,"timestamp":1557209408,"path_taken":["M","$","?","M","M","E","?","?","T","R","?","?","M"],"build_version":"2019-01-23","purchased_purges":0,"victory":false,"max_hp_per_floor":[75,75,75,75,75,75,75,75,75,75,75,75,75],"card_choices":[{"not_picked":["Leap","Recycle"],"picked":"Melter","floor":1},{"not_picked":["Leap","Melter"],"picked":"Ball Lightning","floor":4},{"not_picked":["Aggregate","Sunder","Rip and Tear"],"picked":"SKIP","floor":5},{"not_picked":["Coolheaded","Conserve Battery"],"picked":"Ball Lightning","floor":6},{"not_picked":["Undo","Lockon","Aggregate"],"picked":"Ball Lightning","floor":11},{"not_picked":["Hello World","Leap","Redo"],"picked":"Sweeping Beam","floor":12}],"player_experience":125556,"relics_obtained":[{"floor":6,"key":"Question Card"},{"floor":9,"key":"Potion Belt"}],"event_choices":[{"cards_removed":["Strike_B"],"damage_healed":0,"gold_gain":0,"player_choice":"Purged","damage_taken":0,"max_hp_gain":0,"max_hp_loss":0,"event_name":"Purifier","floor":3,"gold_loss":0},{"damage_healed":0,"gold_gain":0,"player_choice":"Bought 0 Potions","damage_taken":0,"max_hp_gain":0,"max_hp_loss":0,"event_name":"The Woman in Blue","floor":8,"gold_loss":0}],"is_beta":false,"boss_relics":[],"items_purged_floors":[],"is_endless":false,"potions_floor_spawned":[1,6,11],"killed_by":"Lots of Slimes","ascension_level":0}