{"gold_per_floor":[14,31,31,47,57,57,75,75,101,134,153,6,23,55,55,55],"floor_reached":16,"playtime":1602,"items_purged":["Strike_G"],"score":154,"play_id":"fc334273-6137-463d-b8a3-e0e809a01fac","local_time":"20190824205056","is_ascension_mode":true,"campfire_choices":[{"data":"Footwork","floor":6,"key":"SMITH"},{"data":"Leg Sweep","floor":8,"key":"SMITH"},{"data":"Outmaneuver","floor":15,"key":"SMITH"}],"neow_cost":"NO_GOLD","seed_source_timestamp":0,"circlet_count":0,"master_deck":["Strike_G","Strike_G","Strike_G","Defend_G","Defend_G","Defend_G","Defend_G","Survivor","Neutralize+1","Footwork+1","Heel Hook","Leg Sweep+1","Slice","Deflect","Outmaneuver+1","Expertise"],"special_seed":0,"relics":["Ring of the Snake","Happy Flower","Vajra","Snake Skull"],"potions_floor_usage":[10,14,16],"damage_taken":[{"damage":2.0,"enemies":"2 Louse","floor":1.0,"turns":4.0},{"damage":2.0,"enemies":"Cultist","floor":2.0,"turns":5.0},{"damage":0,"enemies":"Jaw Worm","floor":4,"turns":5},{"damage":0,"enemies":"Blue Slaver","floor":5,"turns":5},{"damage":0,"enemies":"2 Fungi Beasts","floor":7,"turns":5},{"damage":6,"enemies":"Lagavulin","floor":10,"turns":19},{"damage":1,"enemies":"Large Slime","floor":11,"turns":9},{"damage":0,"enemies":"3 Louse","floor":13,"turns":3},{"damage":13,"enemies":"Gremlin Nob","floor":14,"turns":6},{"damage":40,"enemies":"Hexaghost","floor":16,"turns":17}],"seed_played":"-5202821990340575403","potions_obtained":[{"floor":2,"key":"Swift Potion"},{"floor":7,"key":"Explosive Potion"},{"floor":10,"key":"PowerPotion"},{"floor":11,"key":"SpeedPotion"}],"is_trial":false,"path_per_floor":["M","M","?","M","M","R","M","R","T","E","M","$","M","E","R","B"],"character_chosen":"THE_SILENT","items_purchased":["Slice","Deflect"],"campfire_rested":0,"item_purchase_floors":[12,12],"current_hp_per_floor":[61,59,59,59,59,59,59,59,59,53,52,52,52,39,39,0],"gold":55,"neow_bonus":"REMOVE_TWO","is_prod":false,"is_daily":false,"chose_seed":false,"campfire_upgraded":3,"win_rate":0,"timestamp":1566694256,"path_taken":["M","M","?","M","M","R","?","R","T","E","?","$","M","E","R","BOSS"],"build_version":"2019-07-17","purchased_purges":1,"victory":false,"max_hp_per_floor":[70,70,70,70,70,70,70,70,70,70,70,70,70,70,70,70],"card_choices":[{"not_picked":["Blade Dance","Crippling Poison","Sucker Punch"],"picked":"SKIP","floor":1.0},{"not_picked":["Backflip","Setup"],"picked":"Footwork","floor":2},{"not_picked":["Dagger Throw","Crippling Poison"],"picked":"Heel Hook","floor":4},{"not_picked":["PiercingWail","Underhanded Strike","Dagger Spray"],"picked":"SKIP","floor":5},{"not_picked":["Sucker Punch","Well Laid Plans"],"picked":"Leg Sweep","floor":7},{"not_picked":["Reflex","Quick Slash","Storm of Steel"],"picked":"SKIP","floor":10},{"not_picked":["Dagger Spray","Caltrops","Choke"],"picked":"SKIP","floor":11},{"not_picked":["Bouncing Flask","Deflect"],"picked":"Outmaneuver","floor":13},{"not_picked":["PiercingWail","Slice"],"picked":"Expertise","floor":14}],"player_experience":194647,"relics_obtained":[{"floor":9,"key":"Happy Flower"},{"floor":10,"key":"Vajra"},{"floor":14,"key":"Snake Skull"}],"event_choices":[{"damage_healed":0,"gold_gain":0,"player_choice":"Forge","damage_taken":0,"max_hp_gain":0,"max_hp_loss":0,"event_name":"Accursed Blacksmith","floor":3,"gold_loss":0,"cards_upgraded":["Neutralize"]}],"is_beta":false,"boss_relics":[],"items_purged_floors":[12],"is_endless":false,"potions_floor_spawned":[2,7,10,11],"killed_by":"Hexaghost","ascension_level":7}