{"gold_per_floor":[216,216,226,237,252,252,281,281,281,293,293,311,311,321,321,420,420,434,453,469,487,507,507,521,521,521,521,521,521,65,78,78,180,180,195,206,220,245,297,297,297,297,297,297,297],"floor_reached":45,"playtime":5072,"items_purged":[],"score":419,"play_id":"8a6866a9-85c1-485d-9b46-8ba150fefe7d","local_time":"20190901042009","is_ascension_mode":false,"campfire_choices":[{"data":"Cleave","floor":6.0,"key":"SMITH"},{"data":"Rage","floor":8.0,"key":"SMITH"},{"data":"Bash","floor":13.0,"key":"SMITH"},{"data":"Clothesline","floor":15.0,"key":"SMITH"},{"floor":23.0,"key":"REST"},{"floor":27.0,"key":"DIG"},{"floor":29.0,"key":"DIG"},{"floor":32,"key":"DIG"},{"data":"Searing Blow+1","floor":40,"key":"SMITH"},{"data":"Feed","floor":42,"key":"SMITH"},{"data":"Headbutt","floor":44,"key":"SMITH"}],"neow_cost":"NONE","seed_source_timestamp":342899374582700,"circlet_count":0,"master_deck":["Strike_R","Strike_R","Strike_R","Strike_R","Defend_R","Defend_R","Defend_R","Defend_R","Bash+1","Headbutt+1","Warcry","Rage+1","Cleave+1","Clothesline+1","Rage+1","Armaments","Clash","Fiend Fire","Flex+1","Thunderclap","Clash+1","Heavy Blade","Headbutt+1","Feed+1","Heavy Blade","Barricade","Searing Blow+2","Clothesline","Disarm+1","Fire Breathing"],"special_seed":0,"relics":["Burning Blood","Kunai","Bottled Lightning","Velvet Choker","Boot","Shovel","Gremlin Horn","Paper Frog","Ornamental Fan","HandDrill","Letter Opener","Coffee Dripper","Bronze Scales","WingedGreaves","Meat on the Bone"],"potions_floor_usage":[],"damage_taken":[{"damage":5.0,"enemies":"Jaw Worm","floor":1.0,"turns":5.0},{"damage":1.0,"enemies":"2 Louse","floor":3.0,"turns":2.0},{"damage":1.0,"enemies":"Cultist","floor":4.0,"turns":3.0},{"damage":8.0,"enemies":"Exordium Wildlife","floor":5.0,"turns":4.0},{"damage":31.0,"enemies":"Lagavulin","floor":7.0,"turns":6.0},{"damage":13.0,"enemies":"Gremlin Gang","floor":10.0,"turns":4.0},{"damage":3.0,"enemies":"Exordium Thugs","floor":12.0,"turns":3.0},{"damage":0.0,"enemies":"3 Louse","floor":14.0,"turns":1.0},{"damage":32.0,"enemies":"Slime Boss","floor":16.0,"turns":13.0},{"damage":0.0,"enemies":"3 Byrds","floor":18.0,"turns":5.0},{"damage":5.0,"enemies":"Spheric Guardian","floor":19.0,"turns":3.0},{"damage":35.0,"enemies":"Snecko","floor":20.0,"turns":7.0},{"damage":28.0,"enemies":"Centurion and Healer","floor":21.0,"turns":5.0},{"damage":34.0,"enemies":"Sentry and Sphere","floor":22.0,"turns":6.0},{"damage":8.0,"enemies":"3 Cultists","floor":24.0,"turns":5.0},{"damage":0.0,"enemies":"Snake Plant","floor":31.0,"turns":2.0},{"damage":37,"enemies":"Collector","floor":33,"turns":10},{"damage":16,"enemies":"3 Darklings","floor":35,"turns":4},{"damage":0,"enemies":"Orb Walker","floor":36,"turns":2},{"damage":15,"enemies":"3 Darklings","floor":37,"turns":5},{"damage":24,"enemies":"2 Orb Walkers","floor":39,"turns":6},{"damage":55,"enemies":"Nemesis","floor":45,"turns":4}],"seed_played":"3841190599238646978","potions_obtained":[{"floor":1.0,"key":"Dexterity Potion"},{"floor":7.0,"key":"BloodPotion"},{"floor":12.0,"key":"Fire Potion"},{"floor":19.0,"key":"Weak Potion"},{"floor":33,"key":"Poison Potion"},{"floor":35,"key":"Poison Potion"},{"floor":36,"key":"Poison Potion"}],"is_trial":false,"path_per_floor":["M","?","M","M","M","R","E","R","T","M","?","M","R","M","R","B",null,"M","M","M","M","M","R","M","T","T","R","?","R","$","M","R","B",null,"M","M","M","T","?","R","?","R","T","R","E"],"character_chosen":"IRONCLAD","items_purchased":["Ornamental Fan","HandDrill"],"campfire_rested":1,"item_purchase_floors":[30,30],"current_hp_per_floor":[80,80,80,80,78,78,53,53,53,46,46,49,49,55,55,29,80,80,80,51,29,21,45,43,43,43,43,43,43,43,49,49,18,80,70,79,73,73,55,55,55,55,55,55,0],"gold":297,"neow_bonus":"HUNDRED_GOLD","is_prod":false,"is_daily":false,"chose_seed":false,"campfire_upgraded":7,"win_rate":0.0,"timestamp":1567326009,"path_taken":["M","?","M","M","M","R","E","R","T","M","?","M","R","M","R","BOSS","BOSS","M","M","M","M","M","R","M","?","T","R","?","R","?","?","R","BOSS","M","?","M","?","?","R","?","R","T","R","E"],"build_version":"2019-07-17","purchased_purges":0,"victory":false,"max_hp_per_floor":[80,80,80,80,80,80,80,80,80,80,80,80,80,80,80,80,80,80,80,80,80,80,80,80,80,80,80,80,80,80,80,80,80,80,80,83,86,86,86,86,86,86,86,86,86],"card_choices":[{"not_picked":["Intimidate","Thunderclap"],"picked":"Headbutt","floor":1.0},{"not_picked":["Power Through","Sword Boomerang"],"picked":"Warcry","floor":3.0},{"not_picked":["Thunderclap","Ghostly Armor"],"picked":"Rage","floor":4.0},{"not_picked":["Entrench","Iron Wave"],"picked":"Cleave","floor":5.0},{"not_picked":["Iron Wave","Feel No Pain"],"picked":"Clothesline","floor":7.0},{"not_picked":["Corruption","Infernal Blade"],"picked":"Rage","floor":10.0},{"not_picked":["True Grit","Corruption"],"picked":"Armaments","floor":12.0},{"not_picked":["Carnage","Feel No Pain"],"picked":"Clash","floor":14.0},{"not_picked":["Bludgeon","Dark Embrace"],"picked":"Fiend Fire","floor":16.0},{"not_picked":["Sword Boomerang","Dropkick"],"picked":"Flex+1","floor":18.0},{"not_picked":["Shrug It Off","Pummel"],"picked":"Thunderclap","floor":19.0},{"not_picked":["Cleave","Flex+1"],"picked":"Clash+1","floor":20.0},{"not_picked":["Sword Boomerang","Hemokinesis","Rupture"],"picked":"SKIP","floor":21.0},{"not_picked":["Perfected Strike+1","Warcry"],"picked":"Heavy Blade","floor":22.0},{"not_picked":["Dropkick+1","Cleave"],"picked":"Headbutt","floor":24.0},{"not_picked":["Offering","Thunderclap"],"picked":"Heavy Blade","floor":31},{"not_picked":["Fiend Fire","Berserk"],"picked":"Barricade","floor":33},{"not_picked":["Intimidate","Shockwave"],"picked":"Searing Blow+1","floor":35},{"not_picked":["Pommel Strike+1","Anger"],"picked":"Clothesline","floor":36},{"not_picked":["Clash","Metallicize"],"picked":"Disarm+1","floor":37},{"not_picked":["Bloodletting+1","Reckless Charge+1"],"picked":"Fire Breathing","floor":39}],"player_experience":22932,"relics_obtained":[{"floor":7.0,"key":"Kunai"},{"floor":9.0,"key":"Bottled Lightning"},{"floor":25.0,"key":"Boot"},{"floor":26.0,"key":"Shovel"},{"floor":27.0,"key":"Gremlin Horn"},{"floor":29.0,"key":"Paper Frog"},{"floor":32,"key":"Letter Opener"},{"floor":38,"key":"Bronze Scales"},{"floor":39,"key":"WingedGreaves"},{"floor":43,"key":"Meat on the Bone"}],"event_choices":[{"damage_healed":0.0,"max_hp_gain":0.0,"max_hp_loss":0.0,"gold_gain":0.0,"event_name":"Living Wall","player_choice":"Grow","floor":2.0,"gold_loss":0.0,"damage_taken":0.0,"cards_upgraded":["Headbutt"]},{"damage_healed":0.0,"max_hp_gain":0.0,"max_hp_loss":0.0,"gold_gain":0.0,"event_name":"Accursed Blacksmith","player_choice":"Forge","floor":11.0,"gold_loss":0.0,"damage_taken":0.0,"cards_upgraded":["Rage"]},{"damage_healed":0.0,"max_hp_gain":0.0,"max_hp_loss":0.0,"gold_gain":0.0,"event_name":"The Library","player_choice":"Read","floor":28.0,"gold_loss":0.0,"damage_taken":0.0,"cards_obtained":["Feed"]},{"damage_healed":0,"gold_gain":0,"player_choice":"Fight","damage_taken":0,"max_hp_gain":0,"max_hp_loss":0,"event_name":"Mysterious Sphere","floor":39,"gold_loss":0},{"cards_removed":["Strike_R"],"damage_healed":0,"gold_gain":0,"player_choice":"Removed Attack","damage_taken":0,"max_hp_gain":0,"max_hp_loss":0,"event_name":"Falling","floor":41,"gold_loss":0}],"is_beta":false,"boss_relics":[{"not_picked":["Lizard Tail","Runic Dome"],"picked":"Velvet Choker"},{"not_picked":["Black Blood","Busted Crown"],"picked":"Coffee Dripper"}],"items_purged_floors":[],"is_endless":false,"potions_floor_spawned":[1,7,12,14,16,19,33,35,36],"killed_by":"Nemesis","ascension_level":0}