{"gold_per_floor":[115,65,83,158,158,158,168,41,41,56,69,69,69,79,79,183,183,202,112,12,30,30,64,83,83],"floor_reached":25,"playtime":1040,"items_purged":["Strike_B","Defend_B"],"score":213,"play_id":"15e7fc97-5378-4cf7-a14a-504a8ebb53ee","local_time":"20190603170945","is_ascension_mode":false,"campfire_choices":[{"data":"Doom and Gloom","floor":6,"key":"SMITH"},{"floor":13,"key":"REST"},{"data":"Double Energy","floor":15,"key":"SMITH"}],"neow_cost":"TEN_PERCENT_HP_LOSS","seed_source_timestamp":268969604606686,"circlet_count":0,"master_deck":["Strike_B","Strike_B+1","Defend_B","Zap","Dualcast","BootSequence","Doom and Gloom+1","Double Energy+1","Leap","Multi-Cast","Leap+1","Ball Lightning","Conserve Battery+1"],"relics":["Cracked Core","Bird Faced Urn","Regal Pillow","Blue Candle"],"potions_floor_usage":[],"damage_taken":[{"damage":3,"enemies":"Jaw Worm","floor":1,"turns":3},{"damage":0,"enemies":"Small Slimes","floor":3,"turns":2},{"damage":0,"enemies":"2 Louse","floor":7,"turns":2},{"damage":6,"enemies":"Exordium Thugs","floor":10,"turns":4},{"damage":3,"enemies":"Lots of Slimes","floor":11,"turns":2},{"damage":0,"enemies":"Looter","floor":14,"turns":3},{"damage":63,"enemies":"The Guardian","floor":16,"turns":9},{"damage":20,"enemies":"Spheric Guardian","floor":18,"turns":4},{"damage":0,"enemies":"Chosen","floor":21,"turns":3},{"damage":19,"enemies":"Gremlin Leader","floor":23,"turns":6},{"damage":17,"enemies":"3 Cultists","floor":24,"turns":5},{"damage":37,"enemies":"Chosen and Byrds","floor":25,"turns":4}],"seed_played":"6432112506931341344","potions_obtained":[{"floor":1,"key":"Dexterity Potion"},{"floor":11,"key":"LiquidBronze"},{"floor":14,"key":"Explosive Potion"},{"floor":23,"key":"Regen Potion"}],"is_trial":false,"path_per_floor":["M","?","M","?","?","R","M","$","T","M","M","?","R","M","R","B",null,"M","?","$","M","$","E","M","M"],"character_chosen":"DEFECT","items_purchased":["Leap"],"campfire_rested":1,"item_purchase_floors":[8],"current_hp_per_floor":[65,65,65,54,47,47,47,47,47,41,38,38,68,68,68,5,68,48,48,48,48,48,29,12,0],"gold":83,"neow_bonus":"ONE_RARE_RELIC","is_prod":false,"is_daily":false,"chose_seed":false,"campfire_upgraded":2,"win_rate":0,"timestamp":1559606985,"path_taken":["M","?","M","?","?","R","M","$","T","M","M","?","R","M","R","BOSS","M","?","$","?","$","E","M","M"],"build_version":"2019-01-23","purchased_purges":2,"victory":false,"max_hp_per_floor":[68,68,68,68,68,68,68,68,68,68,68,68,68,68,68,68,68,68,68,68,68,68,68,68,68],"card_choices":[{"not_picked":["Rebound","Steam"],"picked":"BootSequence","floor":1},{"not_picked":["Ball Lightning","Sunder"],"picked":"Doom and Gloom","floor":3},{"not_picked":["Leap","Glacier"],"picked":"Double Energy","floor":7},{"not_picked":["Auto Shields","Go for the Eyes","Rebound"],"picked":"SKIP","floor":10},{"not_picked":["Force Field","Scrape","Glacier"],"picked":"SKIP","floor":11},{"not_picked":["Go for the Eyes","Buffer","Undo"],"picked":"SKIP","floor":14},{"not_picked":["Fission","Hyperbeam"],"picked":"Multi-Cast","floor":16},{"not_picked":["Conserve Battery+1","Go for the Eyes+1"],"picked":"Leap+1","floor":18},{"not_picked":["Streamline","Beam Cell"],"picked":"Ball Lightning","floor":21},{"not_picked":["Redo","White Noise","Rebound"],"picked":"SKIP","floor":23},{"not_picked":["Cold Snap","Ball Lightning"],"picked":"Conserve Battery+1","floor":24}],"player_experience":190005,"relics_obtained":[{"floor":9,"key":"Regal Pillow"},{"floor":23,"key":"Blue Candle"}],"event_choices":[{"cards_removed":["Defend_B"],"damage_healed":0,"gold_gain":0,"player_choice":"Card Removal","damage_taken":0,"max_hp_gain":0,"max_hp_loss":0,"event_name":"The Cleric","floor":2,"gold_loss":50},{"damage_healed":0,"gold_gain":75,"player_choice":"Gather Gold","damage_taken":11,"max_hp_gain":0,"max_hp_loss":0,"event_name":"World of Goop","floor":4,"gold_loss":0},{"cards_removed":["Strike_B"],"damage_healed":0,"gold_gain":0,"player_choice":"Card Removal","damage_taken":7,"max_hp_gain":0,"max_hp_loss":0,"event_name":"Golden Wing","floor":5,"gold_loss":0},{"damage_healed":0,"gold_gain":0,"player_choice":"Ignored","damage_taken":0,"max_hp_gain":0,"max_hp_loss":0,"event_name":"Liars Game","floor":12,"gold_loss":0},{"cards_removed":["Defend_B"],"damage_healed":0,"gold_gain":0,"player_choice":"Upgrade and Remove","damage_taken":0,"max_hp_gain":0,"max_hp_loss":0,"event_name":"Designer","floor":19,"gold_loss":90,"cards_upgraded":["Strike_B"]}],"is_beta":false,"boss_relics":[{"not_picked":["Calling Bell","FrozenCore","Coffee Dripper"]}],"items_purged_floors":[8,20],"is_endless":false,"potions_floor_spawned":[1,11,14,23],"killed_by":"Chosen and Byrds","ascension_level":0}