{"gold_per_floor":[118,134,148,5,25,54,66,66,140,194,194,228,34,51,51,151,151,166,13,13,23,38,38,38,38,38,38,54,54,54,71,71,71],"floor_reached":33,"playtime":3779,"items_purged":[],"score":305,"play_id":"3f6f8e62-be6f-40a7-a517-64713234af3e","local_time":"20190826212405","is_ascension_mode":true,"campfire_choices":[{"floor":8.0,"key":"REST"},{"floor":15.0,"key":"REST"},{"floor":23,"key":"REST"},{"data":"Catalyst","floor":27,"key":"SMITH"},{"floor":30,"key":"REST"},{"floor":32,"key":"REST"}],"neow_cost":"NONE","seed_source_timestamp":0,"circlet_count":0,"master_deck":["Strike_G","Strike_G","Strike_G","Strike_G","Strike_G","Defend_G","Defend_G","Defend_G","Defend_G","Defend_G","Survivor","Neutralize","Flying Knee","Choke","Quick Slash","Backstab","Corpse Explosion","Footwork","Bane","Catalyst","Envenom","Dagger Throw","Decay","Bane","Dodge and Roll","Catalyst+1","Quick Slash"],"special_seed":0,"relics":["Ring of the Snake","Happy Flower","Paper Crane","The Courier","Bird Faced Urn","Ornamental Fan","Busted Crown","Lee\u0027s Waffle","Shuriken","Enchiridion"],"potions_floor_usage":[22,24,33],"damage_taken":[{"damage":3.0,"enemies":"Jaw Worm","floor":1.0,"turns":6.0},{"damage":0.0,"enemies":"Cultist","floor":2.0,"turns":4.0},{"damage":1.0,"enemies":"Small Slimes","floor":3.0,"turns":2.0},{"damage":3.0,"enemies":"Looter","floor":5.0,"turns":3.0},{"damage":34.0,"enemies":"3 Sentries","floor":6.0,"turns":8.0},{"damage":0.0,"enemies":"3 Louse","floor":7.0,"turns":2.0},{"damage":44.0,"enemies":"Gremlin Nob","floor":12.0,"turns":5.0},{"damage":3.0,"enemies":"Blue Slaver","floor":14.0,"turns":3.0},{"damage":37.0,"enemies":"Slime Boss","floor":16.0,"turns":12.0},{"damage":3.0,"enemies":"Chosen","floor":18.0,"turns":6.0},{"damage":4,"enemies":"3 Byrds","floor":21,"turns":4},{"damage":24,"enemies":"Shelled Parasite and Fungi","floor":22,"turns":7},{"damage":0,"enemies":"Slavers","floor":24,"turns":1},{"damage":24,"enemies":"Centurion and Healer","floor":28,"turns":4},{"damage":0,"enemies":"3 Cultists","floor":31,"turns":3},{"damage":90,"enemies":"Automaton","floor":33,"turns":10}],"seed_played":"2869666181817870850","potions_obtained":[{"floor":0.0,"key":"SmokeBomb"},{"floor":0.0,"key":"LiquidBronze"},{"floor":0.0,"key":"FairyPotion"},{"floor":18.0,"key":"Poison Potion"},{"floor":22,"key":"Swift Potion"}],"is_trial":false,"path_per_floor":["M","M","M","$","M","E","M","R","T","?","?","E","$","M","R","B",null,"M","$","?","M","M","R","E","?","T","R","M","?","R","M","R","B"],"character_chosen":"THE_SILENT","items_purchased":["Happy Flower","Ornamental Fan","Lee\u0027s Waffle"],"campfire_rested":5,"item_purchase_floors":[4,13,19],"current_hp_per_floor":[67,67,66,66,63,29,29,50,50,50,55,11,11,8,30,6,75,72,82,82,78,58,82,82,82,82,82,58,42,66,70,82,0],"gold":71,"neow_bonus":"THREE_SMALL_POTIONS","is_prod":false,"is_daily":false,"chose_seed":false,"campfire_upgraded":1,"win_rate":0,"timestamp":1566872645,"path_taken":["M","M","M","$","M","E","M","R","T","?","?","E","$","M","R","BOSS","M","$","?","M","M","R","E","?","T","R","?","?","R","M","R","BOSS"],"build_version":"2019-07-17","purchased_purges":0,"victory":false,"max_hp_per_floor":[70,70,70,70,70,70,70,70,70,70,75,75,75,75,75,75,75,75,82,82,82,82,82,82,82,82,82,82,82,82,82,82,82],"card_choices":[{"not_picked":["Slice","Prepared"],"picked":"Flying Knee","floor":1.0},{"not_picked":["Reflex","Prepared"],"picked":"Choke","floor":2.0},{"not_picked":["Acrobatics","Eviscerate"],"picked":"Quick Slash","floor":3.0},{"not_picked":["Cloak And Dagger","Backflip"],"picked":"Backstab","floor":5.0},{"not_picked":["Infinite Blades","Accuracy"],"picked":"Corpse Explosion","floor":6.0},{"not_picked":["Flechettes","Blade Dance"],"picked":"Footwork","floor":7.0},{"not_picked":["Outmaneuver","Cloak And Dagger"],"picked":"Bane","floor":12.0},{"not_picked":["Cloak And Dagger","Flying Knee"],"picked":"Catalyst","floor":14.0},{"not_picked":["Night Terror","Tools of the Trade"],"picked":"Envenom","floor":16.0},{"not_picked":[],"picked":"Dagger Throw","floor":18.0},{"not_picked":[],"picked":"Bane","floor":21},{"not_picked":[],"picked":"Dodge and Roll","floor":22},{"not_picked":[],"picked":"Quick Slash","floor":28},{"not_picked":["Concentrate"],"picked":"SKIP","floor":31}],"player_experience":348206,"relics_obtained":[{"floor":6.0,"key":"Paper Crane"},{"floor":9.0,"key":"The Courier"},{"floor":12.0,"key":"Bird Faced Urn"},{"floor":26,"key":"Shuriken"},{"floor":29,"key":"Enchiridion"}],"event_choices":[{"damage_healed":0.0,"max_hp_gain":0.0,"max_hp_loss":0.0,"gold_gain":54.0,"event_name":"Golden Wing","player_choice":"Gained Gold","floor":10.0,"gold_loss":0.0,"damage_taken":0.0},{"damage_healed":0.0,"max_hp_gain":5.0,"max_hp_loss":0.0,"gold_gain":0.0,"event_name":"Big Fish","player_choice":"Donut","floor":11.0,"gold_loss":0.0,"damage_taken":0.0},{"damage_healed":0,"gold_gain":0,"player_choice":"Smashed Altar","damage_taken":0,"max_hp_gain":0,"max_hp_loss":0,"event_name":"Forgotten Altar","floor":20,"gold_loss":0,"cards_obtained":["Decay"]},{"damage_healed":0,"gold_gain":0,"player_choice":"Copied","damage_taken":0,"max_hp_gain":0,"max_hp_loss":0,"event_name":"Duplicator","floor":25,"gold_loss":0,"cards_obtained":["Catalyst"]},{"damage_healed":0,"gold_gain":0,"player_choice":"Obtained Book","damage_taken":16,"max_hp_gain":0,"max_hp_loss":0,"event_name":"Cursed Tome","floor":29,"gold_loss":0}],"is_beta":false,"boss_relics":[{"not_picked":["Ectoplasm","Runic Dome"],"picked":"Busted Crown"}],"items_purged_floors":[],"is_endless":false,"potions_floor_spawned":[5,6,12,14,18,22],"killed_by":"Automaton","ascension_level":2}