{"gold_per_floor":[112,112,124,135,154,180,145,145,194,194,38,56,67,67,67,172,172,185,202,52,70,169,169,369,389,389,403,328,341,394,46,46,150,150,163,214,233,133,0,0],"floor_reached":40,"playtime":1959,"items_purged":["Strike_B","Defend_B"],"score":388,"play_id":"f771aaf2-8570-4657-a088-2323d3528ba3","local_time":"20190505130742","is_ascension_mode":false,"campfire_choices":[{"data":"Barrage","floor":10,"key":"SMITH"},{"floor":15,"key":"REST"},{"floor":23,"key":"REST"},{"floor":32,"key":"REST"}],"neow_cost":"NONE","seed_source_timestamp":5790668864471,"circlet_count":0,"master_deck":["Defend_B","Defend_B","Zap","Dualcast","Barrage+1","Ball Lightning+1","Conserve Battery","Ball Lightning","Defragment","Gash","Gash+1","Electrodynamics","Lockon+1","Rebound+1","All For One+1","Ball Lightning","Leap+1","Capacitor","Conserve Battery","Barrage+1"],"relics":["Cracked Core","NlothsMask","Shuriken","Lantern","Astrolabe","Symbiotic Virus","Whetstone","Sling","Omamori","Sozu","Torii","Red Mask"],"potions_floor_usage":[],"damage_taken":[{"damage":3,"enemies":"Jaw Worm","floor":1,"turns":4},{"damage":1,"enemies":"Cultist","floor":3,"turns":3},{"damage":5,"enemies":"Small Slimes","floor":4,"turns":2},{"damage":3,"enemies":"2 Fungi Beasts","floor":5,"turns":3},{"damage":38,"enemies":"3 Sentries","floor":6,"turns":8},{"damage":2,"enemies":"Blue Slaver","floor":12,"turns":2},{"damage":10,"enemies":"Exordium Thugs","floor":13,"turns":3},{"damage":38,"enemies":"Hexaghost","floor":16,"turns":7},{"damage":10,"enemies":"Spheric Guardian","floor":18,"turns":3},{"damage":10,"enemies":"Chosen","floor":19,"turns":3},{"damage":31,"enemies":"3 Cultists","floor":21,"turns":4},{"damage":3,"enemies":"Snecko","floor":25,"turns":3},{"damage":16,"enemies":"Sentry and Sphere","floor":27,"turns":4},{"damage":0,"enemies":"Centurion and Healer","floor":29,"turns":3},{"damage":48,"enemies":"Champ","floor":33,"turns":8},{"damage":7,"enemies":"3 Shapes","floor":35,"turns":3},{"damage":47,"enemies":"2 Orb Walkers","floor":36,"turns":4},{"damage":1,"enemies":"Orb Walker","floor":37,"turns":2},{"damage":31,"enemies":"Giant Head","floor":40,"turns":5}],"seed_played":"-35348010172180896","potions_obtained":[{"floor":3,"key":"FocusPotion"},{"floor":5,"key":"Explosive Potion"},{"floor":13,"key":"Dexterity Potion"}],"is_trial":false,"path_per_floor":["M","?","M","M","M","E","?","?","T","R","$","M","M","$","R","B",null,"M","M","$","M","?","R","?","M","T","M","?","M","T","$","R","B",null,"M","?","M","$","?","E"],"character_chosen":"DEFECT","items_purchased":["Lantern","Capacitor","Sling","Omamori"],"campfire_rested":3,"item_purchase_floors":[11,20,31,31],"current_hp_per_floor":[72,72,71,66,63,25,43,48,48,48,48,46,36,36,60,22,80,70,60,60,29,29,53,53,50,50,34,34,34,34,34,58,10,80,73,26,25,25,25,0],"gold":0,"neow_bonus":"THREE_CARDS","is_prod":false,"is_daily":false,"chose_seed":false,"campfire_upgraded":1,"win_rate":0,"timestamp":1557086862,"path_taken":["M","?","M","M","?","E","?","?","T","R","$","M","M","$","R","BOSS","M","M","$","M","?","R","?","M","T","?","?","M","?","?","R","BOSS","M","?","M","$","?","E"],"build_version":"2019-01-23","purchased_purges":2,"victory":false,"max_hp_per_floor":[75,75,75,75,75,75,75,80,80,80,80,80,80,80,80,80,80,80,80,80,80,80,80,80,80,80,80,80,80,80,80,80,80,80,80,80,80,80,80,80],"card_choices":[{"not_picked":["Leap","Go for the Eyes"],"picked":"Barrage","floor":1},{"not_picked":["Compile Driver","Streamline"],"picked":"Ball Lightning","floor":3},{"not_picked":["Redo","Cold Snap"],"picked":"Conserve Battery","floor":4},{"not_picked":["Recycle","Cold Snap"],"picked":"Ball Lightning","floor":5},{"not_picked":["Rebound","Hyperbeam"],"picked":"Defragment","floor":6},{"not_picked":["Doom and Gloom","Chaos"],"picked":"Gash","floor":12},{"not_picked":["Compile Driver","Leap"],"picked":"Gash","floor":13},{"not_picked":["Core Surge","Reboot"],"picked":"Electrodynamics","floor":16},{"not_picked":["Compile Driver","Go for the Eyes"],"picked":"Ball Lightning","floor":18},{"not_picked":["Coolheaded+1","Steam"],"picked":"Leap+1","floor":19},{"not_picked":["Blizzard","Hello World","Heatsinks+1"],"picked":"SKIP","floor":21},{"not_picked":["Core Surge","Steam"],"picked":"Conserve Battery","floor":25},{"not_picked":["Coolheaded+1","Turbo+1","Rebound"],"picked":"SKIP","floor":27},{"not_picked":["Genetic Algorithm","Hologram+1","Sweeping Beam+1"],"picked":"SKIP","floor":29},{"not_picked":["Rebound+1","White Noise","Beam Cell"],"picked":"SKIP","floor":35},{"not_picked":["Self Repair","Turbo+1"],"picked":"Barrage+1","floor":37}],"player_experience":114501,"relics_obtained":[{"floor":6,"key":"Shuriken"},{"floor":26,"key":"Symbiotic Virus"},{"floor":30,"key":"Whetstone"},{"floor":36,"key":"Torii"}],"event_choices":[{"damage_healed":0,"gold_gain":0,"player_choice":"Trade","damage_taken":0,"relics_obtained":["NlothsMask"],"max_hp_gain":0,"max_hp_loss":0,"event_name":"FaceTrader","floor":2,"gold_loss":0},{"damage_healed":18,"gold_gain":0,"player_choice":"Healed","damage_taken":0,"max_hp_gain":0,"max_hp_loss":0,"event_name":"The Cleric","floor":7,"gold_loss":35},{"damage_healed":0,"gold_gain":0,"player_choice":"Donut","damage_taken":0,"max_hp_gain":5,"max_hp_loss":0,"event_name":"Big Fish","floor":8,"gold_loss":0},{"damage_healed":0,"gold_gain":99,"player_choice":"Stole From Cult","damage_taken":0,"max_hp_gain":0,"max_hp_loss":0,"event_name":"Nest","floor":22,"gold_loss":0},{"damage_healed":0,"gold_gain":250,"player_choice":"Bet on Owner","damage_taken":0,"max_hp_gain":0,"max_hp_loss":0,"event_name":"The Joust","floor":24,"gold_loss":50},{"cards_removed":["Strike_B"],"damage_healed":0,"gold_gain":0,"player_choice":"Gave Gold","damage_taken":0,"max_hp_gain":0,"max_hp_loss":0,"event_name":"Beggar","floor":28,"gold_loss":75},{"damage_healed":0,"gold_gain":0,"player_choice":"Fight","damage_taken":0,"max_hp_gain":0,"max_hp_loss":0,"event_name":"Mysterious Sphere","floor":36,"gold_loss":0},{"damage_healed":0,"gold_gain":0,"player_choice":"Paid","damage_taken":0,"relics_obtained":["Red Mask"],"max_hp_gain":0,"max_hp_loss":0,"event_name":"Tomb of Lord Red Mask","floor":39,"gold_loss":133}],"is_beta":false,"boss_relics":[{"not_picked":["Velvet Choker","Calling Bell"],"picked":"Astrolabe"},{"not_picked":["FrozenCore","Pandora\u0027s Box"],"picked":"Sozu"}],"items_purged_floors":[20,38],"is_endless":false,"potions_floor_spawned":[3,5,13,16,18,25,27,37],"killed_by":"Giant Head","ascension_level":0}