{"gold_per_floor":[116,116,116,191,191,225,244,262,286,309,327,327,352,79,79,209,209,222,247,247,247,247,247,247],"floor_reached":24,"playtime":2104,"items_purged":["Injury"],"score":254,"play_id":"452973b2-7887-451b-9871-25b6e87d919b","local_time":"20190811003045","is_ascension_mode":true,"campfire_choices":[{"floor":12,"key":"REST"},{"floor":15,"key":"REST"},{"floor":23,"key":"REST"}],"neow_cost":"NONE","seed_source_timestamp":777073887151628,"circlet_count":0,"master_deck":["Strike_R","Strike_R","Strike_R","Strike_R","Strike_R","Defend_R","Defend_R","Defend_R","Defend_R","Bash","Dropkick","Flex","Anger","Rampage","Searing Blow","Twin Strike","Intimidate","Perfected Strike","Anger","Armaments","Impervious","Wild Strike+1","Pommel Strike","Writhe","Shrug It Off+1"],"relics":["Burning Blood","NeowsBlessing","Golden Idol","Dream Catcher","Blood Vial","DollysMirror","Philosopher\u0027s Stone","Nilry\u0027s Codex","Smiling Mask"],"potions_floor_usage":[16,19],"damage_taken":[{"damage":0,"enemies":"Jaw Worm","floor":1,"turns":1},{"damage":0,"enemies":"3 Sentries","floor":6,"turns":2},{"damage":0,"enemies":"2 Louse","floor":7,"turns":2},{"damage":7,"enemies":"Small Slimes","floor":8,"turns":3},{"damage":24,"enemies":"3 Louse","floor":10,"turns":3},{"damage":21,"enemies":"Exordium Thugs","floor":11,"turns":5},{"damage":29,"enemies":"Lots of Slimes","floor":13,"turns":4},{"damage":67,"enemies":"Slime Boss","floor":16,"turns":12},{"damage":5,"enemies":"Chosen","floor":18,"turns":3},{"damage":9,"enemies":"2 Thieves","floor":19,"turns":4},{"damage":80,"enemies":"Slavers","floor":24,"turns":7}],"seed_played":"-3922816110772599828","potions_obtained":[{"floor":1,"key":"Weak Potion"},{"floor":7,"key":"SpeedPotion"},{"floor":11,"key":"GamblersBrew"},{"floor":16,"key":"Strength Potion"},{"floor":19,"key":"Ancient Potion"}],"is_trial":false,"path_per_floor":["M","$","?","?","?","E","M","M","T","M","M","R","M","$","R","B",null,"M","M","?","?","$","R","E"],"character_chosen":"IRONCLAD","items_purchased":["DollysMirror"],"campfire_rested":3,"item_purchase_floors":[14],"current_hp_per_floor":[80,80,80,69,69,75,80,79,79,62,49,73,52,52,76,17,80,80,77,61,61,61,80,0],"gold":247,"neow_bonus":"THREE_ENEMY_KILL","is_prod":false,"is_daily":false,"chose_seed":false,"campfire_upgraded":0,"win_rate":0,"timestamp":1565501445,"path_taken":["M","$","?","?","?","E","M","M","T","M","M","R","M","$","R","BOSS","M","M","?","?","$","R","E"],"build_version":"2019-07-17","purchased_purges":1,"victory":false,"max_hp_per_floor":[80,80,80,80,80,80,80,80,80,80,80,80,80,80,80,80,80,80,80,80,80,80,80,80],"card_choices":[{"not_picked":["Rupture","Second Wind"],"picked":"Dropkick","floor":1},{"not_picked":["True Grit","Armaments"],"picked":"Flex","floor":6},{"not_picked":["Iron Wave","Impervious"],"picked":"Anger","floor":7},{"not_picked":["Iron Wave","Thunderclap"],"picked":"Rampage","floor":8},{"not_picked":["Clothesline","Dropkick"],"picked":"Searing Blow","floor":10},{"not_picked":["Clothesline","Armaments"],"picked":"Twin Strike","floor":11},{"not_picked":["Searing Blow","Iron Wave"],"picked":"Intimidate","floor":12},{"not_picked":["Burning Pact","Clothesline"],"picked":"Perfected Strike","floor":13},{"not_picked":["Sword Boomerang","Brutality"],"picked":"Armaments","floor":15},{"not_picked":["Offering","Dark Embrace"],"picked":"Impervious","floor":16},{"not_picked":["Sever Soul","Body Slam"],"picked":"Wild Strike+1","floor":18},{"not_picked":["Searing Blow","Shrug It Off"],"picked":"Pommel Strike","floor":19},{"not_picked":["Entrench","Warcry"],"picked":"Shrug It Off+1","floor":23}],"player_experience":295592,"relics_obtained":[{"floor":6,"key":"Dream Catcher"},{"floor":9,"key":"Blood Vial"},{"floor":20,"key":"Nilry\u0027s Codex"}],"event_choices":[{"damage_healed":0,"gold_gain":0,"player_choice":"Ignored","damage_taken":0,"max_hp_gain":0,"max_hp_loss":0,"event_name":"Golden Wing","floor":3,"gold_loss":0},{"damage_healed":0,"gold_gain":75,"player_choice":"Gather Gold","damage_taken":11,"max_hp_gain":0,"max_hp_loss":0,"event_name":"World of Goop","floor":4,"gold_loss":0},{"damage_healed":0,"gold_gain":0,"player_choice":"Take Wound","damage_taken":0,"relics_obtained":["Golden Idol"],"max_hp_gain":0,"max_hp_loss":0,"event_name":"Golden Idol","floor":5,"gold_loss":0,"cards_obtained":["Injury"]},{"damage_healed":0,"gold_gain":0,"player_choice":"Obtained Book","damage_taken":16,"max_hp_gain":0,"max_hp_loss":0,"event_name":"Cursed Tome","floor":20,"gold_loss":0},{"damage_healed":0,"gold_gain":0,"player_choice":"Opened","damage_taken":0,"relics_obtained":["Smiling Mask"],"max_hp_gain":0,"max_hp_loss":0,"event_name":"The Mausoleum","floor":21,"gold_loss":0,"cards_obtained":["Writhe"]}],"is_beta":false,"boss_relics":[{"not_picked":["White Beast Statue","Cursed Key"],"picked":"Philosopher\u0027s Stone"}],"items_purged_floors":[14],"is_endless":false,"potions_floor_spawned":[1,7,11,13,16,19],"killed_by":"Slavers","ascension_level":3}