{"gold_per_floor":[119,136,162,126,76,76,101,157,182,182,31,44,44,60,60,159,159,172,172,272,282,282,282,312,7,31,31,31,41,55,55,55,151,151,162,162,162,182,182,246,42,0,26,26,46,46,56,73,73,73],"floor_reached":51,"playtime":5063,"items_purged":[],"score":641,"play_id":"4e82ba3a-46b8-4179-ba8f-74671e1824cd","local_time":"20190630173355","is_ascension_mode":false,"campfire_choices":[{"data":"Dagger Throw","floor":6,"key":"SMITH"},{"floor":13,"key":"REST"},{"floor":15,"key":"REST"},{"floor":23,"key":"REST"},{"floor":27,"key":"REST"},{"floor":32,"key":"REST"},{"floor":44,"key":"REST"},{"floor":46,"key":"REST"},{"floor":49,"key":"REST"}],"neow_cost":"TEN_PERCENT_HP_LOSS","seed_source_timestamp":1067540609576652,"circlet_count":0,"master_deck":["Defend_G","Defend_G","Defend_G","Strike_G+1","Strike_G","Strike_G","Strike_G","Strike_G","Survivor","Neutralize+1","Dagger Throw+1","Noxious Fumes","Sucker Punch+1","Bane","Dash","Backstab","Flechettes+1","Bane+1","Quick Slash","Sucker Punch","Poisoned Stab","Phantasmal Killer","Dark Shackles","Purity","Bane","Underhanded Strike","Dagger Spray+1","Backflip","Backstab"],"relics":["Ring of the Snake","Du-Vu Doll","Happy Flower","Bag of Preparation","Bronze Scales","Oddly Smooth Stone","Busted Crown","Kunai","Thread and Needle","Enchiridion","Snake Skull","Pear","Whetstone","Philosopher\u0027s Stone","Letter Opener","Tiny Chest","Regal Pillow","Red Mask","Smiling Mask"],"potions_floor_usage":[20,20,24,24,33,33,40,50,50,50],"damage_taken":[{"damage":1,"enemies":"Cultist","floor":1,"turns":4},{"damage":0,"enemies":"Jaw Worm","floor":2,"turns":5},{"damage":26,"enemies":"Lagavulin","floor":7,"turns":7},{"damage":0,"enemies":"Small Slimes","floor":12,"turns":3},{"damage":1,"enemies":"3 Louse","floor":14,"turns":3},{"damage":23,"enemies":"Slime Boss","floor":16,"turns":11},{"damage":3,"enemies":"Spheric Guardian","floor":18,"turns":4},{"damage":9,"enemies":"Colosseum Slavers","floor":20,"turns":4},{"damage":7,"enemies":"Colosseum Nobs","floor":20,"turns":4},{"damage":2,"enemies":"2 Thieves","floor":21,"turns":3},{"damage":6,"enemies":"Book of Stabbing","floor":24,"turns":5},{"damage":5,"enemies":"3 Cultists","floor":29,"turns":5},{"damage":2,"enemies":"Cultist and Chosen","floor":30,"turns":4},{"damage":65,"enemies":"Automaton","floor":33,"turns":11},{"damage":0,"enemies":"Orb Walker","floor":35,"turns":3},{"damage":19,"enemies":"3 Darklings","floor":38,"turns":8},{"damage":42,"enemies":"Giant Head","floor":40,"turns":9},{"damage":15,"enemies":"Jaw Worm Horde","floor":45,"turns":5},{"damage":0,"enemies":"Maw","floor":47,"turns":7},{"damage":0,"enemies":"Writhing Mass","floor":48,"turns":5},{"damage":71,"enemies":"Donu and Deca","floor":50,"turns":10}],"seed_played":"7926097923989763163","potions_obtained":[{"floor":2,"key":"Dexterity Potion"},{"floor":7,"key":"AttackPotion"},{"floor":16,"key":"Strength Potion"},{"floor":20,"key":"EntropicBrew"},{"floor":24,"key":"AttackPotion"},{"floor":40,"key":"Regen Potion"},{"floor":48,"key":"EssenceOfSteel"}],"is_trial":false,"path_per_floor":["M","M","T","?","?","R","E","?","T","?","$","M","R","M","R","B",null,"M","?","?","M","?","R","E","$","T","R","$","M","M","$","R","B",null,"M","?","?","M","T","E","$","?","T","R","M","R","M","M","R","B",null],"character_chosen":"THE_SILENT","items_purchased":["Oddly Smooth Stone","Pear","Quick Slash","Regal Pillow","FearPotion"],"campfire_rested":8,"item_purchase_floors":[11,25,25,41,41],"current_hp_per_floor":[62,62,62,62,62,62,36,36,36,36,36,36,54,53,63,40,63,60,60,44,42,26,44,38,48,48,69,69,64,62,62,73,8,73,73,68,68,49,49,7,7,7,7,43,28,64,64,64,73,12],"gold":73,"neow_bonus":"ONE_RARE_RELIC","is_prod":false,"is_daily":false,"chose_seed":false,"campfire_upgraded":1,"win_rate":0.0,"timestamp":1561934035,"path_taken":["M","M","?","?","?","R","E","?","T","?","$","M","R","M","R","BOSS","M","?","?","M","?","R","E","$","T","R","$","M","M","?","R","BOSS","M","?","?","M","?","E","$","?","T","R","M","R","M","M","R","BOSS"],"build_version":"2019-01-23","purchased_purges":0,"victory":true,"max_hp_per_floor":[63,63,63,63,63,63,63,63,63,63,63,63,63,63,63,63,63,63,63,63,63,63,63,63,73,73,73,73,73,73,73,73,73,73,73,73,73,73,73,73,73,73,73,73,73,73,73,73,73,73],"card_choices":[{"not_picked":["Prepared","Backflip"],"picked":"Dagger Throw","floor":1},{"not_picked":["Blade Dance","Poisoned Stab"],"picked":"Noxious Fumes","floor":2},{"not_picked":["Dagger Throw","Escape Plan"],"picked":"Sucker Punch","floor":7},{"not_picked":["Cloak And Dagger","Sucker Punch"],"picked":"Bane","floor":12},{"not_picked":["After Image","Outmaneuver"],"picked":"Dash","floor":14},{"not_picked":["Catalyst"],"picked":"SKIP","floor":18},{"not_picked":[],"picked":"Flechettes+1","floor":20},{"not_picked":[],"picked":"Bane+1","floor":21},{"not_picked":["Deadly Poison"],"picked":"SKIP","floor":24},{"not_picked":[],"picked":"Sucker Punch","floor":29},{"not_picked":[],"picked":"Poisoned Stab","floor":30},{"not_picked":[],"picked":"Phantasmal Killer","floor":33},{"not_picked":["Prepared+1"],"picked":"SKIP","floor":35},{"not_picked":[],"picked":"Dark Shackles","floor":36},{"not_picked":[],"picked":"Purity","floor":36},{"not_picked":[],"picked":"Bane","floor":38},{"not_picked":[],"picked":"Underhanded Strike","floor":40},{"not_picked":[],"picked":"Dagger Spray+1","floor":45},{"not_picked":[],"picked":"Backflip","floor":47},{"not_picked":[],"picked":"Backstab","floor":48}],"player_experience":41325,"relics_obtained":[{"floor":3,"key":"Happy Flower"},{"floor":7,"key":"Bag of Preparation"},{"floor":9,"key":"Bronze Scales"},{"floor":20,"key":"Kunai"},{"floor":20,"key":"Thread and Needle"},{"floor":22,"key":"Enchiridion"},{"floor":24,"key":"Snake Skull"},{"floor":26,"key":"Whetstone"},{"floor":39,"key":"Letter Opener"},{"floor":40,"key":"Tiny Chest"},{"floor":43,"key":"Smiling Mask"}],"event_choices":[{"damage_healed":0,"gold_gain":0,"player_choice":"Left Gold","damage_taken":0,"max_hp_gain":0,"max_hp_loss":0,"event_name":"World of Goop","floor":4,"gold_loss":36},{"cards_removed":["Defend_G"],"damage_healed":0,"gold_gain":0,"player_choice":"Card Removal","damage_taken":0,"max_hp_gain":0,"max_hp_loss":0,"event_name":"The Cleric","floor":5,"gold_loss":50},{"damage_healed":0,"gold_gain":56,"player_choice":"Gained Gold","damage_taken":0,"max_hp_gain":0,"max_hp_loss":0,"event_name":"Golden Wing","floor":8,"gold_loss":0},{"damage_healed":0,"gold_gain":0,"player_choice":"Grow","damage_taken":0,"max_hp_gain":0,"max_hp_loss":0,"event_name":"Living Wall","floor":10,"gold_loss":0,"cards_upgraded":["Sucker Punch"]},{"damage_healed":0,"gold_gain":0,"player_choice":"Read","damage_taken":0,"max_hp_gain":0,"max_hp_loss":0,"event_name":"The Library","floor":19,"gold_loss":0,"cards_obtained":["Backstab"]},{"damage_healed":0,"gold_gain":0,"player_choice":"Fight","damage_taken":0,"max_hp_gain":0,"max_hp_loss":0,"event_name":"Colosseum","floor":20,"gold_loss":0},{"damage_healed":0,"gold_gain":0,"player_choice":"Fought Nobs","damage_taken":0,"max_hp_gain":0,"max_hp_loss":0,"event_name":"Colosseum","floor":20,"gold_loss":0},{"damage_healed":0,"gold_gain":0,"player_choice":"Obtained Book","damage_taken":16,"max_hp_gain":0,"max_hp_loss":0,"event_name":"Cursed Tome","floor":22,"gold_loss":0},{"damage_healed":0,"gold_gain":0,"player_choice":"Memory 2","damage_taken":5,"max_hp_gain":0,"max_hp_loss":0,"event_name":"SensoryStone","floor":36,"gold_loss":0},{"cards_removed":["Defend_G"],"damage_healed":0,"gold_gain":0,"player_choice":"Removed Skill","damage_taken":0,"max_hp_gain":0,"max_hp_loss":0,"event_name":"Falling","floor":37,"gold_loss":0},{"damage_healed":0,"gold_gain":0,"player_choice":"Paid","damage_taken":0,"relics_obtained":["Red Mask"],"max_hp_gain":0,"max_hp_loss":0,"event_name":"Tomb of Lord Red Mask","floor":42,"gold_loss":42}],"is_beta":false,"boss_relics":[{"not_picked":["HoveringKite","Snecko Eye"],"picked":"Busted Crown"},{"not_picked":["Runic Dome","Coffee Dripper"],"picked":"Philosopher\u0027s Stone"}],"items_purged_floors":[],"is_endless":false,"potions_floor_spawned":[2,7,16,20,24,30,40,48],"ascension_level":0}