{"gold_per_floor":[110,122,140,140,19,19,52,52,52,52,71,82,82,117,117,190,190,206,206,217,217,8,8,22,22,101,101,115,132,151,151,151,229,229,246,246,246,246,264,264,298,298,298,298,329,329,4,16,16,16,16],"floor_reached":52,"playtime":2373,"items_purged":["Strike_B","Strike_B"],"score":2086,"play_id":"fc4905d6-70a7-4018-8940-9cc7e1038eb4","local_time":"20190831220319","is_ascension_mode":true,"campfire_choices":[{"data":"Zap","floor":6.0,"key":"SMITH"},{"data":"Heatsinks","floor":8.0,"key":"SMITH"},{"data":"Dualcast","floor":10.0,"key":"SMITH"},{"data":"Lockon","floor":15.0,"key":"SMITH"},{"data":"Heatsinks","floor":23.0,"key":"SMITH"},{"data":"Turbo","floor":27.0,"key":"SMITH"},{"floor":32.0,"key":"RECALL"},{"data":"Capacitor","floor":40.0,"key":"SMITH"},{"data":"Capacitor","floor":49.0,"key":"SMITH"}],"neow_cost":"NONE","seed_source_timestamp":339256947995657,"circlet_count":0,"master_deck":["AscendersBane","Defend_B","Defend_B","Defend_B","Defend_B","Zap+1","Dualcast+1","Compile Driver","Turbo+1","Heatsinks+1","Lockon+1","Self Repair","Darkness+1","Hologram+1","Redo+1","Echo Form","Glacier+1","Capacitor+1","Heatsinks+1","Consume+1","Cold Snap","White Noise+1","Double Energy+1","Coolheaded+1","Turbo+1","Capacitor+1","Ball Lightning+1","Capacitor","Turbo+1","Undo+1","All For One","Stack+1","Conserve Battery+1","Deep Breath+1","Discovery+1","BootSequence+1","Fission+1","Stack+1","Core Surge"],"special_seed":0,"relics":["Coffee Dripper","Dream Catcher","Toxic Egg 2","Art of War","Orrery","Ornamental Fan","Nuclear Battery","Bottled Flame","Anchor"],"potions_floor_usage":[51,51],"damage_taken":[{"damage":3.0,"enemies":"2 Louse","floor":1.0,"turns":3.0},{"damage":0.0,"enemies":"Cultist","floor":2.0,"turns":4.0},{"damage":2.0,"enemies":"Jaw Worm","floor":3.0,"turns":2.0},{"damage":22.0,"enemies":"Lagavulin","floor":7.0,"turns":8.0},{"damage":10.0,"enemies":"Large Slime","floor":11.0,"turns":5.0},{"damage":11.0,"enemies":"2 Fungi Beasts","floor":12.0,"turns":4.0},{"damage":21.0,"enemies":"3 Sentries","floor":14.0,"turns":7.0},{"damage":5.0,"enemies":"Hexaghost","floor":16.0,"turns":8.0},{"damage":7.0,"enemies":"3 Byrds","floor":18.0,"turns":5.0},{"damage":4.0,"enemies":"Chosen","floor":20.0,"turns":7.0},{"damage":10.0,"enemies":"Centurion and Healer","floor":24.0,"turns":6.0},{"damage":0.0,"enemies":"Snake Plant","floor":28.0,"turns":7.0},{"damage":0.0,"enemies":"Cultist and Chosen","floor":29.0,"turns":5.0},{"damage":16.0,"enemies":"Snecko","floor":30.0,"turns":6.0},{"damage":4.0,"enemies":"Automaton","floor":33.0,"turns":7.0},{"damage":6.0,"enemies":"3 Shapes","floor":35.0,"turns":4.0},{"damage":11.0,"enemies":"3 Darklings","floor":39.0,"turns":7.0},{"damage":40.0,"enemies":"Nemesis","floor":41.0,"turns":5.0},{"damage":0.0,"enemies":"Giant Head","floor":45.0,"turns":7.0},{"damage":0.0,"enemies":"Jaw Worm Horde","floor":48.0,"turns":3.0},{"damage":0.0,"enemies":"Donu and Deca","floor":50.0,"turns":11.0},{"damage":13,"enemies":"Time Eater","floor":51,"turns":14}],"seed_played":"4242027396115047793","potions_obtained":[{"floor":3.0,"key":"SpeedPotion"},{"floor":12.0,"key":"Dexterity Potion"},{"floor":16.0,"key":"SkillPotion"},{"floor":24.0,"key":"Poison Potion"},{"floor":28.0,"key":"Dexterity Potion"},{"floor":45.0,"key":"AttackPotion"},{"floor":48.0,"key":"FocusPotion"}],"is_trial":false,"path_per_floor":["M","M","M","?","$","R","E","R","T","R","M","M","?","E","R","B",null,"M","?","M","?","$","R","M","?","T","R","M","M","M","?","R","B",null,"M","?","?","?","M","R","E","?","T","?","E","?","$","M","R","B","B",null],"character_chosen":"DEFECT","items_purchased":["Heatsinks","Lockon","Turbo+1","Capacitor","Fission+1","Stack+1"],"campfire_rested":0,"item_purchase_floors":[5,5,22,22,47,47],"current_hp_per_floor":[61,61,59,59,59,59,37,37,37,37,34,30,30,16,16,18,58,58,58,61,61,61,61,65,65,65,65,71,71,69,49,49,52,70,71,71,71,60,56,56,23,18,18,18,25,25,25,32,32,39,33],"gold":16,"neow_bonus":"BOSS_RELIC","is_prod":false,"is_daily":false,"chose_seed":false,"campfire_upgraded":8,"win_rate":0,"timestamp":1567260199,"path_taken":["M","M","M","?","$","R","E","R","T","R","?","M","?","E","R","BOSS","M","?","M","?","$","R","M","?","T","R","M","M","?","?","R","BOSS","M","?","?","?","?","R","E","?","T","?","E","?","$","M","R","BOSS","BOSS"],"build_version":"2019-07-17","purchased_purges":2,"victory":true,"max_hp_per_floor":[71,71,71,71,71,71,71,71,71,71,71,71,71,71,71,71,71,71,71,71,71,71,71,71,71,71,71,71,71,71,76,76,76,76,76,76,76,76,76,76,76,76,76,72,72,72,72,72,72,72,72],"card_choices":[{"not_picked":["Conserve Battery","Scrape"],"picked":"Cold Snap","floor":1.0},{"not_picked":["Tempest","Rebound"],"picked":"Compile Driver","floor":2.0},{"not_picked":["White Noise","Steam"],"picked":"Turbo","floor":3.0},{"not_picked":["Compile Driver","Genetic Algorithm"],"picked":"Self Repair","floor":7.0},{"not_picked":["Compile Driver","Stack+1"],"picked":"Darkness+1","floor":11.0},{"not_picked":["Beam Cell","Rebound"],"picked":"Hologram+1","floor":12.0},{"not_picked":["Gash","Static Discharge"],"picked":"Redo+1","floor":14.0},{"not_picked":["Reboot+1","Thunder Strike"],"picked":"Echo Form","floor":16.0},{"not_picked":["Rip and Tear","Capacitor"],"picked":"Glacier+1","floor":17.0},{"not_picked":["Rip and Tear","Hologram+1"],"picked":"Capacitor","floor":17.0},{"not_picked":["Gash","Rip and Tear"],"picked":"Heatsinks","floor":17.0},{"not_picked":["Melter","Thunder Strike"],"picked":"Consume+1","floor":17.0},{"not_picked":["Barrage","Sweeping Beam"],"picked":"Cold Snap","floor":17.0},{"not_picked":["Cold Snap","Streamline"],"picked":"White Noise+1","floor":18.0},{"not_picked":["Steam Power+1","FTL"],"picked":"Double Energy+1","floor":20.0},{"not_picked":["Rip and Tear","Darkness+1"],"picked":"Ball Lightning+1","floor":24.0},{"not_picked":["Turbo+1","Conserve Battery+1"],"picked":"Capacitor","floor":28.0},{"not_picked":["Scrape","Stack+1"],"picked":"Turbo+1","floor":29.0},{"not_picked":["Hologram+1","Turbo+1"],"picked":"Undo+1","floor":30.0},{"not_picked":["Creative AI","Hyperbeam"],"picked":"All For One","floor":33.0},{"not_picked":["Barrage+1","Steam+1"],"picked":"Stack+1","floor":35.0},{"not_picked":["Redo+1","Doom and Gloom+1"],"picked":"Conserve Battery+1","floor":39.0},{"not_picked":["Turbo+1","Gash","Darkness+1"],"picked":"SKIP","floor":41.0},{"not_picked":["Discovery+1","Panacea+1"],"picked":"Deep Breath+1","floor":42.0},{"not_picked":["Mind Blast","Forethought+1"],"picked":"Discovery+1","floor":42.0},{"not_picked":["Genetic Algorithm+1","Barrage"],"picked":"BootSequence+1","floor":45.0},{"not_picked":["Hologram+1","Darkness+1"],"picked":"Core Surge","floor":48.0}],"player_experience":2259245,"relics_obtained":[{"floor":7.0,"key":"Dream Catcher"},{"floor":9.0,"key":"Toxic Egg 2"},{"floor":14.0,"key":"Art of War"},{"floor":26.0,"key":"Ornamental Fan"},{"floor":41.0,"key":"Bottled Flame"},{"floor":45.0,"key":"Anchor"}],"event_choices":[{"cards_removed":["Strike_B"],"damage_healed":0.0,"max_hp_gain":0.0,"max_hp_loss":0.0,"gold_gain":0.0,"event_name":"Wheel of Change","player_choice":"Card Removal","floor":4.0,"gold_loss":0.0,"damage_taken":0.0},{"damage_healed":0.0,"max_hp_gain":0.0,"max_hp_loss":0.0,"gold_gain":0.0,"event_name":"Liars Game","player_choice":"Ignored","floor":13.0,"gold_loss":0.0,"damage_taken":0.0},{"damage_healed":0.0,"max_hp_gain":0.0,"max_hp_loss":0.0,"gold_gain":0.0,"event_name":"The Mausoleum","player_choice":"Ignored","floor":19.0,"gold_loss":0.0,"damage_taken":0.0},{"damage_healed":0.0,"max_hp_gain":0.0,"max_hp_loss":0.0,"gold_gain":0.0,"event_name":"The Library","player_choice":"Read","floor":21.0,"gold_loss":0.0,"damage_taken":0.0,"cards_obtained":["Coolheaded"]},{"cards_removed":["Strike_B"],"damage_healed":0.0,"max_hp_gain":0.0,"max_hp_loss":0.0,"gold_gain":0.0,"event_name":"Purifier","player_choice":"Purged","floor":25.0,"gold_loss":0.0,"damage_taken":0.0},{"damage_healed":0.0,"max_hp_gain":5.0,"max_hp_loss":0.0,"gold_gain":0.0,"event_name":"Forgotten Altar","player_choice":"Shed Blood","floor":31.0,"gold_loss":0.0,"damage_taken":25.0},{"cards_removed":["Cold Snap"],"damage_healed":0.0,"max_hp_gain":0.0,"max_hp_loss":0.0,"gold_gain":0.0,"event_name":"Falling","player_choice":"Removed Attack","floor":36.0,"gold_loss":0.0,"damage_taken":0.0},{"damage_healed":0.0,"max_hp_gain":0.0,"max_hp_loss":0.0,"gold_gain":0.0,"event_name":"Tomb of Lord Red Mask","player_choice":"Ignored","floor":37.0,"gold_loss":0.0,"damage_taken":0.0},{"damage_healed":0.0,"max_hp_gain":0.0,"max_hp_loss":0.0,"gold_gain":0.0,"event_name":"Wheel of Change","player_choice":"Damaged","floor":38.0,"gold_loss":0.0,"damage_taken":11.0},{"damage_healed":0.0,"max_hp_gain":0.0,"max_hp_loss":0.0,"gold_gain":0.0,"event_name":"SensoryStone","player_choice":"Memory 2","floor":42.0,"gold_loss":0.0,"damage_taken":5.0},{"damage_healed":0.0,"max_hp_gain":0.0,"max_hp_loss":4.0,"gold_gain":0.0,"event_name":"Winding Halls","player_choice":"Max HP","floor":44.0,"gold_loss":0.0,"damage_taken":0.0},{"damage_healed":0.0,"max_hp_gain":0.0,"max_hp_loss":0.0,"gold_gain":0.0,"event_name":"Mysterious Sphere","player_choice":"Ignored","floor":46.0,"gold_loss":0.0,"damage_taken":0.0}],"is_beta":false,"boss_relics":[{"not_picked":["Eternal Feather","Velvet Choker"],"picked":"Orrery"},{"not_picked":["Snecko Eye","White Beast Statue"],"picked":"Nuclear Battery"}],"items_purged_floors":[22,47],"is_endless":false,"potions_floor_spawned":[3,12,16,24,28,30,45,48],"ascension_level":20}