{"gold_per_floor":[113,113,125,125,135,166,166,166,191,204,217,228,68,94,94,193,193,204,214,313,313],"floor_reached":21,"playtime":1226,"items_purged":["Strike_B"],"score":181,"play_id":"2018ede0-1784-4a05-9294-39c266881ba6","local_time":"20190425210542","is_ascension_mode":false,"campfire_choices":[{"floor":8,"key":"REST"},{"data":"Barrage","floor":15,"key":"SMITH"}],"neow_cost":"NONE","seed_source_timestamp":13730635651024,"circlet_count":0,"master_deck":["Strike_B","Strike_B","Defend_B","Defend_B","Defend_B","Defend_B","Zap","Dualcast+1","Rainbow","Self Repair","Barrage+1","Ball Lightning","Ball Lightning","Gash","Self Repair","Amplify","Tempest","Barrage"],"relics":["Cracked Core","Ancient Tea Set","Juzu Bracelet","Odd Mushroom","Black Star"],"potions_floor_usage":[],"damage_taken":[{"damage":4,"enemies":"Jaw Worm","floor":1,"turns":3},{"damage":1,"enemies":"Cultist","floor":3,"turns":3},{"damage":2,"enemies":"Small Slimes","floor":5,"turns":2},{"damage":46,"enemies":"Gremlin Nob","floor":6,"turns":5},{"damage":0,"enemies":"2 Fungi Beasts","floor":10,"turns":3},{"damage":8,"enemies":"Exordium Thugs","floor":11,"turns":4},{"damage":5,"enemies":"Looter","floor":12,"turns":2},{"damage":26,"enemies":"The Mushroom Lair","floor":14,"turns":4},{"damage":25,"enemies":"Slime Boss","floor":16,"turns":9},{"damage":23,"enemies":"Spheric Guardian","floor":18,"turns":4},{"damage":25,"enemies":"3 Byrds","floor":19,"turns":4},{"damage":52,"enemies":"Sentry and Sphere","floor":21,"turns":5}],"seed_played":"5463015616961875918","potions_obtained":[{"floor":3,"key":"Swift Potion"},{"floor":12,"key":"FearPotion"},{"floor":14,"key":"EssenceOfSteel"}],"is_trial":false,"path_per_floor":["M","?","M","?","M","E","?","R","T","M","M","M","$","?","R","B",null,"M","M","?","M"],"character_chosen":"DEFECT","items_purchased":["Gash","Self Repair"],"campfire_rested":1,"item_purchase_floors":[13,13],"current_hp_per_floor":[71,64,70,70,75,36,29,51,51,58,57,59,59,47,47,29,75,59,48,48,0],"gold":313,"neow_bonus":"ONE_RANDOM_RARE_CARD","is_prod":false,"is_daily":false,"chose_seed":false,"campfire_upgraded":1,"win_rate":0.0,"timestamp":1556251542,"path_taken":["M","?","?","?","?","E","?","R","T","M","M","M","?","?","R","BOSS","M","M","?","M"],"build_version":"2019-01-23","purchased_purges":1,"victory":false,"max_hp_per_floor":[75,75,75,75,75,75,75,75,75,75,75,75,75,75,75,75,75,75,75,75,75],"card_choices":[{"not_picked":["Barrage","Genetic Algorithm"],"picked":"Self Repair","floor":1},{"not_picked":["Coolheaded","Stack","Redo"],"picked":"SKIP","floor":3},{"not_picked":["Hello World","Turbo","Cold Snap"],"picked":"SKIP","floor":5},{"not_picked":["Turbo","Lockon"],"picked":"Barrage","floor":6},{"not_picked":["BootSequence","Heatsinks"],"picked":"Ball Lightning","floor":10},{"not_picked":["Recycle","Fusion"],"picked":"Ball Lightning","floor":11},{"not_picked":["Hologram","Chill","Coolheaded"],"picked":"SKIP","floor":12},{"not_picked":["Multi-Cast","Thunder Strike"],"picked":"Amplify","floor":16},{"not_picked":["Streamline","Chill"],"picked":"Tempest","floor":18},{"not_picked":["Coolheaded","Turbo"],"picked":"Barrage","floor":19}],"player_experience":89772,"relics_obtained":[{"floor":6,"key":"Ancient Tea Set"},{"floor":9,"key":"Juzu Bracelet"},{"floor":14,"key":"Odd Mushroom"}],"event_choices":[{"damage_healed":0,"gold_gain":0,"player_choice":"Damaged","damage_taken":7,"max_hp_gain":0,"max_hp_loss":0,"event_name":"Wheel of Change","floor":2,"gold_loss":0},{"damage_healed":0,"gold_gain":0,"player_choice":"Forge","damage_taken":0,"max_hp_gain":0,"max_hp_loss":0,"event_name":"Accursed Blacksmith","floor":4,"gold_loss":0,"cards_upgraded":["Dualcast"]},{"cards_removed":["Strike_B"],"damage_healed":0,"gold_gain":0,"player_choice":"Card Removal","damage_taken":7,"max_hp_gain":0,"max_hp_loss":0,"event_name":"Golden Wing","floor":7,"gold_loss":0},{"damage_healed":0,"gold_gain":0,"player_choice":"Fought Mushrooms","damage_taken":0,"max_hp_gain":0,"max_hp_loss":0,"event_name":"Mushrooms","floor":14,"gold_loss":0},{"damage_healed":0,"gold_gain":99,"player_choice":"Stole From Cult","damage_taken":0,"max_hp_gain":0,"max_hp_loss":0,"event_name":"Nest","floor":20,"gold_loss":0}],"is_beta":false,"boss_relics":[{"not_picked":["Busted Crown","Fusion Hammer"],"picked":"Black Star"}],"items_purged_floors":[13],"is_endless":false,"potions_floor_spawned":[3,5,12,14,16],"killed_by":"Sentry and Sphere","ascension_level":0}