{"gold_per_floor":[114,114,131,131,131,131,147,180,232,271,271,302,153,176,176,300,300,324,423,423,135,150,150,169,169,169,169,185,185,185,198,198,327,327,341,341,341,416,9,9,9,9,34,49,49],"floor_reached":45,"playtime":5349,"items_purged":[],"score":491,"play_id":"cc56505f-e134-4d34-97fa-de5882be0abb","local_time":"20190831002039","is_ascension_mode":true,"campfire_choices":[{"data":"Cleave","floor":6,"key":"SMITH"},{"floor":11,"key":"REST"},{"floor":15,"key":"REST"},{"data":"Immolate","floor":23,"key":"SMITH"},{"floor":25,"key":"REST"},{"data":"Armaments","floor":29,"key":"SMITH"},{"data":"Thunderclap","floor":32,"key":"SMITH"},{"floor":40,"key":"REST"},{"data":"Metamorphosis","floor":42,"key":"SMITH"}],"neow_cost":"NONE","seed_source_timestamp":156770568152500,"circlet_count":0,"master_deck":["Strike_R","Strike_R","Strike_R","Strike_R","Strike_R+1","Defend_R","Defend_R","Defend_R","Defend_R","Bash","Cleave+1","Perfected Strike+1","Injury","Fiend Fire","Heavy Blade","Anger","Rage","Pommel Strike","Immolate+1","Bloodletting","Shrug It Off+1","Thunderclap+1","Armaments+1","Searing Blow","Double Tap","Rampage","Madness","Madness","Metamorphosis+1","Impervious","Bash","Spot Weakness","Anger+1"],"relics":["Black Blood","Juzu Bracelet","Golden Idol","Red Skull","Whetstone","Bag of Preparation","Bronze Scales","Happy Flower","Philosopher\u0027s Stone","Incense Burner","Pen Nib","Strange Spoon","Centennial Puzzle"],"potions_floor_usage":[16,16,16,33,33,44,45,45],"damage_taken":[{"damage":18,"enemies":"Jaw Worm","floor":1,"turns":4},{"damage":10,"enemies":"Small Slimes","floor":3,"turns":4},{"damage":1,"enemies":"Cultist","floor":7,"turns":3},{"damage":25,"enemies":"3 Sentries","floor":8,"turns":6},{"damage":8,"enemies":"Gremlin Nob","floor":10,"turns":3},{"damage":25,"enemies":"3 Sentries","floor":12,"turns":4},{"damage":0,"enemies":"3 Louse","floor":14,"turns":2},{"damage":48,"enemies":"The Guardian","floor":16,"turns":9},{"damage":7,"enemies":"Shell Parasite","floor":18,"turns":3},{"damage":18,"enemies":"2 Thieves","floor":22,"turns":3},{"damage":6,"enemies":"Chosen and Byrds","floor":24,"turns":4},{"damage":14,"enemies":"Cultist and Chosen","floor":28,"turns":3},{"damage":3,"enemies":"Snecko","floor":31,"turns":2},{"damage":70,"enemies":"Collector","floor":33,"turns":8},{"damage":21,"enemies":"3 Darklings","floor":35,"turns":2},{"damage":19,"enemies":"3 Shapes","floor":44,"turns":2},{"damage":92,"enemies":"Nemesis","floor":45,"turns":5}],"seed_played":"3991996628740641981","potions_obtained":[{"floor":3,"key":"Swift Potion"},{"floor":8,"key":"Weak Potion"},{"floor":12,"key":"AttackPotion"},{"floor":18,"key":"GamblersBrew"},{"floor":22,"key":"LiquidBronze"},{"floor":31,"key":"BloodPotion"},{"floor":35,"key":"Explosive Potion"},{"floor":44,"key":"SteroidPotion"}],"is_trial":false,"path_per_floor":["M","?","M","?","?","R","M","E","T","E","R","E","$","M","R","B",null,"M","?","?","$","M","R","M","R","T","$","M","R","?","M","R","B",null,"M","$","?","?","$","R","?","R","T","M","E"],"character_chosen":"IRONCLAD","items_purchased":["Happy Flower","Incense Burner","Strange Spoon","Metamorphosis"],"campfire_rested":4,"item_purchase_floors":[13,21,39,39],"current_hp_per_floor":[68,73,69,69,61,61,66,47,47,45,70,51,51,57,82,40,85,84,84,84,84,72,72,72,85,85,85,77,77,77,80,80,16,85,74,74,63,55,55,80,80,80,80,71,0],"gold":49,"neow_bonus":"RANDOM_COMMON_RELIC","is_prod":false,"is_daily":false,"chose_seed":false,"campfire_upgraded":5,"win_rate":0,"timestamp":1567228839,"path_taken":["M","?","M","?","?","R","M","E","T","E","R","E","?","M","R","BOSS","M","?","?","$","M","R","M","R","T","$","M","R","?","M","R","BOSS","M","$","?","?","$","R","?","R","T","M","E"],"build_version":"2019-07-17","purchased_purges":0,"victory":false,"max_hp_per_floor":[80,85,85,85,85,85,85,85,85,85,85,85,85,85,85,85,85,85,85,85,85,85,85,85,85,85,85,85,85,85,85,85,85,85,85,85,85,85,85,85,85,85,85,85,85],"card_choices":[{"not_picked":["Corruption","Anger"],"picked":"Cleave","floor":1},{"not_picked":["Pummel","Flex"],"picked":"Perfected Strike","floor":3},{"not_picked":["Pummel","Perfected Strike"],"picked":"Fiend Fire","floor":7},{"not_picked":["Clothesline","Perfected Strike"],"picked":"Heavy Blade","floor":8},{"not_picked":["Headbutt","Twin Strike"],"picked":"Anger","floor":10},{"not_picked":["Havoc","Uppercut"],"picked":"Rage","floor":12},{"not_picked":["Clothesline","Shrug It Off"],"picked":"Pommel Strike","floor":14},{"not_picked":["Dark Embrace","Bludgeon"],"picked":"Immolate","floor":16},{"not_picked":["Second Wind","Havoc"],"picked":"Bloodletting","floor":18},{"not_picked":["Armaments","Intimidate"],"picked":"Shrug It Off+1","floor":22},{"not_picked":["Exhume","Dual Wield+1"],"picked":"Thunderclap","floor":24},{"not_picked":["Sword Boomerang","Ghostly Armor+1"],"picked":"Armaments","floor":28},{"not_picked":["Shrug It Off","Thunderclap"],"picked":"Searing Blow","floor":31},{"not_picked":["Juggernaut","Exhume"],"picked":"Double Tap","floor":33},{"not_picked":["Uppercut+1","Sword Boomerang+1"],"picked":"Rampage","floor":35},{"not_picked":["Body Slam+1","Twin Strike"],"picked":"Anger+1","floor":44}],"player_experience":371353,"relics_obtained":[{"floor":8,"key":"Red Skull"},{"floor":9,"key":"Whetstone"},{"floor":10,"key":"Bag of Preparation"},{"floor":12,"key":"Bronze Scales"},{"floor":26,"key":"Pen Nib"},{"floor":43,"key":"Centennial Puzzle"}],"event_choices":[{"damage_healed":0,"gold_gain":0,"player_choice":"Donut","damage_taken":0,"max_hp_gain":5,"max_hp_loss":0,"event_name":"Big Fish","floor":2,"gold_loss":0},{"damage_healed":0,"gold_gain":0,"player_choice":"Take Wound","damage_taken":0,"relics_obtained":["Golden Idol"],"max_hp_gain":0,"max_hp_loss":0,"event_name":"Golden Idol","floor":4,"gold_loss":0,"cards_obtained":["Injury"]},{"damage_healed":0,"gold_gain":0,"player_choice":"Damaged","damage_taken":8,"max_hp_gain":0,"max_hp_loss":0,"event_name":"Wheel of Change","floor":5,"gold_loss":0},{"damage_healed":0,"gold_gain":99,"player_choice":"Stole From Cult","damage_taken":0,"max_hp_gain":0,"max_hp_loss":0,"event_name":"Nest","floor":19,"gold_loss":0},{"damage_healed":0,"gold_gain":0,"player_choice":"Ignored","damage_taken":0,"max_hp_gain":0,"max_hp_loss":0,"event_name":"Ghosts","floor":20,"gold_loss":0},{"damage_healed":0,"gold_gain":0,"player_choice":"Ignored","damage_taken":0,"max_hp_gain":0,"max_hp_loss":0,"event_name":"N\u0027loth","floor":30,"gold_loss":0},{"damage_healed":0,"gold_gain":0,"player_choice":"Embrace Madness","damage_taken":11,"max_hp_gain":0,"max_hp_loss":0,"event_name":"Winding Halls","floor":37,"gold_loss":0,"cards_obtained":["Madness","Madness"]},{"damage_healed":0,"gold_gain":75,"player_choice":"Touch","damage_taken":8,"max_hp_gain":0,"max_hp_loss":0,"event_name":"FaceTrader","floor":38,"gold_loss":0},{"damage_healed":0,"gold_gain":0,"player_choice":"3 cards matched","damage_taken":0,"max_hp_gain":0,"max_hp_loss":0,"event_name":"Match and Keep!","floor":41,"gold_loss":0,"cards_obtained":["Impervious","Bash","Spot Weakness"]}],"is_beta":false,"boss_relics":[{"not_picked":["Orrery","Eternal Feather"],"picked":"Philosopher\u0027s Stone"},{"not_picked":["Fusion Hammer","Tiny House"],"picked":"Black Blood"}],"items_purged_floors":[],"is_endless":false,"potions_floor_spawned":[3,8,12,14,18,22,31,35,44],"killed_by":"Nemesis","ascension_level":3}