{"gold_per_floor":[110,110,120,132,97,97,113,113,113,113,133,133,144,0,0,101,101,121,121,121,121,135,135,151,151,177,177,205,205,205,222,222,322,322,334,103,103,103,115,115,125,125,125,137,137,137,0,13,13,13],"floor_reached":50,"playtime":5297,"items_purged":["Shame"],"score":548,"play_id":"ef007d8f-ecdd-46a7-b8d9-a909f500e744","local_time":"20190705233702","is_ascension_mode":true,"campfire_choices":[{"floor":6,"key":"RECALL"},{"data":"Finisher","floor":10,"key":"SMITH"},{"data":"Quick Slash","floor":15,"key":"SMITH"},{"floor":23,"key":"REST"},{"floor":25,"key":"REST"},{"floor":30,"key":"REST"},{"floor":32,"key":"REST"},{"floor":40,"key":"REST"},{"floor":49,"key":"REST"}],"neow_cost":"NONE","seed_source_timestamp":26032207784426,"circlet_count":0,"master_deck":["Survivor","Neutralize","Sucker Punch","Storm of Steel","Dramatic Entrance","Acrobatics+1","Finisher+1","Quick Slash+1","Quick Slash","Parasite","Dagger Throw","Deflect+1","Blade Dance+1","Dodge and Roll+1","Quick Slash","RitualDagger","Writhe","Quick Slash","Finisher","Backstab+1","Quick Slash","Bullet Time","Infinite Blades","Venomology","Terror","Predator","Poisoned Stab","Leg Sweep","After Image","Backstab","Eviscerate+1","Predator+1","Slice","Writhe","Cloak And Dagger+1"],"relics":["Philosopher\u0027s Stone","Mummified Hand","War Paint","Astrolabe","MutagenicStrength","Incense Burner","Boot","Pocketwatch","Pandora\u0027s Box","Potion Belt","Nunchaku","Red Mask"],"potions_floor_usage":[33,35,48,48,48],"damage_taken":[{"damage":0,"enemies":"Cultist","floor":1,"turns":4},{"damage":11,"enemies":"Small Slimes","floor":3,"turns":3},{"damage":4,"enemies":"Jaw Worm","floor":4,"turns":4},{"damage":6,"enemies":"Red Slaver","floor":7,"turns":3},{"damage":2,"enemies":"2 Fungi Beasts","floor":11,"turns":2},{"damage":3,"enemies":"Blue Slaver","floor":13,"turns":2},{"damage":18,"enemies":"Slime Boss","floor":16,"turns":13},{"damage":16,"enemies":"3 Byrds","floor":18,"turns":7},{"damage":8,"enemies":"Shell Parasite","floor":22,"turns":6},{"damage":7,"enemies":"3 Cultists","floor":24,"turns":4},{"damage":40,"enemies":"Book of Stabbing","floor":28,"turns":7},{"damage":12,"enemies":"Snecko","floor":31,"turns":5},{"damage":53,"enemies":"Champ","floor":33,"turns":9},{"damage":38,"enemies":"3 Darklings","floor":35,"turns":8},{"damage":18,"enemies":"Orb Walker","floor":39,"turns":3},{"damage":31,"enemies":"4 Shapes","floor":41,"turns":4},{"damage":12,"enemies":"3 Darklings","floor":44,"turns":4},{"damage":42,"enemies":"Writhing Mass","floor":48,"turns":4},{"damage":38,"enemies":"Donu and Deca","floor":50,"turns":3}],"seed_played":"-3447030751867797615","potions_obtained":[{"floor":1,"key":"SteroidPotion"},{"floor":3,"key":"PowerPotion"},{"floor":4,"key":"LiquidBronze"},{"floor":11,"key":"Ancient Potion"},{"floor":16,"key":"Fire Potion"},{"floor":41,"key":"SpeedPotion"},{"floor":44,"key":"Weak Potion"}],"is_trial":false,"path_per_floor":["M","?","M","M","?","R","M","$","T","R","M","?","M","$","R","B",null,"M","?","?","?","M","R","M","R","T","$","E","?","R","M","R","B",null,"M","$","?","$","M","R","M","?","T","M","?","$","?","M","R","B"],"character_chosen":"THE_SILENT","items_purchased":["War Paint","Potion Belt"],"campfire_rested":6,"item_purchase_floors":[14,36],"current_hp_per_floor":[70,70,59,55,70,70,64,64,64,64,62,70,67,67,67,49,70,54,48,48,48,40,61,54,70,70,70,30,30,51,39,60,7,70,32,32,32,32,14,35,4,61,61,49,61,61,61,19,37,0],"gold":13,"neow_bonus":"BOSS_RELIC","is_prod":false,"is_daily":false,"chose_seed":false,"campfire_upgraded":2,"win_rate":0,"timestamp":1562387822,"path_taken":["M","?","M","?","?","R","M","$","T","R","M","?","?","?","R","BOSS","M","?","?","?","M","R","M","R","T","?","E","?","R","?","R","BOSS","M","$","?","$","M","R","M","?","T","M","?","$","?","?","R","BOSS"],"build_version":"2019-07-05","purchased_purges":1,"victory":false,"max_hp_per_floor":[70,70,70,70,70,70,70,70,70,70,70,70,70,70,70,70,70,70,70,70,70,70,70,70,70,70,70,70,70,70,70,70,70,70,70,70,70,70,70,70,70,61,61,61,61,61,61,61,61,61],"card_choices":[{"not_picked":["Dagger Throw","Deflect"],"picked":"Sucker Punch","floor":1},{"not_picked":["Dodge and Roll","Underhanded Strike"],"picked":"Acrobatics","floor":3},{"not_picked":["Skewer","Sucker Punch"],"picked":"Finisher","floor":4},{"not_picked":["Prepared","Escape Plan"],"picked":"Quick Slash","floor":7},{"not_picked":["Reflex","Heel Hook"],"picked":"Quick Slash","floor":11},{"not_picked":["Calculated Gamble","Blade Dance"],"picked":"Dagger Throw","floor":13},{"not_picked":["Venomology","Storm of Steel"],"picked":"Doppelganger","floor":16},{"not_picked":["Choke","Terror"],"picked":"Quick Slash","floor":18},{"not_picked":["Poisoned Stab","Flechettes"],"picked":"Quick Slash","floor":22},{"not_picked":["Dodge and Roll","Cloak And Dagger"],"picked":"Finisher","floor":24},{"not_picked":["Riddle With Holes+1","Calculated Gamble"],"picked":"Backstab+1","floor":28},{"not_picked":["Crippling Poison","Underhanded Strike+1"],"picked":"Quick Slash","floor":31},{"not_picked":["Envenom","Wraith Form v2"],"picked":"Bullet Time","floor":33},{"not_picked":["Deadly Poison","PiercingWail+1"],"picked":"Backstab","floor":35},{"not_picked":["Flying Knee","Heel Hook"],"picked":"Eviscerate+1","floor":39},{"not_picked":["Crippling Poison","Caltrops"],"picked":"Predator+1","floor":41},{"not_picked":["Dodge and Roll","Reflex+1"],"picked":"Slice","floor":44},{"not_picked":["Backflip+1","Acrobatics+1"],"picked":"Cloak And Dagger+1","floor":48}],"player_experience":120086,"relics_obtained":[{"floor":9,"key":"Mummified Hand"},{"floor":28,"key":"Boot"},{"floor":43,"key":"Nunchaku"}],"event_choices":[{"damage_healed":0,"gold_gain":0,"player_choice":"2 cards matched","damage_taken":0,"max_hp_gain":0,"max_hp_loss":0,"event_name":"Match and Keep!","floor":2,"gold_loss":0,"cards_obtained":["Storm of Steel","Dramatic Entrance"]},{"damage_healed":17,"gold_gain":0,"player_choice":"Healed","damage_taken":0,"max_hp_gain":0,"max_hp_loss":0,"event_name":"The Cleric","floor":5,"gold_loss":35},{"damage_healed":17,"gold_gain":0,"player_choice":"Healed and dodged fight","damage_taken":0,"max_hp_gain":0,"max_hp_loss":0,"event_name":"Mushrooms","floor":12,"gold_loss":0,"cards_obtained":["Parasite"]},{"damage_healed":0,"gold_gain":0,"player_choice":"Joined the Cult","damage_taken":6,"max_hp_gain":0,"max_hp_loss":0,"event_name":"Nest","floor":19,"gold_loss":0,"cards_obtained":["RitualDagger"]},{"damage_healed":0,"gold_gain":0,"player_choice":"Inject Mutagens","damage_taken":0,"relics_obtained":["MutagenicStrength"],"max_hp_gain":0,"max_hp_loss":0,"event_name":"Drug Dealer","floor":20,"gold_loss":0},{"damage_healed":0,"gold_gain":0,"player_choice":"Opened","damage_taken":0,"relics_obtained":["Incense Burner"],"max_hp_gain":0,"max_hp_loss":0,"event_name":"The Mausoleum","floor":21,"gold_loss":0,"cards_obtained":["Writhe"]},{"damage_healed":0,"gold_gain":0,"player_choice":"Stole Relic","damage_taken":0,"relics_obtained":["Pocketwatch"],"max_hp_gain":0,"max_hp_loss":0,"event_name":"Addict","floor":29,"gold_loss":0,"cards_obtained":["Shame"]},{"cards_removed":["Doppelganger"],"damage_healed":0,"gold_gain":0,"player_choice":"Removed Skill","damage_taken":0,"max_hp_gain":0,"max_hp_loss":0,"event_name":"Falling","floor":37,"gold_loss":0},{"damage_healed":61,"gold_gain":0,"player_choice":"Heal","damage_taken":0,"max_hp_gain":0,"max_hp_loss":9,"event_name":"The Moai Head","floor":42,"gold_loss":0},{"damage_healed":15,"gold_gain":0,"player_choice":"Writhe","damage_taken":0,"max_hp_gain":0,"max_hp_loss":0,"event_name":"Winding Halls","floor":45,"gold_loss":0,"cards_obtained":["Writhe"]},{"damage_healed":0,"gold_gain":0,"player_choice":"Paid","damage_taken":0,"relics_obtained":["Red Mask"],"max_hp_gain":0,"max_hp_loss":0,"event_name":"Tomb of Lord Red Mask","floor":47,"gold_loss":137}],"is_beta":false,"boss_relics":[{"not_picked":["Runic Dome","HoveringKite"],"picked":"Astrolabe"},{"not_picked":["Calling Bell","WristBlade"],"picked":"Pandora\u0027s Box"}],"items_purged_floors":[36],"is_endless":false,"potions_floor_spawned":[1,3,4,11,16,22,41,44],"killed_by":"Donu and Deca","ascension_level":1}