{"gold_per_floor":[115,115,169,183,183,208,13,13,13,28,28,74,106,126,126,198,198,212,9,9,22,22,52,52,62,87,116,316,316,326,122,122,199,249,261,261,261,85,85,85,85,112,137,137,78,78,300,310,310,310,310],"floor_reached":52,"playtime":1639,"items_purged":["Strike_B","Strike_B","Defend_B"],"score":2125,"play_id":"5dfa68eb-a17e-46bb-aed3-bfb3ecc6272a","local_time":"20190816154113","is_ascension_mode":true,"campfire_choices":[{"data":"Defragment","floor":8.0,"key":"SMITH"},{"data":"Zap","floor":11.0,"key":"SMITH"},{"data":"Dualcast","floor":15.0,"key":"SMITH"},{"data":"Coolheaded","floor":24.0,"key":"SMITH"},{"data":"Heatsinks","floor":32.0,"key":"SMITH"},{"data":"Amplify","floor":40.0,"key":"SMITH"},{"data":"Defragment","floor":44.0,"key":"SMITH"},{"data":"Coolheaded","floor":46.0,"key":"SMITH"},{"data":"Turbo","floor":49.0,"key":"SMITH"}],"neow_cost":"NONE","seed_source_timestamp":1633762922701457,"circlet_count":0,"master_deck":["AscendersBane","Defend_B","Defend_B","Zap+1","Dualcast+1","Recycle+1","Ball Lightning","Heatsinks+1","Defragment+1","Lockon","Coolheaded+1","Compile Driver","Biased Cognition","Amplify+1","Turbo+1","Defragment+1","Coolheaded+1","Compile Driver+1","Storm","Compile Driver+1","Loop","Ghostly","Ghostly","Ghostly","Conserve Battery","Capacitor","All For One","Glacier","Turbo+1","Multi-Cast","Secret Technique","Heatsinks+1","Loop","Gash","Go for the Eyes+1"],"special_seed":0,"relics":["Cracked Core","NeowsBlessing","Kunai","Tiny Chest","Gremlin Horn","Symbiotic Virus","Sundial","Oddly Smooth Stone","Boot","Empty Cage","Juzu Bracelet","Bronze Scales","Whetstone","Red Mask","Tiny House","Incense Burner","Peace Pipe"],"potions_floor_usage":[51],"damage_taken":[{"damage":0.0,"enemies":"Jaw Worm","floor":1.0,"turns":1.0},{"damage":0.0,"enemies":"Cultist","floor":4.0,"turns":1.0},{"damage":0.0,"enemies":"3 Sentries","floor":6.0,"turns":1.0},{"damage":0.0,"enemies":"2 Louse","floor":10.0,"turns":2.0},{"damage":0.0,"enemies":"Lagavulin","floor":13.0,"turns":5.0},{"damage":0.0,"enemies":"Exordium Wildlife","floor":14.0,"turns":2.0},{"damage":17.0,"enemies":"Hexaghost","floor":16.0,"turns":9.0},{"damage":5.0,"enemies":"Spheric Guardian","floor":18.0,"turns":3.0},{"damage":6.0,"enemies":"Chosen","floor":21.0,"turns":5.0},{"damage":20.0,"enemies":"Gremlin Leader","floor":23.0,"turns":5.0},{"damage":0.0,"enemies":"Snecko","floor":25.0,"turns":4.0},{"damage":0.0,"enemies":"Masked Bandits","floor":27.0,"turns":3.0},{"damage":0.0,"enemies":"Sentry and Sphere","floor":30.0,"turns":3.0},{"damage":23.0,"enemies":"Automaton","floor":33.0,"turns":10.0},{"damage":5.0,"enemies":"3 Shapes","floor":35.0,"turns":5.0},{"damage":0.0,"enemies":"Nemesis","floor":42.0,"turns":3.0},{"damage":1.0,"enemies":"Orb Walker","floor":48.0,"turns":4.0},{"damage":0.0,"enemies":"Donu and Deca","floor":50.0,"turns":9.0},{"damage":13,"enemies":"Time Eater","floor":51,"turns":12}],"seed_played":"5865370828975489398","potions_obtained":[{"floor":1.0,"key":"AttackPotion"},{"floor":4.0,"key":"GamblersBrew"},{"floor":16.0,"key":"Swift Potion"},{"floor":25.0,"key":"FocusPotion"},{"floor":30.0,"key":"Strength Potion"},{"floor":34.0,"key":"Energy Potion"}],"is_trial":false,"path_per_floor":["M","?","T","M","T","E","$","R","T","M","R","T","E","M","R","B",null,"M","$","?","M","T","E","R","M","T","?","?","?","M","$","R","B",null,"M","?","?","$","?","R","?","E","T","R","$","R","?","M","R","B","B",null],"character_chosen":"DEFECT","items_purchased":["Defragment","Lockon","Defragment","Coolheaded","Capacitor","Turbo","Multi-Cast","Gash"],"campfire_rested":0,"item_purchase_floors":[7,7,19,19,31,38,38,45],"current_hp_per_floor":[64,29,29,29,29,29,29,29,29,29,29,29,29,29,29,12,56,51,51,51,45,45,25,25,25,25,25,25,25,25,25,25,2,32,27,27,27,27,17,17,17,17,17,17,17,17,17,16,16,16,3],"gold":310,"neow_bonus":"THREE_ENEMY_KILL","is_prod":false,"is_daily":false,"chose_seed":false,"campfire_upgraded":9,"win_rate":0,"timestamp":1565941273,"path_taken":["M","?","?","?","?","E","$","R","T","M","R","?","E","M","R","BOSS","M","$","?","M","?","E","R","M","T","?","?","?","M","$","R","BOSS","M","?","?","?","?","R","?","E","T","R","$","R","?","M","R","BOSS","BOSS"],"build_version":"2019-07-17","purchased_purges":3,"victory":true,"max_hp_per_floor":[71,71,71,71,71,71,71,71,71,71,71,71,71,71,71,71,71,71,71,71,71,71,71,71,71,71,71,71,35,35,35,35,35,40,40,40,40,40,40,40,40,40,40,40,40,40,40,40,40,40,40],"card_choices":[{"not_picked":["Force Field","Chaos"],"picked":"Recycle","floor":1.0},{"not_picked":["Hologram","Coolheaded"],"picked":"Ball Lightning","floor":4.0},{"not_picked":["Gash","Lockon"],"picked":"Heatsinks","floor":6.0},{"not_picked":["Reprogram","Turbo"],"picked":"Coolheaded","floor":10.0},{"not_picked":["Go for the Eyes","Coolheaded"],"picked":"Compile Driver","floor":13.0},{"not_picked":["Sweeping Beam","Go for the Eyes"],"picked":"Biased Cognition","floor":14.0},{"not_picked":["Reboot","Buffer"],"picked":"Amplify","floor":16.0},{"not_picked":["Tempest","Double Energy"],"picked":"Turbo+1","floor":18.0},{"not_picked":["Redo","Hologram"],"picked":"Compile Driver","floor":21.0},{"not_picked":["Sweeping Beam","Go for the Eyes"],"picked":"Storm","floor":23.0},{"not_picked":["Coolheaded","Aggregate"],"picked":"Compile Driver","floor":25.0},{"not_picked":["Leap","Storm"],"picked":"Loop","floor":27.0},{"not_picked":["Recycle","Reinforced Body"],"picked":"Conserve Battery","floor":30.0},{"not_picked":["Electrodynamics","Machine Learning"],"picked":"All For One","floor":33.0},{"not_picked":["Leap","Beam Cell"],"picked":"Glacier","floor":34.0},{"not_picked":["Stack","Storm+1","Rebound"],"picked":"SKIP","floor":35.0},{"not_picked":["Finesse","Metamorphosis"],"picked":"Secret Technique","floor":39.0},{"not_picked":["Turbo","Ball Lightning"],"picked":"Loop","floor":42.0},{"not_picked":["Ball Lightning","Coolheaded"],"picked":"Go for the Eyes+1","floor":48.0}],"player_experience":2185768,"relics_obtained":[{"floor":3.0,"key":"Tiny Chest"},{"floor":5.0,"key":"Gremlin Horn"},{"floor":6.0,"key":"Symbiotic Virus"},{"floor":9.0,"key":"Sundial"},{"floor":12.0,"key":"Oddly Smooth Stone"},{"floor":13.0,"key":"Boot"},{"floor":22.0,"key":"Juzu Bracelet"},{"floor":23.0,"key":"Bronze Scales"},{"floor":26.0,"key":"Whetstone"},{"floor":27.0,"key":"Red Mask"},{"floor":37.0,"key":"Incense Burner"},{"floor":42.0,"key":"Peace Pipe"}],"event_choices":[{"damage_healed":0.0,"max_hp_gain":0.0,"max_hp_loss":0.0,"gold_gain":0.0,"event_name":"Scrap Ooze","player_choice":"Success","floor":2.0,"gold_loss":0.0,"damage_taken":35.0,"relics_obtained":["Kunai"]},{"damage_healed":0.0,"max_hp_gain":0.0,"max_hp_loss":0.0,"gold_gain":0.0,"event_name":"Masked Bandits","player_choice":"Fought Bandits","floor":27.0,"gold_loss":0.0,"damage_taken":0.0},{"damage_healed":0.0,"max_hp_gain":0.0,"max_hp_loss":0.0,"gold_gain":200.0,"event_name":"Wheel of Change","player_choice":"Gold","floor":28.0,"gold_loss":0.0,"damage_taken":0.0},{"damage_healed":0.0,"max_hp_gain":0.0,"max_hp_loss":36.0,"gold_gain":0.0,"event_name":"Ghosts","player_choice":"Became a Ghost","floor":29.0,"gold_loss":0.0,"damage_taken":0.0,"cards_obtained":["Ghostly","Ghostly","Ghostly"]},{"cards_removed":["Defend_B"],"damage_healed":0.0,"max_hp_gain":0.0,"max_hp_loss":0.0,"gold_gain":0.0,"event_name":"Bonfire Elementals","player_choice":"Offered Basic","floor":36.0,"gold_loss":0.0,"damage_taken":0.0},{"damage_healed":0.0,"max_hp_gain":0.0,"max_hp_loss":0.0,"gold_gain":0.0,"event_name":"Wheel of Change","player_choice":"Relic","floor":37.0,"gold_loss":0.0,"damage_taken":0.0},{"damage_healed":0.0,"max_hp_gain":0.0,"max_hp_loss":0.0,"gold_gain":0.0,"event_name":"SensoryStone","player_choice":"Memory 3","floor":39.0,"gold_loss":0.0,"damage_taken":10.0},{"damage_healed":0.0,"max_hp_gain":0.0,"max_hp_loss":0.0,"gold_gain":0.0,"event_name":"Duplicator","player_choice":"Copied","floor":41.0,"gold_loss":0.0,"damage_taken":0.0,"cards_obtained":["Heatsinks"]},{"damage_healed":0.0,"max_hp_gain":0.0,"max_hp_loss":0.0,"gold_gain":222.0,"event_name":"Tomb of Lord Red Mask","player_choice":"Wore Mask","floor":47.0,"gold_loss":0.0,"damage_taken":0.0}],"is_beta":false,"boss_relics":[{"not_picked":["Ectoplasm","Philosopher\u0027s Stone"],"picked":"Empty Cage"},{"not_picked":["Eternal Feather","Lizard Tail"],"picked":"Tiny House"}],"items_purged_floors":[7,19,31],"is_endless":false,"potions_floor_spawned":[1,4,16,21,25,30,35],"ascension_level":20}