{"gold_per_floor":[114,64,79,0,15,45,60,60,60,75,90,90,105,120,120,220,220,235,235,10,10,10,10,10],"floor_reached":24,"playtime":1465,"items_purged":["Strike_G"],"score":198,"play_id":"9ec3bd31-89d8-4d00-a0fa-3a6f86073dd6","local_time":"20190708112212","daily_mods":["Heirloom","Colorless Cards","Terminal"],"is_ascension_mode":false,"campfire_choices":[{"data":"Caltrops","floor":12,"key":"SMITH"},{"floor":15,"key":"REST"},{"data":"Skewer","floor":23,"key":"SMITH"}],"neow_cost":"","seed_source_timestamp":0,"circlet_count":0,"master_deck":["Strike_G","Strike_G","Strike_G","Defend_G+1","Defend_G","Defend_G+1","Defend_G","Defend_G","Survivor","Neutralize","Skewer+1","Prepared","Caltrops+1","Trip","Secret Weapon"],"special_seed":18085,"relics":["Ring of the Snake","Turnip","Incense Burner","Question Card","Busted Crown","PreservedInsect"],"potions_floor_usage":[],"damage_taken":[{"damage":0,"enemies":"Jaw Worm","floor":1,"turns":5},{"damage":0,"enemies":"Small Slimes","floor":3,"turns":3},{"damage":0,"enemies":"2 Louse","floor":5,"turns":2},{"damage":12,"enemies":"Lagavulin","floor":6,"turns":7},{"damage":2,"enemies":"Large Slime","floor":7,"turns":5},{"damage":0,"enemies":"3 Louse","floor":10,"turns":4},{"damage":3,"enemies":"Lots of Slimes","floor":11,"turns":4},{"damage":0,"enemies":"Large Slime","floor":13,"turns":4},{"damage":0,"enemies":"3 Louse","floor":14,"turns":3},{"damage":18,"enemies":"Hexaghost","floor":16,"turns":12},{"damage":0,"enemies":"3 Byrds","floor":18,"turns":4},{"damage":54,"enemies":"Gremlin Leader","floor":24,"turns":5}],"seed_played":"-1033485065837994078","potions_obtained":[{"floor":5,"key":"SneckoOil"},{"floor":6,"key":"PowerPotion"},{"floor":7,"key":"Weak Potion"}],"is_trial":false,"path_per_floor":["M","?","M","$","M","E","M","?","T","M","M","R","M","M","R","B",null,"M","?","$","?","?","R","E"],"character_chosen":"THE_SILENT","items_purchased":["Caltrops","PreservedInsect"],"campfire_rested":1,"item_purchase_floors":[4,20],"current_hp_per_floor":[68,67,66,65,64,52,50,38,38,38,35,35,35,35,51,33,52,51,43,43,53,52,51,0],"gold":10,"neow_bonus":"","is_prod":false,"is_daily":true,"chose_seed":false,"campfire_upgraded":2,"win_rate":0,"timestamp":1562610132,"path_taken":["M","?","M","$","M","E","M","?","T","M","M","R","M","M","R","BOSS","M","?","$","?","?","R","E"],"build_version":"2019-07-05","purchased_purges":1,"victory":false,"max_hp_per_floor":[68,67,66,65,64,63,62,61,60,59,58,57,56,55,54,53,52,51,55,54,53,52,51,51],"card_choices":[{"not_picked":["Backflip","Panacea"],"picked":"Skewer","floor":1},{"not_picked":["Purity","Blade Dance"],"picked":"Prepared","floor":3},{"not_picked":["Bane","Underhanded Strike"],"picked":"Trip","floor":5},{"not_picked":["Secret Technique","Cloak And Dagger","Prepared"],"picked":"SKIP","floor":6},{"not_picked":["Flash of Steel","Calculated Gamble","Flying Knee"],"picked":"SKIP","floor":7},{"not_picked":["Madness","Poisoned Stab","Acrobatics","Flying Knee"],"picked":"SKIP","floor":10},{"not_picked":["Dodge and Roll","Backflip","Cloak And Dagger","Bullet Time"],"picked":"SKIP","floor":11},{"not_picked":["Outmaneuver","Madness","Underhanded Strike","PiercingWail"],"picked":"SKIP","floor":13},{"not_picked":["Poisoned Stab","Blade Dance","Acrobatics","Dagger Throw"],"picked":"SKIP","floor":14},{"not_picked":["Night Terror","Doppelganger","Unload"],"picked":"Secret Weapon","floor":16},{"not_picked":["Quick Slash+1","Backflip"],"picked":"SKIP","floor":18}],"player_experience":251537,"relics_obtained":[{"floor":6,"key":"Incense Burner"},{"floor":9,"key":"Question Card"}],"event_choices":[{"cards_removed":["Strike_G"],"damage_healed":0,"gold_gain":0,"player_choice":"Card Removal","damage_taken":0,"max_hp_gain":0,"max_hp_loss":0,"event_name":"The Cleric","floor":2,"gold_loss":50},{"damage_healed":0,"gold_gain":0,"player_choice":"Entered Light","damage_taken":12,"max_hp_gain":0,"max_hp_loss":0,"event_name":"Shining Light","floor":8,"gold_loss":0,"cards_upgraded":["Defend_G","Defend_G"]},{"damage_healed":0,"gold_gain":0,"player_choice":"Shed Blood","damage_taken":13,"max_hp_gain":5,"max_hp_loss":0,"event_name":"Forgotten Altar","floor":19,"gold_loss":0},{"damage_healed":18,"gold_gain":0,"player_choice":"Heal","damage_taken":0,"max_hp_gain":0,"max_hp_loss":0,"event_name":"The Library","floor":21,"gold_loss":0},{"damage_healed":0,"gold_gain":0,"player_choice":"Ignored","damage_taken":0,"max_hp_gain":0,"max_hp_loss":0,"event_name":"Ghosts","floor":22,"gold_loss":0}],"is_beta":false,"boss_relics":[{"not_picked":["Sozu","Astrolabe"],"picked":"Busted Crown"}],"items_purged_floors":[20],"is_endless":false,"potions_floor_spawned":[5,6,7,13,14,16],"killed_by":"Gremlin Leader","ascension_level":0}