{"gold_per_floor":[110,285,285,304,304,331,331,360,360,360,9,19,37,47,47,143,143,161,161,176,275,21,54,54,54,54,54,67,67,101,101,101,196,196,211,433,433,451,451],"floor_reached":39,"playtime":3120,"items_purged":[],"score":520,"play_id":"d01fbb12-4086-4977-ac38-2b7b6717e4d2","local_time":"20190828195808","is_ascension_mode":true,"campfire_choices":[{"data":"Armaments","floor":7,"key":"SMITH"},{"data":"Rampage","floor":10,"key":"SMITH"},{"floor":15,"key":"REST"},{"floor":25,"key":"REST"},{"floor":27,"key":"REST"},{"floor":32,"key":"REST"}],"neow_cost":"NONE","seed_source_timestamp":1299135635581016,"circlet_count":0,"master_deck":["Bash","Armaments+1","Heavy Blade","Perfected Strike","Rampage+1","Bludgeon+1","Heavy Blade+1","Wild Strike+1","Limit Break","Offering","Warcry","Rage","Anger+1","Flex","Cleave+1","Hemokinesis+1","Clothesline+1","Offering","Blood for Blood+1","Wild Strike+1","Body Slam+1","Shame","Pummel+1","Dark Embrace","Flex"],"relics":["Burning Blood","NeowsBlessing","Paper Frog","PreservedInsect","Molten Egg 2","Strange Spoon","Bronze Scales","Pandora\u0027s Box","Singing Bowl","Ancient Tea Set","Happy Flower","Gremlin Horn","Anchor","Red Mask","Cursed Key","Smiling Mask"],"potions_floor_usage":[8,23,23,30,39],"damage_taken":[{"damage":0,"enemies":"Jaw Worm","floor":1,"turns":1},{"damage":0,"enemies":"2 Louse","floor":4,"turns":1},{"damage":0,"enemies":"Gremlin Nob","floor":6,"turns":1},{"damage":20,"enemies":"Lagavulin","floor":8,"turns":7},{"damage":1,"enemies":"Cultist","floor":12,"turns":3},{"damage":9,"enemies":"2 Fungi Beasts","floor":13,"turns":2},{"damage":8,"enemies":"Blue Slaver","floor":14,"turns":2},{"damage":26,"enemies":"Slime Boss","floor":16,"turns":9},{"damage":40,"enemies":"2 Thieves","floor":18,"turns":4},{"damage":17,"enemies":"3 Byrds","floor":20,"turns":2},{"damage":42,"enemies":"Gremlin Leader","floor":23,"turns":7},{"damage":12,"enemies":"Cultist and Chosen","floor":28,"turns":3},{"damage":5,"enemies":"Masked Bandits","floor":30,"turns":3},{"damage":76,"enemies":"Champ","floor":33,"turns":6},{"damage":32,"enemies":"3 Shapes","floor":35,"turns":2},{"damage":30,"enemies":"3 Darklings","floor":38,"turns":3},{"damage":35,"enemies":"Spire Growth","floor":39,"turns":2}],"seed_played":"941332152241610483","potions_obtained":[{"floor":1,"key":"GamblersBrew"},{"floor":5,"key":"Ancient Potion"},{"floor":5,"key":"SkillPotion"},{"floor":8,"key":"Dexterity Potion"},{"floor":12,"key":"Swift Potion"},{"floor":13,"key":"LiquidBronze"},{"floor":33,"key":"Energy Potion"},{"floor":38,"key":"Fire Potion"}],"is_trial":false,"path_per_floor":["M","?","?","M","?","E","R","E","T","R","$","M","M","M","R","B",null,"M","?","M","?","$","E","?","R","T","R","M","?","?","?","R","B",null,"M","?","?","M","M"],"character_chosen":"IRONCLAD","items_purchased":["Strange Spoon","Bronze Scales","Singing Bowl"],"campfire_rested":4,"item_purchase_floors":[11,11,22],"current_hp_per_floor":[80,80,73,79,79,80,80,66,66,66,66,71,68,66,80,60,80,46,72,61,61,61,25,25,49,49,73,67,67,68,68,80,10,80,56,56,56,32,0],"gold":451,"neow_bonus":"THREE_ENEMY_KILL","is_prod":false,"is_daily":false,"chose_seed":false,"campfire_upgraded":2,"win_rate":0,"timestamp":1567040288,"path_taken":["M","?","?","M","?","E","R","E","T","R","$","M","M","?","R","BOSS","M","?","M","?","$","E","?","R","T","R","M","?","?","?","R","BOSS","M","?","?","?","M"],"build_version":"2019-07-17","purchased_purges":0,"victory":false,"max_hp_per_floor":[80,80,80,80,80,80,80,80,80,80,80,80,80,80,80,80,80,80,80,80,80,80,80,80,80,80,80,80,80,80,80,80,80,80,82,82,82,82,82],"card_choices":[{"not_picked":["Iron Wave","Sword Boomerang"],"picked":"Armaments","floor":1},{"not_picked":["Power Through","Infernal Blade"],"picked":"Heavy Blade","floor":4},{"not_picked":["Twin Strike","Body Slam"],"picked":"Perfected Strike","floor":6},{"not_picked":["Dropkick","Ghostly Armor"],"picked":"Rampage","floor":8},{"not_picked":["Havoc","Rage"],"picked":"Bludgeon+1","floor":12},{"not_picked":["Fire Breathing","Iron Wave+1"],"picked":"Heavy Blade+1","floor":13},{"not_picked":["Warcry","Twin Strike+1"],"picked":"Wild Strike+1","floor":14},{"not_picked":["Exhume","Juggernaut"],"picked":"Limit Break","floor":16},{"not_picked":["Fire Breathing","Sword Boomerang+1"],"picked":"Blood for Blood+1","floor":18},{"not_picked":["Sever Soul+1","Sword Boomerang+1","Heavy Blade+1"],"picked":"SKIP","floor":20},{"not_picked":["Disarm","Twin Strike+1"],"picked":"Wild Strike+1","floor":23},{"not_picked":["Juggernaut","Sentinel"],"picked":"Body Slam+1","floor":28},{"not_picked":["Perfected Strike+1","Havoc+1"],"picked":"Pummel+1","floor":30},{"not_picked":["Double Tap","Brutality"],"picked":"Dark Embrace","floor":33},{"not_picked":["Sword Boomerang+1","Whirlwind+1","Power Through+1"],"picked":"Singing Bowl","floor":35},{"not_picked":["Headbutt+1","Carnage+1"],"picked":"Flex","floor":38}],"player_experience":356973,"relics_obtained":[{"floor":6,"key":"Paper Frog"},{"floor":8,"key":"PreservedInsect"},{"floor":9,"key":"Molten Egg 2"},{"floor":23,"key":"Ancient Tea Set"},{"floor":26,"key":"Gremlin Horn"},{"floor":30,"key":"Red Mask"}],"event_choices":[{"damage_healed":0,"gold_gain":175,"player_choice":"AGREE","damage_taken":0,"max_hp_gain":0,"max_hp_loss":0,"event_name":"Liars Game","floor":2,"gold_loss":0,"cards_obtained":["Doubt"]},{"cards_removed":["Doubt"],"damage_healed":0,"gold_gain":0,"player_choice":"Card Removal","damage_taken":7,"max_hp_gain":0,"max_hp_loss":0,"event_name":"Golden Wing","floor":3,"gold_loss":0},{"damage_healed":0,"gold_gain":0,"player_choice":"Got Potions","damage_taken":0,"max_hp_gain":0,"max_hp_loss":0,"event_name":"Lab","floor":5,"gold_loss":0},{"damage_healed":26,"gold_gain":0,"player_choice":"Heal","damage_taken":0,"max_hp_gain":0,"max_hp_loss":0,"event_name":"The Library","floor":19,"gold_loss":0},{"damage_healed":0,"gold_gain":99,"player_choice":"Stole From Cult","damage_taken":0,"max_hp_gain":0,"max_hp_loss":0,"event_name":"Nest","floor":21,"gold_loss":0},{"damage_healed":0,"gold_gain":0,"player_choice":"Opened","damage_taken":0,"relics_obtained":["Happy Flower"],"max_hp_gain":0,"max_hp_loss":0,"event_name":"The Mausoleum","floor":24,"gold_loss":0},{"damage_healed":0,"gold_gain":0,"player_choice":"Stole Relic","damage_taken":0,"relics_obtained":["Anchor"],"max_hp_gain":0,"max_hp_loss":0,"event_name":"Addict","floor":29,"gold_loss":0,"cards_obtained":["Shame"]},{"damage_healed":0,"gold_gain":0,"player_choice":"Fought Bandits","damage_taken":0,"max_hp_gain":0,"max_hp_loss":0,"event_name":"Masked Bandits","floor":30,"gold_loss":0},{"damage_healed":0,"gold_gain":0,"player_choice":"Ignored","damage_taken":0,"max_hp_gain":0,"max_hp_loss":0,"event_name":"Ghosts","floor":31,"gold_loss":0},{"damage_healed":0,"gold_gain":222,"player_choice":"Wore Mask","damage_taken":0,"max_hp_gain":0,"max_hp_loss":0,"event_name":"Tomb of Lord Red Mask","floor":36,"gold_loss":0},{"damage_healed":0,"gold_gain":0,"player_choice":"Gave Potion","damage_taken":0,"relics_obtained":["Smiling Mask"],"max_hp_gain":0,"max_hp_loss":0,"event_name":"WeMeetAgain","floor":37,"gold_loss":0}],"is_beta":false,"boss_relics":[{"not_picked":["Sozu","Orrery"],"picked":"Pandora\u0027s Box"},{"not_picked":["Mark of Pain","Tiny House"],"picked":"Cursed Key"}],"items_purged_floors":[],"is_endless":false,"potions_floor_spawned":[1,8,12,13,18,33,38],"killed_by":"Spire Growth","ascension_level":3}