{"gold_per_floor":[109,121,121,121,141,170,170,183,210,236,236,33,50,69,69,172,172,186,186,196,121,121,140,140,140,185,85,97,114,149,0,0,0],"floor_reached":33,"playtime":4345,"items_purged":["Shame","Decay"],"score":305,"play_id":"3a1f0f98-1691-4002-a17c-3d0548d19b39","local_time":"20190727013132","is_ascension_mode":true,"campfire_choices":[{"data":"Anger","floor":7,"key":"SMITH"},{"floor":11,"key":"REST"},{"data":"Anger","floor":15,"key":"SMITH"},{"data":"J.A.X.","floor":25,"key":"SMITH"},{"floor":32,"key":"REST"}],"neow_cost":"NONE","seed_source_timestamp":1297686396482442,"circlet_count":0,"master_deck":["Strike_R","Strike_R","Strike_R","Strike_R","Strike_R","Defend_R","Defend_R","Defend_R","Defend_R","Bash","Heavy Blade","Uppercut","Anger+1","Pommel Strike","Warcry","Anger+1","Double Tap","Hemokinesis","Intimidate","J.A.X.+1","Anger+1","Heavy Blade","Iron Wave+1","Shockwave"],"relics":["Burning Blood","NeowsBlessing","Pen Nib","Boot","Anchor","MealTicket","Cursed Key","Frozen Egg 2","Bronze Scales","Omamori"],"potions_floor_usage":[10,16,16,33,33,33],"damage_taken":[{"damage":0,"enemies":"Cultist","floor":1,"turns":1},{"damage":0,"enemies":"2 Louse","floor":2,"turns":1},{"damage":0,"enemies":"Jaw Worm","floor":5,"turns":1},{"damage":17,"enemies":"Gremlin Nob","floor":6,"turns":4},{"damage":12,"enemies":"Looter","floor":8,"turns":3},{"damage":18,"enemies":"Lagavulin","floor":10,"turns":6},{"damage":6,"enemies":"3 Louse","floor":13,"turns":3},{"damage":10,"enemies":"2 Fungi Beasts","floor":14,"turns":3},{"damage":46,"enemies":"The Guardian","floor":16,"turns":6},{"damage":10,"enemies":"2 Thieves","floor":18,"turns":4},{"damage":6,"enemies":"Spheric Guardian","floor":20,"turns":3},{"damage":15,"enemies":"Chosen and Byrds","floor":23,"turns":6},{"damage":19,"enemies":"3 Cultists","floor":28,"turns":4},{"damage":24,"enemies":"Shelled Parasite and Fungi","floor":29,"turns":4},{"damage":42,"enemies":"Slavers","floor":30,"turns":6},{"damage":57,"enemies":"Collector","floor":33,"turns":7}],"seed_played":"-455315662921039384","potions_obtained":[{"floor":1,"key":"EssenceOfSteel"},{"floor":6,"key":"FearPotion"},{"floor":8,"key":"Strength Potion"},{"floor":16,"key":"Swift Potion"},{"floor":20,"key":"Block Potion"},{"floor":23,"key":"FearPotion"}],"is_trial":false,"path_per_floor":["M","M","$","?","M","E","R","M","T","E","R","$","M","M","R","B",null,"M","?","M","$","?","M","$","R","T","$","M","M","E","?","R","B"],"character_chosen":"IRONCLAD","items_purchased":["MealTicket"],"campfire_rested":2,"item_purchase_floors":[12],"current_hp_per_floor":[80,80,80,80,80,69,69,63,63,51,75,75,75,71,71,31,80,76,76,76,80,80,71,80,80,80,80,67,49,13,13,37,0],"gold":0,"neow_bonus":"THREE_ENEMY_KILL","is_prod":false,"is_daily":false,"chose_seed":false,"campfire_upgraded":3,"win_rate":0,"timestamp":1564209092,"path_taken":["M","M","$","?","?","E","R","M","T","E","R","$","M","M","R","BOSS","M","?","M","$","?","M","$","R","T","$","M","M","E","?","R","BOSS"],"build_version":"2019-07-17","purchased_purges":2,"victory":false,"max_hp_per_floor":[80,80,80,80,80,80,80,80,80,80,80,80,80,80,80,80,80,80,80,80,80,80,80,80,80,80,80,80,80,80,80,80,80],"card_choices":[{"not_picked":["Flame Barrier","Evolve"],"picked":"Heavy Blade","floor":1},{"not_picked":["Disarm","Clash"],"picked":"Uppercut","floor":2},{"not_picked":["Twin Strike","Clothesline"],"picked":"Anger","floor":5},{"not_picked":["Clothesline","Heavy Blade"],"picked":"Pommel Strike","floor":6},{"not_picked":["Pummel","Evolve","True Grit"],"picked":"SKIP","floor":8},{"not_picked":["Feel No Pain","Intimidate"],"picked":"Warcry","floor":10},{"not_picked":["Thunderclap","Second Wind"],"picked":"Anger","floor":13},{"not_picked":["Flame Barrier","Perfected Strike","Iron Wave"],"picked":"SKIP","floor":14},{"not_picked":["Fiend Fire","Barricade"],"picked":"Double Tap","floor":16},{"not_picked":["Warcry","Metallicize"],"picked":"Hemokinesis","floor":18},{"not_picked":["Sever Soul","Thunderclap+1"],"picked":"Intimidate","floor":20},{"not_picked":["Corruption+1","True Grit"],"picked":"Anger+1","floor":23},{"not_picked":["Pommel Strike","Blood for Blood"],"picked":"Heavy Blade","floor":28},{"not_picked":["Spot Weakness","Armaments"],"picked":"Iron Wave+1","floor":29},{"not_picked":["Disarm+1","Exhume"],"picked":"Shockwave","floor":30}],"player_experience":183620,"relics_obtained":[{"floor":6,"key":"Pen Nib"},{"floor":9,"key":"Boot"},{"floor":10,"key":"Anchor"},{"floor":26,"key":"Bronze Scales"},{"floor":30,"key":"Omamori"}],"event_choices":[{"damage_healed":0,"gold_gain":0,"player_choice":"Ignored","damage_taken":0,"max_hp_gain":0,"max_hp_loss":0,"event_name":"Purifier","floor":4,"gold_loss":0},{"damage_healed":0,"gold_gain":0,"player_choice":"Stole Relic","damage_taken":0,"relics_obtained":["Frozen Egg 2"],"max_hp_gain":0,"max_hp_loss":0,"event_name":"Addict","floor":19,"gold_loss":0,"cards_obtained":["Shame"]},{"damage_healed":0,"gold_gain":0,"player_choice":"Obtain J.A.X.","damage_taken":0,"max_hp_gain":0,"max_hp_loss":0,"event_name":"Drug Dealer","floor":22,"gold_loss":0,"cards_obtained":["J.A.X."]},{"damage_healed":0,"gold_gain":0,"player_choice":"Paid Fearfully","damage_taken":0,"max_hp_gain":0,"max_hp_loss":0,"event_name":"Masked Bandits","floor":31,"gold_loss":149}],"is_beta":false,"boss_relics":[{"not_picked":["Eternal Feather","Coffee Dripper"],"picked":"Cursed Key"}],"items_purged_floors":[21,27],"is_endless":false,"potions_floor_spawned":[1,6,8,16,20,23,30],"killed_by":"Collector","ascension_level":2}