{"gold_per_floor":[111,122,135,148,158,158,192,192,218,218,218,218,236,252,252,376,376,399,424,444,444,475,475,491,160,209,2,15,36,36,36,36,36],"floor_reached":33,"playtime":4062,"items_purged":[],"score":251,"play_id":"a9f9845e-3cb5-4f34-90c7-e10d8141cd30","local_time":"20190901094240","is_ascension_mode":false,"campfire_choices":[{"data":"Body Slam","floor":6,"key":"SMITH"},{"data":"Body Slam","floor":8,"key":"SMITH"},{"data":"Clothesline","floor":10,"key":"SMITH"},{"data":"Ghostly Armor","floor":15,"key":"SMITH"},{"data":"Bash","floor":23,"key":"SMITH"},{"data":"Feed","floor":30,"key":"SMITH"},{"floor":32,"key":"REST"}],"neow_cost":"NONE","seed_source_timestamp":363314180014600,"circlet_count":0,"master_deck":["Strike_R","Strike_R","Strike_R","Strike_R","Strike_R","Defend_R","Defend_R","Defend_R","Bash+1","Iron Wave","Iron Wave","Body Slam+1","Clothesline+1","Body Slam+1","Rage","Reaper","Ghostly Armor+1","Warcry","Seeing Red","Double Tap","Metallicize+1","Headbutt","Clothesline","Entrench+1","Shrug It Off","Feed+1","Shrug It Off","Headbutt","Intimidate+1"],"relics":["Burning Blood","Bronze Scales","Bag of Marbles","Golden Idol","Runic Cube","Red Mask","Ice Cream","Anchor"],"potions_floor_usage":[16,18,20,20,33,33,33],"damage_taken":[{"damage":1,"enemies":"Cultist","floor":1,"turns":3},{"damage":0,"enemies":"2 Louse","floor":2,"turns":3},{"damage":0,"enemies":"Small Slimes","floor":3,"turns":4},{"damage":4,"enemies":"Looter","floor":4,"turns":4},{"damage":5,"enemies":"Exordium Wildlife","floor":5,"turns":5},{"damage":23,"enemies":"Gremlin Nob","floor":7,"turns":6},{"damage":8,"enemies":"2 Fungi Beasts","floor":13,"turns":3},{"damage":0,"enemies":"Large Slime","floor":14,"turns":5},{"damage":53,"enemies":"Slime Boss","floor":16,"turns":14},{"damage":14,"enemies":"Spheric Guardian","floor":18,"turns":4},{"damage":3,"enemies":"Shell Parasite","floor":19,"turns":5},{"damage":22,"enemies":"3 Cultists","floor":20,"turns":5},{"damage":29,"enemies":"Masked Bandits","floor":22,"turns":6},{"damage":18,"enemies":"Shelled Parasite and Fungi","floor":24,"turns":9},{"damage":0,"enemies":"Chosen and Byrds","floor":28,"turns":5},{"damage":10,"enemies":"Snake Plant","floor":29,"turns":5},{"damage":75,"enemies":"Collector","floor":33,"turns":11}],"seed_played":"7144440292007512267","potions_obtained":[{"floor":3,"key":"GamblersBrew"},{"floor":4,"key":"PowerPotion"},{"floor":14,"key":"Weak Potion"},{"floor":16,"key":"Energy Potion"},{"floor":20,"key":"GamblersBrew"},{"floor":28,"key":"SteroidPotion"},{"floor":29,"key":"AttackPotion"}],"is_trial":false,"path_per_floor":["M","M","M","M","M","R","E","R","T","R","?","?","M","M","R","B",null,"M","M","M","?","?","R","M","$","T","$","M","M","R","$","R","B"],"character_chosen":"IRONCLAD","items_purchased":["Ice Cream","Shrug It Off","Feed","Shrug It Off"],"campfire_rested":1,"item_purchase_floors":[25,25,27,27],"current_hp_per_floor":[80,80,80,80,80,80,63,63,63,63,43,43,53,59,59,21,80,72,75,67,67,44,44,32,32,32,32,45,44,44,44,68,0],"gold":36,"neow_bonus":"THREE_CARDS","is_prod":false,"is_daily":false,"chose_seed":false,"campfire_upgraded":6,"win_rate":0.0,"timestamp":1567345360,"path_taken":["M","M","?","M","M","R","E","R","T","R","?","?","M","?","R","BOSS","M","M","M","?","?","R","M","$","T","?","M","M","R","$","R","BOSS"],"build_version":"2019-07-17","purchased_purges":0,"victory":false,"max_hp_per_floor":[80,80,80,80,80,80,80,80,80,80,80,80,80,80,80,80,80,80,80,80,80,80,80,80,80,80,80,83,83,83,83,83,83],"card_choices":[{"not_picked":["Clash","True Grit"],"picked":"Iron Wave","floor":0},{"not_picked":["Sever Soul","Ghostly Armor"],"picked":"Iron Wave","floor":1},{"not_picked":["Spot Weakness","Twin Strike"],"picked":"Body Slam","floor":2},{"not_picked":["Heavy Blade","Sword Boomerang"],"picked":"Clothesline","floor":3},{"not_picked":["Pommel Strike","Anger"],"picked":"Body Slam","floor":4},{"not_picked":["Entrench","Cleave"],"picked":"Rage","floor":5},{"not_picked":["Spot Weakness","Armaments"],"picked":"Reaper","floor":7},{"not_picked":["Clash","Bloodletting"],"picked":"Warcry","floor":13},{"not_picked":["Thunderclap","Heavy Blade"],"picked":"Seeing Red","floor":14},{"not_picked":["Dark Embrace","Berserk"],"picked":"Double Tap","floor":16},{"not_picked":["Seeing Red+1","Shrug It Off"],"picked":"Metallicize+1","floor":18},{"not_picked":["Intimidate","Fire Breathing"],"picked":"Headbutt","floor":19},{"not_picked":["Dropkick","Iron Wave"],"picked":"Clothesline","floor":20},{"not_picked":["Ghostly Armor","Second Wind"],"picked":"Entrench+1","floor":22},{"not_picked":["Body Slam","True Grit","Clothesline"],"picked":"SKIP","floor":24},{"not_picked":["Body Slam+1","Reckless Charge"],"picked":"Headbutt","floor":28},{"not_picked":["Searing Blow","True Grit"],"picked":"Intimidate+1","floor":29}],"player_experience":43098,"relics_obtained":[{"floor":7,"key":"Bronze Scales"},{"floor":9,"key":"Bag of Marbles"},{"floor":22,"key":"Red Mask"},{"floor":26,"key":"Anchor"}],"event_choices":[{"damage_healed":0,"gold_gain":0,"player_choice":"Take Damage","damage_taken":20,"relics_obtained":["Golden Idol"],"max_hp_gain":0,"max_hp_loss":0,"event_name":"Golden Idol","floor":11,"gold_loss":0},{"damage_healed":0,"gold_gain":0,"cards_transformed":["Defend_R"],"player_choice":"Transformed","damage_taken":0,"max_hp_gain":0,"max_hp_loss":0,"event_name":"Transmorgrifier","floor":12,"gold_loss":0,"cards_obtained":["Ghostly Armor"]},{"damage_healed":0,"gold_gain":0,"player_choice":"Ignored","damage_taken":0,"max_hp_gain":0,"max_hp_loss":0,"event_name":"Ghosts","floor":21,"gold_loss":0},{"damage_healed":0,"gold_gain":0,"player_choice":"Fought Bandits","damage_taken":0,"max_hp_gain":0,"max_hp_loss":0,"event_name":"Masked Bandits","floor":22,"gold_loss":0}],"is_beta":false,"boss_relics":[{"not_picked":["Mark of Pain","Snecko Eye"],"picked":"Runic Cube"}],"items_purged_floors":[],"is_endless":false,"potions_floor_spawned":[3,4,14,16,20,28,29],"killed_by":"Collector","ascension_level":0}