{"gold_per_floor":[109,123,140,240,45,80,107,121,121,121,131,144,162,221,221,326,326,339,351,321,337,76,76,41,68,68,78,78,78,6,20,20,20],"floor_reached":33,"playtime":2599,"items_purged":[],"score":319,"play_id":"8cc08801-63c6-4e46-8d28-72810d85717f","local_time":"20190629225229","is_ascension_mode":false,"campfire_choices":[{"floor":10,"key":"REST"},{"floor":15,"key":"REST"},{"floor":23,"key":"REST"},{"floor":32,"key":"REST"}],"neow_cost":"NONE","seed_source_timestamp":1002747993388496,"circlet_count":0,"master_deck":["Defend_G","Defend_G","Defend_G","Defend_G","Defend_G","Strike_G","Strike_G","Strike_G","Strike_G","Strike_G","Survivor","Neutralize","Deadly Poison","Terror","Blade Dance","Phantasmal Killer","Sucker Punch","Dash","Choke","Flying Knee","Predator","Quick Slash","Die Die Die","Skewer","Masterful Stab+1","Noxious Fumes","Leg Sweep","Eviscerate","Underhanded Strike+1","Decay","Poisoned Stab+1"],"relics":["Ring of the Snake","NeowsBlessing","Boot","Snake Skull","FossilizedHelix","Fusion Hammer","Potion Belt","Unceasing Top","Bag of Marbles"],"potions_floor_usage":[12,16,16,20,25,25,25,27,31,31],"damage_taken":[{"damage":0,"enemies":"Cultist","floor":1,"turns":1},{"damage":0,"enemies":"Small Slimes","floor":2,"turns":1},{"damage":0,"enemies":"Jaw Worm","floor":3,"turns":1},{"damage":29,"enemies":"Gremlin Nob","floor":6,"turns":5},{"damage":0,"enemies":"Exordium Wildlife","floor":8,"turns":3},{"damage":0,"enemies":"2 Fungi Beasts","floor":11,"turns":3},{"damage":25,"enemies":"Exordium Thugs","floor":12,"turns":5},{"damage":0,"enemies":"3 Louse","floor":13,"turns":3},{"damage":0,"enemies":"Slime Boss","floor":16,"turns":8},{"damage":0,"enemies":"Spheric Guardian","floor":18,"turns":3},{"damage":13,"enemies":"Shell Parasite","floor":19,"turns":5},{"damage":13,"enemies":"Cultist and Chosen","floor":21,"turns":5},{"damage":59,"enemies":"Slavers","floor":25,"turns":6},{"damage":0,"enemies":"Snake Plant","floor":27,"turns":2},{"damage":0,"enemies":"Chosen and Byrds","floor":31,"turns":3},{"damage":48,"enemies":"Collector","floor":33,"turns":5}],"seed_played":"7483608840067477596","potions_obtained":[{"floor":1,"key":"GamblersBrew"},{"floor":6,"key":"Block Potion"},{"floor":8,"key":"Energy Potion"},{"floor":12,"key":"Strength Potion"},{"floor":16,"key":"Fruit Juice"},{"floor":18,"key":"SteroidPotion"},{"floor":20,"key":"LiquidBronze"},{"floor":20,"key":"SneckoOil"},{"floor":27,"key":"FearPotion"}],"is_trial":false,"path_per_floor":["M","M","M","?","$","E","T","M","T","R","M","M","M","?","R","B",null,"M","M","?","M","$","R","$","E","T","M","?","?","$","M","R","B"],"character_chosen":"THE_SILENT","items_purchased":["Phantasmal Killer","Sucker Punch","Potion Belt","AttackPotion","AttackPotion","Leg Sweep","LiquidBronze"],"campfire_rested":4,"item_purchase_floors":[5,5,22,22,22,24,30],"current_hp_per_floor":[70,70,70,70,70,41,41,41,41,62,62,37,37,37,58,58,70,70,57,62,49,49,71,71,12,12,12,12,12,12,12,34,0],"gold":20,"neow_bonus":"THREE_ENEMY_KILL","is_prod":false,"is_daily":false,"chose_seed":false,"campfire_upgraded":0,"win_rate":0.0,"timestamp":1561866749,"path_taken":["M","?","M","?","?","E","?","M","T","R","M","M","?","?","R","BOSS","M","M","?","M","$","R","?","E","T","M","?","?","$","M","R","BOSS"],"build_version":"2019-01-23","purchased_purges":0,"victory":false,"max_hp_per_floor":[70,70,70,70,70,70,70,70,70,70,70,70,70,70,70,70,70,70,70,75,75,75,75,75,75,75,75,75,75,75,75,75,75],"card_choices":[{"not_picked":["Finisher","Dodge and Roll"],"picked":"Deadly Poison","floor":1},{"not_picked":["Prepared","Well Laid Plans"],"picked":"Terror","floor":2},{"not_picked":["Quick Slash","Crippling Poison"],"picked":"Blade Dance","floor":3},{"not_picked":["Caltrops","Dodge and Roll"],"picked":"Dash","floor":6},{"not_picked":["Dagger Throw","Dash"],"picked":"Choke","floor":8},{"not_picked":["Distraction","All Out Attack"],"picked":"Flying Knee","floor":11},{"not_picked":["Quick Slash","Blade Dance"],"picked":"Predator","floor":12},{"not_picked":["Underhanded Strike","Distraction"],"picked":"Quick Slash","floor":13},{"not_picked":["A Thousand Cuts","Burst"],"picked":"Die Die Die","floor":16},{"not_picked":["Quick Slash","Expertise"],"picked":"Skewer","floor":18},{"not_picked":["Sucker Punch","PiercingWail"],"picked":"Masterful Stab+1","floor":19},{"not_picked":["Quick Slash","Poisoned Stab"],"picked":"Noxious Fumes","floor":21},{"not_picked":["Blade Dance","Phantasmal Killer"],"picked":"Eviscerate","floor":25},{"not_picked":["Quick Slash","Dodge and Roll+1"],"picked":"Underhanded Strike+1","floor":27},{"not_picked":["Blade Dance","Deadly Poison"],"picked":"Poisoned Stab+1","floor":31}],"player_experience":20808,"relics_obtained":[{"floor":6,"key":"Boot"},{"floor":7,"key":"Snake Skull"},{"floor":9,"key":"FossilizedHelix"},{"floor":25,"key":"Unceasing Top"},{"floor":26,"key":"Bag of Marbles"}],"event_choices":[{"damage_healed":0,"gold_gain":100,"player_choice":"Pray","damage_taken":0,"max_hp_gain":0,"max_hp_loss":0,"event_name":"Golden Shrine","floor":4,"gold_loss":0},{"damage_healed":0,"gold_gain":59,"player_choice":"Gained Gold","damage_taken":0,"max_hp_gain":0,"max_hp_loss":0,"event_name":"Golden Wing","floor":14,"gold_loss":0},{"damage_healed":0,"gold_gain":0,"player_choice":"Bought 2 Potions","damage_taken":0,"max_hp_gain":0,"max_hp_loss":0,"event_name":"The Woman in Blue","floor":20,"gold_loss":0},{"damage_healed":0,"gold_gain":0,"player_choice":"Smashed Altar","damage_taken":0,"max_hp_gain":0,"max_hp_loss":0,"event_name":"Forgotten Altar","floor":28,"gold_loss":0,"cards_obtained":["Decay"]},{"damage_healed":0,"gold_gain":0,"player_choice":"Ignored","damage_taken":0,"max_hp_gain":0,"max_hp_loss":0,"event_name":"Ghosts","floor":29,"gold_loss":0}],"is_beta":false,"boss_relics":[{"not_picked":["Ectoplasm","Eternal Feather"],"picked":"Fusion Hammer"}],"items_purged_floors":[],"is_endless":false,"potions_floor_spawned":[1,6,8,12,16,18,27],"killed_by":"Collector","ascension_level":0}