{"gold_per_floor":[117,128,15,32,52,52,85,85,111,149,161,192,231,168,180,265,277,305,327,35,35,35,35,45,45,69,88,88,123,123,138,138,215,215,235,281,301,144,144,144,174,174,174,194,194,213,230,230,230,230,230,230,230,4,32,32],"floor_reached":57,"playtime":3531,"items_purged":["Strike_B","Strike_B"],"score":2595,"play_id":"5b5f6194-d971-43d6-9b71-5828e21d60c8","local_time":"20190820111458","is_ascension_mode":true,"campfire_choices":[{"data":"Zap","floor":6.0,"key":"SMITH"},{"data":"Recycle","floor":11.0,"key":"SMITH"},{"floor":15.0,"key":"REST"},{"floor":23.0,"key":"REST"},{"data":"Amplify","floor":25.0,"key":"SMITH"},{"floor":28.0,"key":"REST"},{"data":"Coolheaded","floor":32.0,"key":"SMITH"},{"data":"Hologram","floor":40.0,"key":"SMITH"},{"data":"Dualcast","floor":42.0,"key":"PURGE"},{"floor":49.0,"key":"RECALL"},{"data":"Defend_B","floor":53.0,"key":"PURGE"}],"neow_cost":"PERCENT_DAMAGE","seed_source_timestamp":1960289847326687,"circlet_count":0,"master_deck":["AscendersBane","Defend_B","Defend_B","Zap+1","Compile Driver","Creative AI","Conserve Battery","Hologram+1","Electrodynamics","Loop","Recycle+1","Skim","Go for the Eyes","Tempest+1","Amplify+1","Self Repair","Force Field+1","Heatsinks","Hologram","Self Repair","Storm","Coolheaded+1","All For One","Coolheaded+1","Loop","Undo+1","Reinforced Body+1","Reinforced Body","All For One"],"special_seed":0,"relics":["Cracked Core","Calipers","Happy Flower","MawBank","Potion Belt","Odd Mushroom","Snecko Eye","OrangePellets","Oddly Smooth Stone","Runic Pyramid","Peace Pipe","War Paint","Bag of Preparation","Bag of Marbles"],"potions_floor_usage":[56,56],"damage_taken":[{"damage":1.0,"enemies":"Small Slimes","floor":1.0,"turns":4.0},{"damage":12.0,"enemies":"Cultist","floor":2.0,"turns":4.0},{"damage":2.0,"enemies":"Jaw Worm","floor":4.0,"turns":4.0},{"damage":2.0,"enemies":"2 Fungi Beasts","floor":5.0,"turns":4.0},{"damage":8.0,"enemies":"3 Sentries","floor":7.0,"turns":4.0},{"damage":3.0,"enemies":"Lagavulin","floor":10.0,"turns":6.0},{"damage":0.0,"enemies":"Blue Slaver","floor":12.0,"turns":2.0},{"damage":12.0,"enemies":"The Mushroom Lair","floor":13.0,"turns":3.0},{"damage":12.0,"enemies":"The Guardian","floor":16.0,"turns":10.0},{"damage":26.0,"enemies":"2 Thieves","floor":18.0,"turns":3.0},{"damage":13.0,"enemies":"Spheric Guardian","floor":19.0,"turns":4.0},{"damage":9.0,"enemies":"Snake Plant","floor":24.0,"turns":4.0},{"damage":14.0,"enemies":"3 Cultists","floor":27.0,"turns":4.0},{"damage":38.0,"enemies":"Slavers","floor":29.0,"turns":3.0},{"damage":0.0,"enemies":"Snecko","floor":31.0,"turns":7.0},{"damage":21.0,"enemies":"Champ","floor":33.0,"turns":8.0},{"damage":31.0,"enemies":"3 Darklings","floor":35.0,"turns":4.0},{"damage":33.0,"enemies":"2 Orb Walkers","floor":36.0,"turns":4.0},{"damage":18.0,"enemies":"3 Shapes","floor":37.0,"turns":2.0},{"damage":2.0,"enemies":"Nemesis","floor":41.0,"turns":6.0},{"damage":11.0,"enemies":"Transient","floor":44.0,"turns":6.0},{"damage":33.0,"enemies":"3 Darklings","floor":46.0,"turns":6.0},{"damage":1.0,"enemies":"Spire Growth","floor":47.0,"turns":6.0},{"damage":7.0,"enemies":"Awakened One","floor":50.0,"turns":8.0},{"damage":64.0,"enemies":"Time Eater","floor":51.0,"turns":8.0},{"damage":39.0,"enemies":"Shield and Spear","floor":55.0,"turns":8.0},{"damage":31,"enemies":"The Heart","floor":56,"turns":10}],"seed_played":"-1434627532118679299","potions_obtained":[{"floor":2.0,"key":"Block Potion"},{"floor":4.0,"key":"AttackPotion"},{"floor":7.0,"key":"Dexterity Potion"},{"floor":13.0,"key":"Energy Potion"},{"floor":16.0,"key":"Energy Potion"},{"floor":18.0,"key":"PowerPotion"},{"floor":19.0,"key":"Block Potion"},{"floor":29.0,"key":"SkillPotion"},{"floor":41.0,"key":"SteroidPotion"},{"floor":44.0,"key":"Fruit Juice"},{"floor":45.0,"key":"SteroidPotion"},{"floor":45.0,"key":"SneckoOil"},{"floor":46.0,"key":"PowerPotion"}],"is_trial":false,"path_per_floor":["M","M","$","M","M","R","E","?","T","E","R","M","?","?","R","B",null,"M","M","$","?","?","R","M","R","T","M","R","E","?","M","R","B",null,"M","?","M","$","?","R","E","R","T","M","?","M","M","?","R","B","B",null,"R","$","E","B",null],"character_chosen":"DEFECT","items_purchased":["Conserve Battery","Hologram","OrangePellets","Block Potion","Bag of Preparation","Swift Potion"],"campfire_rested":3,"item_purchase_floors":[3,3,20,38,54,54],"current_hp_per_floor":[45,33,33,31,29,29,21,21,21,18,18,18,6,6,27,15,57,31,32,32,32,12,34,32,32,32,18,40,23,23,44,44,44,68,58,39,21,21,21,21,40,40,40,50,50,50,70,70,70,77,27,65,65,65,40,23],"gold":32,"neow_bonus":"ONE_RARE_RELIC","is_prod":false,"is_daily":false,"chose_seed":false,"campfire_upgraded":5,"win_rate":0,"timestamp":1566270898,"path_taken":["M","M","$","M","M","R","E","?","T","E","R","?","?","?","R","BOSS","M","M","$","?","?","R","M","R","T","M","R","E","?","M","R","BOSS","M","?","M","$","?","R","E","R","T","M","?","M","?","?","R","BOSS","BOSS","R","$","E","BOSS"],"build_version":"2019-07-17","purchased_purges":2,"victory":true,"max_hp_per_floor":[71,71,71,71,71,71,71,71,71,71,71,71,71,71,71,71,71,71,71,71,71,76,76,76,76,76,76,76,76,76,76,76,76,76,76,76,76,76,72,72,72,72,72,72,72,77,77,77,77,77,77,77,77,77,77,77],"card_choices":[{"not_picked":["Steam","Sweeping Beam"],"picked":"Compile Driver","floor":1.0},{"not_picked":["Compile Driver","Steam Power"],"picked":"Creative AI","floor":2.0},{"not_picked":["Compile Driver","Turbo"],"picked":"Electrodynamics","floor":4.0},{"not_picked":["Steam","Rebound"],"picked":"Loop","floor":5.0},{"not_picked":["Turbo","Sweeping Beam"],"picked":"Recycle","floor":7.0},{"not_picked":["Sweeping Beam","Steam"],"picked":"Skim","floor":10.0},{"not_picked":["Blizzard","Rebound"],"picked":"Go for the Eyes","floor":12.0},{"not_picked":["Steam","Leap"],"picked":"Tempest","floor":13.0},{"not_picked":["Buffer","Creative AI"],"picked":"Amplify","floor":16.0},{"not_picked":["Streamline","Coolheaded"],"picked":"Self Repair","floor":18.0},{"not_picked":["Barrage","Compile Driver"],"picked":"Force Field","floor":19.0},{"not_picked":["Barrage","Rebound"],"picked":"Hologram","floor":24.0},{"not_picked":["Chill","Barrage"],"picked":"Self Repair","floor":27.0},{"not_picked":["Conserve Battery","Seek"],"picked":"Storm","floor":29.0},{"not_picked":["Chill","Rebound+1"],"picked":"Coolheaded","floor":31.0},{"not_picked":["Fission","Core Surge"],"picked":"All For One","floor":33.0},{"not_picked":["Redo","Beam Cell"],"picked":"Coolheaded+1","floor":35.0},{"not_picked":["Streamline+1","Cold Snap"],"picked":"Loop","floor":36.0},{"not_picked":["Coolheaded","Genetic Algorithm","Static Discharge"],"picked":"SKIP","floor":37.0},{"not_picked":["Aggregate","Barrage"],"picked":"Undo","floor":41.0},{"not_picked":["Sweeping Beam","Cold Snap"],"picked":"Reinforced Body+1","floor":44.0},{"not_picked":["Rip and Tear","Go for the Eyes"],"picked":"Reinforced Body","floor":46.0},{"not_picked":["Storm","White Noise"],"picked":"All For One","floor":47.0},{"not_picked":["Genetic Algorithm","Ball Lightning","Redo"],"picked":"SKIP","floor":55.0}],"player_experience":2214541,"relics_obtained":[{"floor":7.0,"key":"Happy Flower"},{"floor":9.0,"key":"MawBank"},{"floor":10.0,"key":"Potion Belt"},{"floor":13.0,"key":"Odd Mushroom"},{"floor":26.0,"key":"Oddly Smooth Stone"},{"floor":36.0,"key":"Peace Pipe"},{"floor":41.0,"key":"War Paint"},{"floor":55.0,"key":"Bag of Marbles"}],"event_choices":[{"cards_removed":["Defend_B"],"damage_healed":0.0,"max_hp_gain":0.0,"max_hp_loss":0.0,"gold_gain":0.0,"event_name":"Purifier","player_choice":"Purged","floor":8.0,"gold_loss":0.0,"damage_taken":0.0},{"damage_healed":0.0,"max_hp_gain":0.0,"max_hp_loss":0.0,"gold_gain":0.0,"event_name":"Mushrooms","player_choice":"Fought Mushrooms","floor":13.0,"gold_loss":0.0,"damage_taken":0.0},{"cards_removed":["Strike_B"],"damage_healed":0.0,"max_hp_gain":0.0,"max_hp_loss":0.0,"gold_gain":0.0,"event_name":"The Cleric","player_choice":"Card Removal","floor":14.0,"gold_loss":75.0,"damage_taken":0.0},{"damage_healed":0.0,"max_hp_gain":0.0,"max_hp_loss":0.0,"gold_gain":0.0,"event_name":"The Library","player_choice":"Read","floor":21.0,"gold_loss":0.0,"damage_taken":0.0,"cards_obtained":["Heatsinks"]},{"damage_healed":0.0,"max_hp_gain":5.0,"max_hp_loss":0.0,"gold_gain":0.0,"event_name":"Forgotten Altar","player_choice":"Shed Blood","floor":22.0,"gold_loss":0.0,"damage_taken":25.0},{"cards_removed":["Strike_B"],"damage_healed":0.0,"max_hp_gain":0.0,"max_hp_loss":0.0,"gold_gain":0.0,"event_name":"Back to Basics","player_choice":"Elegance","floor":30.0,"gold_loss":0.0,"damage_taken":0.0},{"damage_healed":0.0,"max_hp_gain":0.0,"max_hp_loss":0.0,"gold_gain":0.0,"event_name":"Mysterious Sphere","player_choice":"Fight","floor":36.0,"gold_loss":0.0,"damage_taken":0.0},{"damage_healed":0.0,"max_hp_gain":0.0,"max_hp_loss":4.0,"gold_gain":0.0,"event_name":"Winding Halls","player_choice":"Max HP","floor":39.0,"gold_loss":0.0,"damage_taken":0.0},{"damage_healed":0.0,"max_hp_gain":0.0,"max_hp_loss":0.0,"gold_gain":0.0,"event_name":"Lab","player_choice":"Got Potions","floor":45.0,"gold_loss":0.0,"damage_taken":0.0},{"damage_healed":0.0,"max_hp_gain":0.0,"max_hp_loss":0.0,"gold_gain":0.0,"event_name":"Upgrade Shrine","player_choice":"Upgraded","floor":48.0,"gold_loss":0.0,"damage_taken":0.0,"cards_upgraded":["Force Field"]}],"is_beta":false,"boss_relics":[{"not_picked":["Velvet Choker","Inserter"],"picked":"Snecko Eye"},{"not_picked":["Runic Dome","Tiny House"],"picked":"Runic Pyramid"}],"items_purged_floors":[20,38],"is_endless":false,"potions_floor_spawned":[2,4,7,13,16,18,19,29,41,44,46],"ascension_level":20}