{"gold_per_floor":[110,128,78,89,89,118,118,173,173,197,197,197,197,214,214,318,318,330,10,10,30,0,18,18,30,60,60],"floor_reached":27,"playtime":2122,"items_purged":["Pain"],"score":236,"play_id":"8134f197-e452-4374-a53c-d4ec6b944ef0","local_time":"20190703172250","is_ascension_mode":false,"campfire_choices":[{"floor":7,"key":"REST"},{"floor":11,"key":"REST"},{"floor":13,"key":"REST"},{"data":"Ball Lightning","floor":15,"key":"SMITH"},{"floor":24,"key":"REST"}],"neow_cost":"NONE","seed_source_timestamp":1329054581025749,"circlet_count":0,"master_deck":["Strike_B","Strike_B","Strike_B","Strike_B","Defend_B","Defend_B","Defend_B","Zap","Dualcast","Go for the Eyes","Barrage","Coolheaded","Compile Driver","Ball Lightning+1","Ball Lightning","All For One","Pain","Regret","Melter+1","RitualDagger","Sweeping Beam","Gash+1","Gash"],"relics":["Cracked Core","Pantograph","Potion Belt","Thread and Needle","Centennial Puzzle","Bag of Marbles","Calling Bell","Strawberry","StoneCalendar","Frozen Egg 2","Pear","Tiny Chest"],"potions_floor_usage":[16,16],"damage_taken":[{"damage":0,"enemies":"Small Slimes","floor":1,"turns":3},{"damage":5,"enemies":"2 Louse","floor":2,"turns":3},{"damage":2,"enemies":"Jaw Worm","floor":4,"turns":3},{"damage":31,"enemies":"Lagavulin","floor":6,"turns":7},{"damage":27,"enemies":"Gremlin Nob","floor":8,"turns":5},{"damage":3,"enemies":"2 Fungi Beasts","floor":14,"turns":2},{"damage":46,"enemies":"The Guardian","floor":16,"turns":9},{"damage":13,"enemies":"Spheric Guardian","floor":18,"turns":3},{"damage":33,"enemies":"2 Thieves","floor":21,"turns":4},{"damage":42,"enemies":"Centurion and Healer","floor":23,"turns":4},{"damage":3,"enemies":"Sentry and Sphere","floor":25,"turns":2},{"damage":32,"enemies":"Snake Plant","floor":27,"turns":4}],"seed_played":"3425238748595846656","potions_obtained":[{"floor":1,"key":"Swift Potion"},{"floor":8,"key":"Dexterity Potion"},{"floor":14,"key":"Dexterity Potion"},{"floor":18,"key":"SpeedPotion"}],"is_trial":false,"path_per_floor":["M","M","?","M","$","E","R","?","T","T","R","?","R","M","R","B",null,"M","$","?","M","?","M","R","M","T","M"],"character_chosen":"DEFECT","items_purchased":["Pear"],"campfire_rested":4,"item_purchase_floors":[19],"current_hp_per_floor":[82,77,77,75,75,44,68,41,41,41,65,58,82,79,79,36,89,76,86,80,47,47,5,34,31,31,0],"gold":60,"neow_bonus":"TEN_PERCENT_HP_BONUS","is_prod":false,"is_daily":false,"chose_seed":false,"campfire_upgraded":1,"win_rate":0.0,"timestamp":1562192570,"path_taken":["M","M","?","M","$","E","R","?","T","?","R","?","R","?","R","BOSS","M","$","?","M","?","M","R","M","T","M"],"build_version":"2019-07-01","purchased_purges":1,"victory":false,"max_hp_per_floor":[82,82,82,82,82,82,82,82,82,82,82,82,82,82,82,82,89,89,99,99,99,99,99,99,99,99,99],"card_choices":[{"not_picked":["BootSequence","Hologram"],"picked":"Go for the Eyes","floor":1},{"not_picked":["Self Repair","Compile Driver"],"picked":"Barrage","floor":2},{"not_picked":["Stack","Compile Driver"],"picked":"Coolheaded","floor":4},{"not_picked":["Chaos","Blizzard"],"picked":"Compile Driver","floor":6},{"not_picked":["Redo","Multi-Cast"],"picked":"Ball Lightning","floor":8},{"not_picked":["Steam","Chill"],"picked":"Ball Lightning","floor":14},{"not_picked":["Reboot","Amplify"],"picked":"All For One","floor":16},{"not_picked":["Stack+1","Chill"],"picked":"Melter+1","floor":18},{"not_picked":["Leap+1","Cold Snap"],"picked":"Sweeping Beam","floor":21},{"not_picked":["Steam","Barrage"],"picked":"Gash+1","floor":23},{"not_picked":["FTL","Rebound"],"picked":"Gash","floor":25}],"player_experience":93569,"relics_obtained":[{"floor":6,"key":"Pantograph"},{"floor":8,"key":"Potion Belt"},{"floor":9,"key":"Thread and Needle"},{"floor":10,"key":"Centennial Puzzle"},{"floor":17,"key":"Strawberry"},{"floor":17,"key":"StoneCalendar"},{"floor":17,"key":"Frozen Egg 2"},{"floor":26,"key":"Tiny Chest"}],"event_choices":[{"cards_removed":["Defend_B"],"damage_healed":0,"gold_gain":0,"player_choice":"Card Removal","damage_taken":0,"max_hp_gain":0,"max_hp_loss":0,"event_name":"The Cleric","floor":3,"gold_loss":50},{"damage_healed":0,"gold_gain":0,"player_choice":"Searched \u00272\u0027 times","damage_taken":0,"max_hp_gain":0,"max_hp_loss":0,"event_name":"Dead Adventurer","floor":8,"gold_loss":0},{"damage_healed":0,"gold_gain":0,"player_choice":"Success","damage_taken":7,"relics_obtained":["Bag of Marbles"],"max_hp_gain":0,"max_hp_loss":0,"event_name":"Scrap Ooze","floor":12,"gold_loss":0},{"damage_healed":0,"gold_gain":0,"player_choice":"Joined the Cult","damage_taken":6,"max_hp_gain":0,"max_hp_loss":0,"event_name":"Nest","floor":20,"gold_loss":0,"cards_obtained":["RitualDagger"]},{"damage_healed":0,"gold_gain":0,"player_choice":"Paid Fearfully","damage_taken":0,"max_hp_gain":0,"max_hp_loss":0,"event_name":"Masked Bandits","floor":22,"gold_loss":30}],"is_beta":false,"boss_relics":[{"not_picked":["Inserter","Nuclear Battery"],"picked":"Calling Bell"}],"items_purged_floors":[19],"is_endless":false,"potions_floor_spawned":[1,8,14,18],"killed_by":"Snake Plant","ascension_level":0}