{"gold_per_floor":[109,89,101,101,117,292,347,347,347,347,367,106,31,43,43,43],"floor_reached":16,"playtime":1068,"items_purged":["Doubt"],"score":105,"play_id":"ba7dae6f-9faa-4b96-b792-03b208d95b11","local_time":"20190706051457","is_ascension_mode":true,"campfire_choices":[{"data":"Headbutt","floor":10,"key":"SMITH"},{"floor":15,"key":"REST"}],"neow_cost":"NONE","seed_source_timestamp":50534186918645,"circlet_count":0,"master_deck":["Strike_R","Strike_R","Strike_R","Strike_R","Strike_R","Defend_R","Defend_R","Defend_R","Defend_R","Bash","Flex","Clothesline","Twin Strike","Headbutt+1","Armaments","Heavy Blade"],"relics":["Burning Blood","Anchor","Dodecahedron","Tiny Chest","Kunai","Pear"],"potions_floor_usage":[],"damage_taken":[{"damage":8,"enemies":"Jaw Worm","floor":1,"turns":6},{"damage":6,"enemies":"Cultist","floor":3,"turns":3},{"damage":0,"enemies":"2 Louse","floor":5,"turns":2},{"damage":39,"enemies":"3 Sentries","floor":7,"turns":9},{"damage":7,"enemies":"Looter","floor":11,"turns":3},{"damage":27,"enemies":"Exordium Thugs","floor":14,"turns":4},{"damage":90,"enemies":"Hexaghost","floor":16,"turns":11}],"seed_played":"4591417039885092678","potions_obtained":[{"floor":2,"key":"SteroidPotion"},{"floor":11,"key":"Weak Potion"},{"floor":14,"key":"Regen Potion"}],"is_trial":false,"path_per_floor":["M","?","M","T","M","?","E","?","T","R","M","$","$","M","R","B"],"character_chosen":"IRONCLAD","items_purchased":["Pear"],"campfire_rested":1,"item_purchase_floors":[12],"current_hp_per_floor":[78,78,78,78,80,80,47,73,73,73,72,82,82,61,88,0],"gold":43,"neow_bonus":"RANDOM_COMMON_RELIC","is_prod":false,"is_daily":false,"chose_seed":false,"campfire_upgraded":1,"win_rate":0,"timestamp":1562408097,"path_taken":["M","?","?","?","M","?","E","?","T","R","M","?","$","M","R","BOSS"],"build_version":"2019-07-05","purchased_purges":1,"victory":false,"max_hp_per_floor":[80,80,80,80,80,80,80,80,80,80,80,90,90,90,90,90],"card_choices":[{"not_picked":["True Grit","Twin Strike"],"picked":"Flex","floor":1},{"not_picked":["Corruption","Blood for Blood"],"picked":"Clothesline","floor":3},{"not_picked":["Sword Boomerang","Headbutt"],"picked":"Twin Strike","floor":5},{"not_picked":["Double Tap","Clothesline"],"picked":"Headbutt","floor":7},{"not_picked":["Body Slam","Iron Wave"],"picked":"Armaments","floor":11},{"not_picked":["Seeing Red","Pummel"],"picked":"Heavy Blade","floor":14}],"player_experience":144069,"relics_obtained":[{"floor":4,"key":"Dodecahedron"},{"floor":7,"key":"Tiny Chest"},{"floor":9,"key":"Kunai"}],"event_choices":[{"damage_healed":0,"gold_gain":0,"player_choice":"Bought 1 Potion","damage_taken":0,"max_hp_gain":0,"max_hp_loss":0,"event_name":"The Woman in Blue","floor":2,"gold_loss":0},{"damage_healed":0,"gold_gain":175,"player_choice":"AGREE","damage_taken":0,"max_hp_gain":0,"max_hp_loss":0,"event_name":"Liars Game","floor":6,"gold_loss":0,"cards_obtained":["Doubt"]},{"damage_healed":26,"gold_gain":0,"player_choice":"Banana","damage_taken":0,"max_hp_gain":0,"max_hp_loss":0,"event_name":"Big Fish","floor":8,"gold_loss":0}],"is_beta":false,"boss_relics":[],"items_purged_floors":[13],"is_endless":false,"potions_floor_spawned":[11,14],"killed_by":"Hexaghost","ascension_level":1}