{"gold_per_floor":[112,130,130,20,33,59,59,59,59,59,92,10,29,49,49,149,149,166,466,381,381,398,44,44,57,57,156,156,175,195,195,195,299,299,314,329,329,329,329],"floor_reached":39,"playtime":2206,"items_purged":["Strike_G","Strike_G"],"score":389,"play_id":"9d955efd-2e35-4cbe-9df1-1c87e0276b21","local_time":"20190429155555","is_ascension_mode":false,"campfire_choices":[{"floor":7.0,"key":"RECALL"},{"data":"Dagger Spray","floor":10.0,"key":"SMITH"},{"floor":15.0,"key":"REST"},{"floor":24.0,"key":"REST"},{"floor":28.0,"key":"REST"},{"floor":32.0,"key":"REST"}],"neow_cost":"NONE","seed_source_timestamp":0,"circlet_count":0,"master_deck":["Defend_G","Defend_G","Defend_G","Defend_G","Defend_G","Strike_G","Survivor","Neutralize","Panacea","Bouncing Flask+1","Calculated Gamble","Dagger Spray+1","Deadly Poison","Underhanded Strike","Footwork","Caltrops","Malaise","Poisoned Stab","Poisoned Stab","Bouncing Flask","Noxious Fumes+1","Burst","Flechettes+1","Parasite"],"special_seed":0,"relics":["Ring of the Serpent","Incense Burner","Letter Opener","Mercury Hourglass","Orrery","Old Coin","Matryoshka","Bottled Lightning","Bag of Preparation","Happy Flower","Molten Egg 2"],"potions_floor_usage":[],"damage_taken":[{"damage":0.0,"enemies":"2 Louse","floor":1.0,"turns":4.0},{"damage":0.0,"enemies":"Cultist","floor":2.0,"turns":3.0},{"damage":1.0,"enemies":"Jaw Worm","floor":5.0,"turns":3.0},{"damage":18.0,"enemies":"Lagavulin","floor":6.0,"turns":5.0},{"damage":29.0,"enemies":"3 Sentries","floor":11.0,"turns":6.0},{"damage":2.0,"enemies":"Exordium Thugs","floor":13.0,"turns":4.0},{"damage":0.0,"enemies":"Looter","floor":14.0,"turns":3.0},{"damage":25.0,"enemies":"Hexaghost","floor":16.0,"turns":7.0},{"damage":20.0,"enemies":"Shell Parasite","floor":18.0,"turns":4.0},{"damage":35.0,"enemies":"2 Thieves","floor":22.0,"turns":3.0},{"damage":19.0,"enemies":"Centurion and Healer","floor":25.0,"turns":6.0},{"damage":15.0,"enemies":"Snake Plant","floor":29.0,"turns":2.0},{"damage":3.0,"enemies":"Snecko","floor":30.0,"turns":3.0},{"damage":58.0,"enemies":"Collector","floor":33.0,"turns":8.0},{"damage":28.0,"enemies":"3 Darklings","floor":35.0,"turns":5.0},{"damage":18,"enemies":"3 Shapes","floor":36,"turns":3},{"damage":31,"enemies":"Writhing Mass","floor":39,"turns":4}],"seed_played":"3045686008647924135","potions_obtained":[{"floor":2.0,"key":"Strength Potion"},{"floor":6.0,"key":"Strength Potion"},{"floor":14.0,"key":"Block Potion"}],"is_trial":false,"path_per_floor":["M","M","?","$","M","E","R","?","T","R","E","$","M","M","R","B",null,"M","?","?","?","M","$","R","M","T","?","R","M","M","?","R","B",null,"M","M","?","?","M"],"character_chosen":"THE_SILENT","items_purchased":["Calculated Gamble","Footwork","Bottled Lightning"],"campfire_rested":4,"item_purchase_floors":[4,12,23],"current_hp_per_floor":[70,70,70,70,69,51,51,51,51,51,22,22,20,20,41,16,70,50,50,50,70,35,35,56,37,37,37,58,43,40,40,61,3,70,42,24,24,24,0],"gold":329,"neow_bonus":"RANDOM_COLORLESS","is_prod":false,"is_daily":false,"chose_seed":false,"campfire_upgraded":1,"win_rate":0,"timestamp":1556578555,"path_taken":["M","M","?","?","M","E","R","?","T","R","E","$","M","M","R","BOSS","M","?","?","?","M","$","R","M","T","?","R","?","M","?","R","BOSS","M","M","?","?","?"],"build_version":"2019-01-23","purchased_purges":2,"victory":false,"max_hp_per_floor":[70,70,70,70,70,70,70,70,70,70,70,70,70,70,70,70,70,70,70,70,70,70,70,70,70,70,70,70,70,70,70,70,70,70,70,70,70,70,70],"card_choices":[{"not_picked":["PiercingWail","Blade Dance"],"picked":"Bouncing Flask","floor":1.0},{"not_picked":["PiercingWail","Terror","Distraction"],"picked":"SKIP","floor":2.0},{"not_picked":["Terror","Blur"],"picked":"Dagger Spray","floor":5.0},{"not_picked":["Riddle With Holes","Flying Knee"],"picked":"Deadly Poison","floor":6.0},{"not_picked":["Dodge and Roll","Choke","Deflect"],"picked":"SKIP","floor":11.0},{"not_picked":["Heel Hook","Poisoned Stab","Calculated Gamble"],"picked":"SKIP","floor":13.0},{"not_picked":["Heel Hook","Blade Dance"],"picked":"Caltrops","floor":14.0},{"not_picked":["Doppelganger","Wraith Form v2"],"picked":"Malaise","floor":16.0},{"not_picked":["Deflect","PiercingWail"],"picked":"Poisoned Stab","floor":17.0},{"not_picked":["Acrobatics","Quick Slash"],"picked":"Poisoned Stab","floor":17.0},{"not_picked":["Wraith Form v2","Deadly Poison"],"picked":"Bouncing Flask","floor":17.0},{"not_picked":["Eviscerate","Dodge and Roll"],"picked":"Noxious Fumes+1","floor":18.0},{"not_picked":["Expertise+1","Cloak And Dagger"],"picked":"Burst","floor":22.0},{"not_picked":["Expertise","Quick Slash","Prepared"],"picked":"SKIP","floor":25.0},{"not_picked":["Outmaneuver","Endless Agony","Caltrops"],"picked":"SKIP","floor":29.0},{"not_picked":["Well Laid Plans+1","Underhanded Strike"],"picked":"Flechettes+1","floor":30.0},{"not_picked":["Tools of the Trade","After Image"],"picked":"Envenom","floor":33.0},{"not_picked":["Flying Knee","Tactician","Dodge and Roll+1"],"picked":"SKIP","floor":35},{"not_picked":["Blade Dance","Quick Slash","Finisher+1"],"picked":"SKIP","floor":36}],"player_experience":96522,"relics_obtained":[{"floor":6.0,"key":"Incense Burner"},{"floor":9.0,"key":"Letter Opener"},{"floor":11.0,"key":"Mercury Hourglass"},{"floor":26.0,"key":"Bag of Preparation"},{"floor":26.0,"key":"Happy Flower"}],"event_choices":[{"damage_healed":0.0,"max_hp_gain":0.0,"max_hp_loss":0.0,"gold_gain":0.0,"event_name":"Upgrade Shrine","player_choice":"Upgraded","floor":3.0,"gold_loss":0.0,"damage_taken":0.0,"cards_upgraded":["Bouncing Flask"]},{"damage_healed":0.0,"max_hp_gain":0.0,"max_hp_loss":0.0,"gold_gain":0.0,"cards_transformed":["Strike_G"],"event_name":"Transmorgrifier","player_choice":"Transformed","floor":8.0,"gold_loss":0.0,"damage_taken":0.0,"cards_obtained":["Underhanded Strike"]},{"damage_healed":0.0,"max_hp_gain":0.0,"max_hp_loss":0.0,"gold_gain":0.0,"event_name":"The Mausoleum","player_choice":"Opened","floor":19.0,"gold_loss":0.0,"damage_taken":0.0,"relics_obtained":["Old Coin"]},{"damage_healed":0.0,"max_hp_gain":0.0,"max_hp_loss":0.0,"gold_gain":0.0,"event_name":"Addict","player_choice":"Obtained Relic","floor":20.0,"gold_loss":85.0,"damage_taken":0.0,"relics_obtained":["Matryoshka"]},{"damage_healed":23.0,"max_hp_gain":0.0,"max_hp_loss":0.0,"gold_gain":0.0,"event_name":"The Library","player_choice":"Heal","floor":21.0,"gold_loss":0.0,"damage_taken":0.0},{"damage_healed":0.0,"max_hp_gain":0.0,"max_hp_loss":0.0,"gold_gain":99.0,"event_name":"Nest","player_choice":"Stole From Cult","floor":27.0,"gold_loss":0.0,"damage_taken":0.0},{"cards_removed":["Strike_G"],"damage_healed":0.0,"max_hp_gain":0.0,"max_hp_loss":0.0,"gold_gain":0.0,"event_name":"Back to Basics","player_choice":"Elegance","floor":31.0,"gold_loss":0.0,"damage_taken":0.0},{"cards_removed":["Envenom"],"damage_healed":0,"gold_gain":0,"player_choice":"Removed Power","damage_taken":0,"max_hp_gain":0,"max_hp_loss":0,"event_name":"Falling","floor":37,"gold_loss":0},{"damage_healed":0,"gold_gain":0,"player_choice":"Gave Potion","damage_taken":0,"relics_obtained":["Molten Egg 2"],"max_hp_gain":0,"max_hp_loss":0,"event_name":"WeMeetAgain","floor":38,"gold_loss":0}],"is_beta":false,"boss_relics":[{"not_picked":["Ectoplasm","Astrolabe"],"picked":"Orrery"},{"not_picked":["Velvet Choker","Eternal Feather"],"picked":"Ring of the Serpent"}],"items_purged_floors":[4,23],"is_endless":false,"potions_floor_spawned":[2,6,14,22,29,35],"killed_by":"Writhing Mass","ascension_level":0}