{"gold_per_floor":[113,131,146,163,6,6,37,112,112,129,145,171,171,171,171,300,300,314,229,248,188,213,244,244,244,271,271,271,271,284,300,300,300],"floor_reached":33,"playtime":3658,"items_purged":["Injury"],"score":344,"play_id":"5f433223-1972-4265-b9fa-f589f130e9cf","local_time":"20190901234748","is_ascension_mode":true,"campfire_choices":[{"data":"Armaments","floor":6.0,"key":"SMITH"},{"floor":13,"key":"REST"},{"floor":15,"key":"REST"},{"floor":25,"key":"REST"},{"floor":29,"key":"REST"},{"floor":32,"key":"REST"}],"neow_cost":"NONE","seed_source_timestamp":0,"circlet_count":0,"master_deck":["Strike_R","Strike_R","Strike_R","Strike_R","Strike_R","Defend_R","Defend_R","Defend_R","Defend_R","Bash","Armaments+1","Perfected Strike","Shrug It Off","Juggernaut","Berserk","Armaments","Clash","Rampage+1","Feed+1","Clash+1","Clothesline+1","Heavy Blade+1","Power Through+1","Flex+1","Twin Strike+1"],"special_seed":0,"relics":["Burning Blood","Anchor","Art of War","The Courier","Molten Egg 2","Golden Idol","Philosopher\u0027s Stone","Juzu Bracelet","Bronze Scales","MutagenicStrength","Smiling Mask","Nilry\u0027s Codex"],"potions_floor_usage":[12,12,18,23,23,31,33],"damage_taken":[{"damage":1.0,"enemies":"Cultist","floor":1.0,"turns":4.0},{"damage":7.0,"enemies":"Jaw Worm","floor":2.0,"turns":3.0},{"damage":11.0,"enemies":"2 Louse","floor":3.0,"turns":2.0},{"damage":0.0,"enemies":"2 Fungi Beasts","floor":4.0,"turns":4.0},{"damage":9,"enemies":"3 Sentries","floor":7,"turns":8},{"damage":23,"enemies":"Exordium Thugs","floor":10,"turns":4},{"damage":11,"enemies":"Large Slime","floor":11,"turns":5},{"damage":36,"enemies":"Gremlin Nob","floor":12,"turns":5},{"damage":72,"enemies":"Slime Boss","floor":16,"turns":13},{"damage":0,"enemies":"Spheric Guardian","floor":18,"turns":3},{"damage":28,"enemies":"2 Thieves","floor":20,"turns":4},{"damage":33,"enemies":"Centurion and Healer","floor":22,"turns":6},{"damage":74,"enemies":"Slavers","floor":23,"turns":5},{"damage":24,"enemies":"Snecko","floor":30,"turns":4},{"damage":7,"enemies":"Snake Plant","floor":31,"turns":2},{"damage":101,"enemies":"Automaton","floor":33,"turns":6}],"seed_played":"4769377558594962398","potions_obtained":[{"floor":1.0,"key":"Dexterity Potion"},{"floor":4.0,"key":"GamblersBrew"},{"floor":11,"key":"Dexterity Potion"},{"floor":16,"key":"AttackPotion"},{"floor":20,"key":"Regen Potion"},{"floor":22,"key":"BloodPotion"},{"floor":31,"key":"SteroidPotion"}],"is_trial":false,"path_per_floor":["M","M","M","M","$","R","E","?","T","M","M","E","R","?","R","B",null,"M","?","M","$","M","E","?","R","T","?","?","R","M","M","R","B"],"character_chosen":"IRONCLAD","items_purchased":["Anchor"],"campfire_rested":5,"item_purchase_floors":[5],"current_hp_per_floor":[88,87,82,88,88,88,85,74,74,57,52,22,48,48,74,8,88,88,88,66,66,43,16,16,44,44,28,28,56,38,37,65,0],"gold":300,"neow_bonus":"TEN_PERCENT_HP_BONUS","is_prod":false,"is_daily":false,"chose_seed":false,"campfire_upgraded":1,"win_rate":0,"timestamp":1567399668,"path_taken":["M","M","M","M","$","R","E","?","T","M","M","E","R","?","R","BOSS","M","?","M","$","M","E","?","R","T","?","?","R","M","M","R","BOSS"],"build_version":"2019-07-17","purchased_purges":1,"victory":false,"max_hp_per_floor":[88,88,88,88,88,88,88,88,88,88,88,88,88,88,88,88,88,88,88,88,88,92,96,96,96,96,96,96,96,96,96,96,96],"card_choices":[{"not_picked":["Inflame","Clothesline"],"picked":"Armaments","floor":1.0},{"not_picked":["Flex","Intimidate"],"picked":"Perfected Strike","floor":2.0},{"not_picked":["True Grit","Clothesline"],"picked":"Shrug It Off","floor":3.0},{"not_picked":["Anger","Fire Breathing"],"picked":"Juggernaut","floor":4.0},{"not_picked":["Dual Wield","Uppercut"],"picked":"Berserk","floor":7},{"not_picked":["Carnage","Dual Wield"],"picked":"Armaments","floor":10},{"not_picked":["Armaments","Havoc"],"picked":"Clash","floor":11},{"not_picked":["Anger","Shrug It Off"],"picked":"Rampage","floor":12},{"not_picked":["Berserk","Fiend Fire+1"],"picked":"Feed+1","floor":16},{"not_picked":["Warcry","Burning Pact"],"picked":"Clash+1","floor":18},{"not_picked":["Spot Weakness","Metallicize"],"picked":"Clothesline+1","floor":20},{"not_picked":["Warcry+1","Barricade"],"picked":"Heavy Blade+1","floor":22},{"not_picked":["Sword Boomerang+1","Havoc+1"],"picked":"Power Through+1","floor":23},{"not_picked":["Whirlwind+1","Burning Pact+1"],"picked":"Flex+1","floor":30},{"not_picked":["Battle Trance","Warcry"],"picked":"Twin Strike+1","floor":31}],"player_experience":390136,"relics_obtained":[{"floor":7,"key":"Art of War"},{"floor":9,"key":"The Courier"},{"floor":12,"key":"Molten Egg 2"},{"floor":23,"key":"Bronze Scales"},{"floor":26,"key":"Smiling Mask"},{"floor":27,"key":"Nilry\u0027s Codex"}],"event_choices":[{"damage_healed":0,"gold_gain":75,"player_choice":"Gather Gold","damage_taken":11,"max_hp_gain":0,"max_hp_loss":0,"event_name":"World of Goop","floor":8,"gold_loss":0},{"damage_healed":0,"gold_gain":0,"player_choice":"Take Wound","damage_taken":0,"relics_obtained":["Golden Idol"],"max_hp_gain":0,"max_hp_loss":0,"event_name":"Golden Idol","floor":14,"gold_loss":0,"cards_obtained":["Injury"]},{"damage_healed":0,"gold_gain":0,"player_choice":"Obtained Relic","damage_taken":0,"relics_obtained":["Juzu Bracelet"],"max_hp_gain":0,"max_hp_loss":0,"event_name":"Addict","floor":19,"gold_loss":85},{"damage_healed":0,"gold_gain":0,"player_choice":"Inject Mutagens","damage_taken":0,"relics_obtained":["MutagenicStrength"],"max_hp_gain":0,"max_hp_loss":0,"event_name":"Drug Dealer","floor":24,"gold_loss":0},{"damage_healed":0,"gold_gain":0,"player_choice":"Obtained Book","damage_taken":16,"max_hp_gain":0,"max_hp_loss":0,"event_name":"Cursed Tome","floor":27,"gold_loss":0},{"damage_healed":0,"gold_gain":0,"player_choice":"Ignored","damage_taken":0,"max_hp_gain":0,"max_hp_loss":0,"event_name":"Vampires","floor":28,"gold_loss":0}],"is_beta":false,"boss_relics":[{"not_picked":["White Beast Statue","Mark of Pain"],"picked":"Philosopher\u0027s Stone"}],"items_purged_floors":[21],"is_endless":false,"potions_floor_spawned":[1,4,11,16,20,22,31],"killed_by":"Automaton","ascension_level":3}