{"gold_per_floor":[119,131,58,58,77,106,106,117,117,136,154,166,228,189,189,189],"floor_reached":16,"playtime":2026,"items_purged":[],"score":104,"play_id":"2eaf15fc-9e83-45ba-a6b2-839079c63dee","local_time":"20190627214819","is_ascension_mode":false,"campfire_choices":[{"floor":7,"key":"REST"},{"floor":15,"key":"REST"}],"neow_cost":"","seed_source_timestamp":826668749733242,"circlet_count":0,"master_deck":["Strike_R","Strike_R","Strike_R","Strike_R","Strike_R","Defend_R","Defend_R","Defend_R","Defend_R","Bash","Perfected Strike","Fire Breathing","Rage","Shrug It Off","Twin Strike","Clash","Barricade","Flex","Second Wind"],"relics":["Burning Blood","GremlinMask","Juzu Bracelet","Ancient Tea Set"],"potions_floor_usage":[16,16,16],"damage_taken":[{"damage":5,"enemies":"Small Slimes","floor":1,"turns":3},{"damage":5,"enemies":"Cultist","floor":2,"turns":4},{"damage":13,"enemies":"Jaw Worm","floor":5,"turns":3},{"damage":40,"enemies":"3 Sentries","floor":6,"turns":12},{"damage":25,"enemies":"3 Louse","floor":8,"turns":3},{"damage":0,"enemies":"Large Slime","floor":10,"turns":4},{"damage":11,"enemies":"Red Slaver","floor":11,"turns":4},{"damage":21,"enemies":"2 Fungi Beasts","floor":12,"turns":4},{"damage":56,"enemies":"The Guardian","floor":16,"turns":7}],"seed_played":"-832579189807311586","potions_obtained":[{"floor":8,"key":"EssenceOfSteel"},{"floor":11,"key":"SpeedPotion"},{"floor":12,"key":"FearPotion"}],"is_trial":false,"path_per_floor":["M","M","$","?","M","E","R","M","T","M","M","M","?","?","R","B"],"character_chosen":"IRONCLAD","items_purchased":["Rage"],"campfire_rested":2,"item_purchase_floors":[3],"current_hp_per_floor":[80,80,80,80,73,39,63,44,44,50,45,30,30,30,54,0],"gold":189,"neow_bonus":"","is_prod":false,"is_daily":false,"chose_seed":false,"campfire_upgraded":0,"win_rate":0.0,"timestamp":1561690099,"path_taken":["M","M","$","?","M","E","R","M","T","M","M","M","?","?","R","BOSS"],"build_version":"2019-01-23","purchased_purges":0,"victory":false,"max_hp_per_floor":[80,80,80,80,80,80,80,80,80,80,80,80,80,80,80,80],"card_choices":[{"not_picked":["Body Slam","Dropkick"],"picked":"Perfected Strike","floor":1},{"not_picked":["Armaments","Shrug It Off"],"picked":"Fire Breathing","floor":2},{"not_picked":["Body Slam","Clash"],"picked":"Shrug It Off","floor":5},{"not_picked":["Bloodletting","Flex"],"picked":"Twin Strike","floor":6},{"not_picked":["Corruption","Power Through"],"picked":"Clash","floor":8},{"not_picked":["Intimidate","Warcry"],"picked":"Barricade","floor":10},{"not_picked":["True Grit","Warcry"],"picked":"Flex","floor":11},{"not_picked":["Rage","True Grit"],"picked":"Second Wind","floor":12}],"player_experience":0,"relics_obtained":[{"floor":6,"key":"Juzu Bracelet"},{"floor":9,"key":"Ancient Tea Set"}],"event_choices":[{"damage_healed":0,"gold_gain":0,"player_choice":"Trade","damage_taken":0,"relics_obtained":["GremlinMask"],"max_hp_gain":0,"max_hp_loss":0,"event_name":"FaceTrader","floor":4,"gold_loss":0},{"damage_healed":0,"gold_gain":62,"player_choice":"Gained Gold","damage_taken":0,"max_hp_gain":0,"max_hp_loss":0,"event_name":"Golden Wing","floor":13,"gold_loss":0},{"damage_healed":0,"gold_gain":0,"player_choice":"Left Gold","damage_taken":0,"max_hp_gain":0,"max_hp_loss":0,"event_name":"World of Goop","floor":14,"gold_loss":39}],"is_beta":false,"boss_relics":[],"items_purged_floors":[],"is_endless":false,"potions_floor_spawned":[8,11,12],"killed_by":"The Guardian","ascension_level":0}