{"gold_per_floor":[109,125,141,141,158,188,188,199,199,223,235,274,38,66,66,171,171,171,171,171,171,81,81,81,81,81,81,81,81,6,6,6,6,6,6,6,6,6,6,6,6,6,6,6,6,6,6,6],"floor_reached":48,"playtime":4272,"items_purged":["Strike_R"],"score":584,"play_id":"295990d5-d3fa-4c29-af73-8ccdd173ab51","local_time":"20190901234135","is_ascension_mode":true,"campfire_choices":[{"data":"Twin Strike","floor":7,"key":"SMITH"},{"data":"Demon Form","floor":11,"key":"SMITH"},{"data":"Body Slam","floor":15,"key":"SMITH"},{"data":"Disarm","floor":23,"key":"SMITH"},{"data":"Clothesline","floor":25,"key":"SMITH"},{"data":"Heavy Blade","floor":27,"key":"SMITH"},{"data":"Bash","floor":32,"key":"SMITH"},{"floor":40,"key":"REST"},{"data":"Double Tap","floor":42,"key":"SMITH"}],"neow_cost":"NONE","seed_source_timestamp":413435367524700,"circlet_count":0,"master_deck":["Strike_R","Strike_R","Strike_R+1","Defend_R+1","Defend_R","Defend_R","Defend_R","Bash+1","Demon Form+1","Disarm+1","Shrug It Off+1","Flex","Twin Strike+1","Thunderclap","Clothesline+1","Flex","Body Slam+1","Impervious","Shrug It Off+1","Heavy Blade+1","Body Slam+1","Anger","Warcry","Burning Pact+1","Double Tap+1","Feel No Pain","Flame Barrier","Sword Boomerang","Spot Weakness+1","Wild Strike+1","Searing Blow+1","Heavy Blade"],"relics":["Burning Blood","Orichalcum","MawBank","PreservedInsect","Mercury Hourglass","Singing Bowl","Ectoplasm","Dead Branch","Pen Nib","Cursed Key","Shovel"],"potions_floor_usage":[16,20,33,35,36,38,48,48],"damage_taken":[{"damage":5,"enemies":"Cultist","floor":1,"turns":4},{"damage":0,"enemies":"Small Slimes","floor":2,"turns":3},{"damage":7,"enemies":"Jaw Worm","floor":3,"turns":5},{"damage":14,"enemies":"Exordium Thugs","floor":5,"turns":8},{"damage":13,"enemies":"Lagavulin","floor":6,"turns":7},{"damage":3,"enemies":"3 Louse","floor":8,"turns":4},{"damage":3,"enemies":"Gremlin Gang","floor":10,"turns":4},{"damage":0,"enemies":"Gremlin Nob","floor":12,"turns":4},{"damage":16,"enemies":"Lagavulin","floor":14,"turns":6},{"damage":20,"enemies":"The Guardian","floor":16,"turns":11},{"damage":5,"enemies":"3 Byrds","floor":18,"turns":4},{"damage":0,"enemies":"Chosen","floor":19,"turns":2},{"damage":4,"enemies":"3 Cultists","floor":20,"turns":3},{"damage":9,"enemies":"Snake Plant","floor":21,"turns":3},{"damage":17,"enemies":"Slavers","floor":24,"turns":4},{"damage":20,"enemies":"Shelled Parasite and Fungi","floor":28,"turns":4},{"damage":9,"enemies":"Chosen and Byrds","floor":29,"turns":5},{"damage":29,"enemies":"Champ","floor":33,"turns":9},{"damage":14,"enemies":"3 Darklings","floor":35,"turns":5},{"damage":6,"enemies":"Orb Walker","floor":36,"turns":2},{"damage":20,"enemies":"4 Shapes","floor":37,"turns":4},{"damage":11,"enemies":"Maw","floor":38,"turns":6},{"damage":22,"enemies":"Writhing Mass","floor":39,"turns":4},{"damage":8,"enemies":"Sphere and 2 Shapes","floor":41,"turns":3},{"damage":0,"enemies":"Giant Head","floor":45,"turns":5},{"damage":79,"enemies":"Nemesis","floor":48,"turns":6}],"seed_played":"2225525450996540363","potions_obtained":[{"floor":1,"key":"Strength Potion"},{"floor":2,"key":"EntropicBrew"},{"floor":10,"key":"Regen Potion"},{"floor":19,"key":"AttackPotion"},{"floor":20,"key":"Block Potion"},{"floor":33,"key":"Poison Potion"},{"floor":35,"key":"Weak Potion"},{"floor":38,"key":"SpeedPotion"}],"is_trial":false,"path_per_floor":["M","M","M","?","M","E","R","M","T","M","R","E","$","E","R","B",null,"M","M","M","M","?","R","E","R","T","R","M","M","$","?","R","B",null,"M","M","M","M","M","R","M","R","T","$","E","?","T","E"],"character_chosen":"IRONCLAD","items_purchased":["Mercury Hourglass"],"campfire_rested":1,"item_purchase_floors":[13],"current_hp_per_floor":[80,80,79,63,55,48,48,51,51,54,54,60,60,50,50,36,80,80,80,80,77,77,77,68,68,68,68,54,51,51,51,51,40,82,74,74,60,55,39,63,61,61,61,61,67,67,67,0],"gold":6,"neow_bonus":"ONE_RANDOM_RARE_CARD","is_prod":false,"is_daily":false,"chose_seed":false,"campfire_upgraded":8,"win_rate":0,"timestamp":1567395695,"path_taken":["M","?","M","?","M","E","R","M","T","M","R","E","$","E","R","BOSS","M","M","M","M","?","R","E","R","T","R","?","M","$","?","R","BOSS","M","M","?","?","M","R","M","R","T","?","E","?","?","E"],"build_version":"2019-07-17","purchased_purges":1,"victory":false,"max_hp_per_floor":[80,80,80,80,80,80,80,80,80,80,80,80,80,80,80,80,80,80,80,80,80,80,80,82,82,82,82,82,82,82,82,82,82,82,82,82,82,82,82,82,82,82,82,82,82,82,82,82],"card_choices":[{"not_picked":["Shrug It Off","Perfected Strike"],"picked":"Disarm","floor":1},{"not_picked":["Perfected Strike","Burning Pact"],"picked":"Shrug It Off","floor":2},{"not_picked":["Rampage","Shrug It Off"],"picked":"Flex","floor":3},{"not_picked":["Bloodletting","Infernal Blade"],"picked":"Twin Strike","floor":5},{"not_picked":["Power Through","Burning Pact","Combust"],"picked":"SKIP","floor":6},{"not_picked":["Cleave","Clash"],"picked":"Thunderclap","floor":8},{"not_picked":["Thunderclap","Clash"],"picked":"Clothesline","floor":10},{"not_picked":["Blood for Blood","Carnage"],"picked":"Flex","floor":12},{"not_picked":["Carnage","Thunderclap"],"picked":"Body Slam","floor":14},{"not_picked":["Double Tap","Offering"],"picked":"Impervious","floor":16},{"not_picked":["Seeing Red+1","Sentinel"],"picked":"Shrug It Off+1","floor":18},{"not_picked":["Perfected Strike+1","True Grit"],"picked":"Heavy Blade","floor":19},{"not_picked":["Cleave","True Grit"],"picked":"Body Slam+1","floor":20},{"not_picked":["Intimidate","Sword Boomerang+1"],"picked":"Anger","floor":21},{"not_picked":["Offering","Wild Strike","Battle Trance"],"picked":"Singing Bowl","floor":24},{"not_picked":["Entrench","Armaments"],"picked":"Warcry","floor":28},{"not_picked":["Searing Blow+1","Corruption+1"],"picked":"Burning Pact+1","floor":29},{"not_picked":["Juggernaut","Brutality"],"picked":"Double Tap","floor":33},{"not_picked":["Anger","Intimidate"],"picked":"Feel No Pain","floor":35},{"not_picked":["Shrug It Off","Bloodletting"],"picked":"Flame Barrier","floor":36},{"not_picked":["Anger+1","Shrug It Off"],"picked":"Sword Boomerang","floor":37},{"not_picked":["Twin Strike","Sentinel"],"picked":"Spot Weakness+1","floor":38},{"not_picked":["Feel No Pain","Searing Blow"],"picked":"Wild Strike+1","floor":39},{"not_picked":["Fire Breathing","Power Through"],"picked":"Searing Blow+1","floor":41},{"not_picked":["Rampage+1","Perfected Strike+1"],"picked":"Heavy Blade","floor":45}],"player_experience":92658,"relics_obtained":[{"floor":6,"key":"Orichalcum"},{"floor":9,"key":"MawBank"},{"floor":12,"key":"PreservedInsect"},{"floor":14,"key":"Singing Bowl"},{"floor":24,"key":"Dead Branch"},{"floor":26,"key":"Pen Nib"},{"floor":45,"key":"Shovel"}],"event_choices":[{"damage_healed":0,"gold_gain":0,"player_choice":"Entered Light","damage_taken":16,"max_hp_gain":0,"max_hp_loss":0,"event_name":"Shining Light","floor":4,"gold_loss":0,"cards_upgraded":["Strike_R","Shrug It Off"]},{"cards_removed":["Strike_R"],"damage_healed":0,"gold_gain":0,"player_choice":"Upgrade and Remove","damage_taken":0,"max_hp_gain":0,"max_hp_loss":0,"event_name":"Designer","floor":22,"gold_loss":90,"cards_upgraded":["Defend_R"]},{"damage_healed":0,"gold_gain":0,"player_choice":"Got Potions","damage_taken":0,"max_hp_gain":0,"max_hp_loss":0,"event_name":"Lab","floor":31,"gold_loss":0},{"damage_healed":0,"gold_gain":0,"player_choice":"Ignored","damage_taken":0,"max_hp_gain":0,"max_hp_loss":0,"event_name":"Mysterious Sphere","floor":46,"gold_loss":0}],"is_beta":false,"boss_relics":[{"not_picked":["Calling Bell","Eternal Feather"],"picked":"Ectoplasm"},{"not_picked":["Coffee Dripper","Tiny House"],"picked":"Cursed Key"}],"items_purged_floors":[30],"is_endless":false,"potions_floor_spawned":[1,2,10,19,20,29,33,35,38],"killed_by":"Nemesis","ascension_level":1}