{"gold_per_floor":[109,109,109,125,125,125,125,150,150,44,44,62,81,81,81,179,179,199,199,124,137,153,187,187,228,253,253,269,269],"floor_reached":29,"playtime":782,"items_purged":[],"score":506,"play_id":"d9c8abcf-b794-4c86-a610-56cb8d4ab437","local_time":"20190815165438","is_ascension_mode":true,"campfire_choices":[{"data":"Zap","floor":6.0,"key":"SMITH"},{"data":"Defragment","floor":11.0,"key":"SMITH"},{"floor":15.0,"key":"REST"},{"data":"Defragment","floor":24.0,"key":"SMITH"},{"floor":27.0,"key":"REST"}],"neow_cost":"NONE","seed_source_timestamp":1553582003761866,"circlet_count":0,"master_deck":["AscendersBane","Zap+1","Multi-Cast","Self Repair","Force Field","Blizzard+1","Genetic Algorithm+1","Ball Lightning","Cold Snap","Biased Cognition","Compile Driver","Defragment+1","Conserve Battery","Defragment+1","Reboot","All For One","Tempest","Undo","White Noise","Hologram","Recycle","Heatsinks"],"special_seed":0,"relics":["Pandora\u0027s Box","Golden Idol","Mercury Hourglass","Black Star","Darkstone Periapt","Bronze Scales","Dodecahedron","Art of War","Potion Belt"],"potions_floor_usage":[],"damage_taken":[{"damage":10.0,"enemies":"Cultist","floor":1.0,"turns":4.0},{"damage":16.0,"enemies":"Jaw Worm","floor":4.0,"turns":4.0},{"damage":6.0,"enemies":"Small Slimes","floor":8.0,"turns":3.0},{"damage":9.0,"enemies":"2 Fungi Beasts","floor":12.0,"turns":3.0},{"damage":28.0,"enemies":"Exordium Thugs","floor":13.0,"turns":4.0},{"damage":20.0,"enemies":"Slime Boss","floor":16.0,"turns":9.0},{"damage":12.0,"enemies":"3 Byrds","floor":18.0,"turns":4.0},{"damage":0.0,"enemies":"Spheric Guardian","floor":21.0,"turns":4.0},{"damage":6.0,"enemies":"Snake Plant","floor":22.0,"turns":4.0},{"damage":23.0,"enemies":"Slavers","floor":23.0,"turns":5.0},{"damage":42.0,"enemies":"Book of Stabbing","floor":25.0,"turns":5.0},{"damage":12.0,"enemies":"Centurion and Healer","floor":28.0,"turns":6.0},{"damage":0,"enemies":"Slavers","floor":29,"turns":1}],"seed_played":"-8258856841452561045","potions_obtained":[{"floor":4.0,"key":"LiquidBronze"},{"floor":16.0,"key":"Regen Potion"},{"floor":18.0,"key":"SteroidPotion"},{"floor":21.0,"key":"Explosive Potion"},{"floor":22.0,"key":"Swift Potion"},{"floor":28.0,"key":"Weak Potion"}],"is_trial":false,"path_per_floor":["M","?","T","M","?","R","?","M","T","$","R","M","M","?","R","B",null,"M","?","?","M","M","E","R","E","T","R","M","E"],"character_chosen":"DEFECT","items_purchased":["Defragment","Conserve Battery"],"campfire_rested":2,"item_purchase_floors":[10,10],"current_hp_per_floor":[61,40,40,31,31,31,31,32,32,32,32,30,9,2,21,8,50,57,57,57,64,64,48,48,6,6,25,20,20],"gold":269,"neow_bonus":"BOSS_RELIC","is_prod":false,"is_daily":false,"chose_seed":false,"campfire_upgraded":3,"win_rate":0,"timestamp":1565859278,"path_taken":["M","?","?","M","?","R","?","?","T","?","R","M","M","?","R","BOSS","M","?","?","?","M","E","R","E","T","R","M","E"],"build_version":"2019-07-17","purchased_purges":0,"victory":false,"max_hp_per_floor":[71,71,71,71,64,64,64,64,64,64,64,64,64,64,64,64,64,64,64,64,64,64,64,64,64,64,64,64,64],"card_choices":[{"not_picked":["Go for the Eyes","Gash"],"picked":"Ball Lightning","floor":1.0},{"not_picked":["Compile Driver","Rip and Tear"],"picked":"Cold Snap","floor":4.0},{"not_picked":["Rebound","Hologram"],"picked":"Compile Driver","floor":8.0},{"not_picked":["Self Repair","Blizzard"],"picked":"Defragment","floor":12.0},{"not_picked":["Melter","Compile Driver","Stack"],"picked":"SKIP","floor":13.0},{"not_picked":["Fission","Echo Form"],"picked":"Reboot","floor":16.0},{"not_picked":["Compile Driver","Ball Lightning","Cold Snap"],"picked":"SKIP","floor":18.0},{"not_picked":["Scrape","Cold Snap"],"picked":"Undo","floor":21.0},{"not_picked":["Hello World","Ball Lightning+1"],"picked":"White Noise","floor":22.0},{"not_picked":["Rainbow","Hello World"],"picked":"Hologram","floor":23.0},{"not_picked":["Barrage","Sweeping Beam+1"],"picked":"Recycle","floor":25.0},{"not_picked":["Streamline","Barrage"],"picked":"Heatsinks","floor":28.0}],"player_experience":2175044,"relics_obtained":[{"floor":9.0,"key":"Mercury Hourglass"},{"floor":23.0,"key":"Darkstone Periapt"},{"floor":23.0,"key":"Bronze Scales"},{"floor":25.0,"key":"Dodecahedron"},{"floor":25.0,"key":"Art of War"},{"floor":26.0,"key":"Potion Belt"}],"event_choices":[{"damage_healed":0.0,"max_hp_gain":0.0,"max_hp_loss":0.0,"gold_gain":0.0,"event_name":"Shining Light","player_choice":"Entered Light","floor":2.0,"gold_loss":0.0,"damage_taken":21.0,"cards_upgraded":["Blizzard","Genetic Algorithm"]},{"damage_healed":0.0,"max_hp_gain":0.0,"max_hp_loss":7.0,"gold_gain":0.0,"event_name":"Golden Idol","player_choice":"Lose Max HP","floor":5.0,"gold_loss":0.0,"damage_taken":0.0,"relics_obtained":["Golden Idol"]},{"damage_healed":0.0,"max_hp_gain":0.0,"max_hp_loss":0.0,"gold_gain":0.0,"cards_transformed":["Blizzard"],"event_name":"Transmorgrifier","player_choice":"Transformed","floor":7.0,"gold_loss":0.0,"damage_taken":0.0,"cards_obtained":["Biased Cognition"]},{"cards_removed":["Dualcast"],"damage_healed":0.0,"max_hp_gain":0.0,"max_hp_loss":0.0,"gold_gain":0.0,"event_name":"Golden Wing","player_choice":"Card Removal","floor":14.0,"gold_loss":0.0,"damage_taken":7.0},{"damage_healed":0.0,"max_hp_gain":0.0,"max_hp_loss":0.0,"gold_gain":0.0,"event_name":"Cursed Tome","player_choice":"Ignored","floor":19.0,"gold_loss":0.0,"damage_taken":0.0},{"damage_healed":0.0,"max_hp_gain":0.0,"max_hp_loss":0.0,"gold_gain":0.0,"cards_transformed":["Hello World","Go for the Eyes"],"event_name":"Designer","player_choice":"Transformed Cards","floor":20.0,"gold_loss":75.0,"damage_taken":0.0,"cards_obtained":["All For One","Tempest"]}],"is_beta":false,"boss_relics":[{"not_picked":["Inserter","Sozu"],"picked":"Black Star"}],"items_purged_floors":[],"is_endless":false,"potions_floor_spawned":[4,16,18,21,22,28],"killed_by":"Slavers","ascension_level":20}