{"gold_per_floor":[114,164,180,25,108,108,140,159,159,172,172,172,172,188,188,267,267,280,9,9,9,22,22,48,48,75,75,75,128,128,154,154,230,280,295,308,321,321,339,371,384,484,484,484,503,503,503,375,375,375,375,375,375,12,46,46],"floor_reached":57,"playtime":2622,"items_purged":["Doom and Gloom","Ball Lightning"],"score":2711,"play_id":"0260e965-bbfd-43e0-a155-45c76f737635","local_time":"20190819143235","is_ascension_mode":true,"campfire_choices":[{"data":"Zap","floor":6.0,"key":"SMITH"},{"data":"Sunder","floor":12.0,"key":"SMITH"},{"data":"Dualcast","floor":15.0,"key":"SMITH"},{"data":"Go for the Eyes","floor":23.0,"key":"SMITH"},{"floor":25.0,"key":"RECALL"},{"data":"Conserve Battery","floor":27.0,"key":"SMITH"},{"floor":30.0,"key":"REST"},{"data":"Meteor Strike","floor":32.0,"key":"SMITH"},{"floor":44.0,"key":"REST"},{"floor":46.0,"key":"REST"},{"data":"Gash","floor":49.0,"key":"SMITH"},{"floor":53.0,"key":"REST"}],"neow_cost":"NONE","seed_source_timestamp":1886237437063263,"circlet_count":0,"master_deck":["AscendersBane","Zap+1","Dualcast+1","Turbo+1","Meteor Strike+1","Sunder+1","Conserve Battery+1","Redo+1","Multi-Cast+1","Gash+1","Rainbow+1","Seek+1","Recycle+1","Go for the Eyes+1","Gash","Barrage","Glacier+1","Steam Power+1","Coolheaded+1","All For One+1","Undo+1","Skim+1","Impatience+1","Skim+1"],"special_seed":0,"relics":["Cracked Core","NeowsBlessing","Tiny Chest","Blood Vial","Toxic Egg 2","Pandora\u0027s Box","Kunai","Juzu Bracelet","Regal Pillow","Pear","Tiny House","Ornamental Fan","StoneCalendar","Meat on the Bone","Bag of Preparation","Centennial Puzzle"],"potions_floor_usage":[],"damage_taken":[{"damage":0.0,"enemies":"2 Louse","floor":1.0,"turns":1.0},{"damage":0.0,"enemies":"Cultist","floor":3.0,"turns":1.0},{"damage":0.0,"enemies":"Gremlin Nob","floor":7.0,"turns":1.0},{"damage":1.0,"enemies":"Small Slimes","floor":8.0,"turns":3.0},{"damage":1.0,"enemies":"2 Fungi Beasts","floor":10.0,"turns":2.0},{"damage":0.0,"enemies":"Red Slaver","floor":14.0,"turns":1.0},{"damage":53.0,"enemies":"Slime Boss","floor":16.0,"turns":10.0},{"damage":3.0,"enemies":"Chosen","floor":18.0,"turns":3.0},{"damage":6.0,"enemies":"Shell Parasite","floor":22.0,"turns":4.0},{"damage":10.0,"enemies":"Book of Stabbing","floor":24.0,"turns":4.0},{"damage":16.0,"enemies":"Gremlin Leader","floor":31.0,"turns":6.0},{"damage":27.0,"enemies":"Champ","floor":33.0,"turns":14.0},{"damage":0.0,"enemies":"3 Shapes","floor":35.0,"turns":2.0},{"damage":11.0,"enemies":"Orb Walker","floor":36.0,"turns":2.0},{"damage":14.0,"enemies":"Maw","floor":37.0,"turns":6.0},{"damage":0.0,"enemies":"Transient","floor":38.0,"turns":1.0},{"damage":0.0,"enemies":"Writhing Mass","floor":39.0,"turns":4.0},{"damage":31.0,"enemies":"Reptomancer","floor":40.0,"turns":8.0},{"damage":21.0,"enemies":"3 Darklings","floor":41.0,"turns":4.0},{"damage":0.0,"enemies":"Mind Bloom Boss Battle","floor":42.0,"turns":4.0},{"damage":12.0,"enemies":"4 Shapes","floor":45.0,"turns":5.0},{"damage":68.0,"enemies":"Time Eater","floor":50.0,"turns":14.0},{"damage":36.0,"enemies":"Donu and Deca","floor":51.0,"turns":14.0},{"damage":17.0,"enemies":"Shield and Spear","floor":55.0,"turns":5.0},{"damage":43,"enemies":"The Heart","floor":56,"turns":7}],"seed_played":"-4038368628710056424","potions_obtained":[{"floor":3.0,"key":"Poison Potion"},{"floor":7.0,"key":"Energy Potion"},{"floor":22.0,"key":"Weak Potion"},{"floor":31.0,"key":"FocusPotion"},{"floor":34.0,"key":"FocusPotion"},{"floor":35.0,"key":"SmokeBomb"},{"floor":39.0,"key":"LiquidBronze"},{"floor":41.0,"key":"SteroidPotion"}],"is_trial":false,"path_per_floor":["M","?","M","$","T","R","E","M","T","M","?","R","T","M","R","B",null,"M","$","?","?","M","R","E","R","T","R","?","T","R","E","R","B",null,"M","M","M","M","M","E","M","?","T","R","M","R","?","$","R","B","B",null,"R","$","E","B",null],"character_chosen":"DEFECT","items_purchased":["Meteor Strike","Kunai","Block Potion","Bag of Preparation","Impatience+1"],"campfire_rested":4,"item_purchase_floors":[4,19,48,54,54],"current_hp_per_floor":[64,57,57,57,57,57,57,58,58,59,59,59,59,61,61,10,56,55,55,55,55,51,51,43,43,43,43,23,23,60,56,56,31,77,79,70,58,60,62,33,14,16,16,58,48,90,90,90,90,35,13,72,91,91,74,45],"gold":46,"neow_bonus":"THREE_ENEMY_KILL","is_prod":false,"is_daily":false,"chose_seed":false,"campfire_upgraded":7,"win_rate":0,"timestamp":1566196355,"path_taken":["M","?","M","$","?","R","E","M","T","M","?","R","?","M","R","BOSS","M","$","?","?","?","R","E","R","T","R","?","?","R","E","R","BOSS","M","M","M","M","M","E","M","?","T","R","M","R","?","$","R","BOSS","BOSS","R","$","E","BOSS"],"build_version":"2019-07-17","purchased_purges":2,"victory":true,"max_hp_per_floor":[71,71,71,71,71,71,71,71,71,71,71,71,71,71,71,71,71,71,71,71,71,71,71,71,71,71,71,76,76,76,86,86,86,91,91,91,91,91,91,91,91,91,91,91,91,91,91,91,91,91,91,91,91,91,91,91],"card_choices":[{"not_picked":["Rebound","Sweeping Beam"],"picked":"Turbo","floor":1.0},{"not_picked":["Stack","Streamline","Reprogram"],"picked":"SKIP","floor":3.0},{"not_picked":["Beam Cell","Loop"],"picked":"Sunder","floor":7.0},{"not_picked":["Scrape","Leap"],"picked":"Ball Lightning","floor":8.0},{"not_picked":["Rainbow","Turbo"],"picked":"Conserve Battery","floor":10.0},{"not_picked":["Storm","Streamline"],"picked":"Redo+1","floor":14.0},{"not_picked":["Seek+1","Echo Form"],"picked":"Multi-Cast+1","floor":16.0},{"not_picked":["Go for the Eyes","Hologram+1"],"picked":"Glacier+1","floor":18.0},{"not_picked":["Barrage","Ball Lightning"],"picked":"Steam Power+1","floor":22.0},{"not_picked":["Sweeping Beam","Multi-Cast+1","Blizzard"],"picked":"SKIP","floor":24.0},{"not_picked":["Gash","Steam+1"],"picked":"Coolheaded+1","floor":31.0},{"not_picked":["Electrodynamics","Hyperbeam"],"picked":"All For One","floor":33.0},{"not_picked":["Ball Lightning+1","Scrape"],"picked":"Undo+1","floor":35.0},{"not_picked":["Beam Cell","Turbo+1","Barrage"],"picked":"SKIP","floor":36.0},{"not_picked":["Storm","Rebound+1","Steam+1"],"picked":"SKIP","floor":37.0},{"not_picked":["Scrape","Glacier+1","Rebound"],"picked":"SKIP","floor":39.0},{"not_picked":["Steam+1","Turbo+1","Stack+1"],"picked":"SKIP","floor":40.0},{"not_picked":["Stack+1","Leap+1"],"picked":"Skim+1","floor":41.0},{"not_picked":["Streamline","Gash","Darkness+1"],"picked":"SKIP","floor":45.0},{"not_picked":["Echo Form","Hello World"],"picked":"Skim+1","floor":55.0}],"player_experience":2206348,"relics_obtained":[{"floor":5.0,"key":"Tiny Chest"},{"floor":7.0,"key":"Blood Vial"},{"floor":13.0,"key":"Toxic Egg 2"},{"floor":24.0,"key":"Juzu Bracelet"},{"floor":29.0,"key":"Regal Pillow"},{"floor":31.0,"key":"Pear"},{"floor":40.0,"key":"Ornamental Fan"},{"floor":42.0,"key":"StoneCalendar"},{"floor":43.0,"key":"Meat on the Bone"},{"floor":55.0,"key":"Centennial Puzzle"}],"event_choices":[{"damage_healed":0.0,"max_hp_gain":0.0,"max_hp_loss":0.0,"gold_gain":50.0,"event_name":"FaceTrader","player_choice":"Touch","floor":2.0,"gold_loss":0.0,"damage_taken":7.0},{"damage_healed":0.0,"max_hp_gain":0.0,"max_hp_loss":0.0,"gold_gain":0.0,"event_name":"Liars Game","player_choice":"Ignored","floor":11.0,"gold_loss":0.0,"damage_taken":0.0},{"damage_healed":0.0,"max_hp_gain":0.0,"max_hp_loss":0.0,"gold_gain":0.0,"event_name":"The Mausoleum","player_choice":"Ignored","floor":20.0,"gold_loss":0.0,"damage_taken":0.0},{"damage_healed":0.0,"max_hp_gain":0.0,"max_hp_loss":0.0,"gold_gain":0.0,"event_name":"Upgrade Shrine","player_choice":"Upgraded","floor":21.0,"gold_loss":0.0,"damage_taken":0.0,"cards_upgraded":["Turbo"]},{"damage_healed":0.0,"max_hp_gain":5.0,"max_hp_loss":0.0,"gold_gain":0.0,"event_name":"Forgotten Altar","player_choice":"Shed Blood","floor":28.0,"gold_loss":0.0,"damage_taken":25.0},{"damage_healed":0.0,"max_hp_gain":0.0,"max_hp_loss":0.0,"gold_gain":0.0,"event_name":"MindBloom","player_choice":"Fight","floor":42.0,"gold_loss":0.0,"damage_taken":0.0},{"damage_healed":0.0,"max_hp_gain":0.0,"max_hp_loss":0.0,"gold_gain":0.0,"event_name":"Tomb of Lord Red Mask","player_choice":"Ignored","floor":47.0,"gold_loss":0.0,"damage_taken":0.0}],"is_beta":false,"boss_relics":[{"not_picked":["Calling Bell","Empty Cage"],"picked":"Pandora\u0027s Box"},{"not_picked":["Eternal Feather","Coffee Dripper"],"picked":"Tiny House"}],"items_purged_floors":[48,54],"is_endless":false,"potions_floor_spawned":[3,7,14,22,31,35,39,41,42],"ascension_level":20}