{"gold_per_floor":[117,127,127,144,162,162,87,114,114,114,127,146,146,166,166,262,312,292,309,321,221,233,233],"floor_reached":23,"playtime":1662,"items_purged":["Strike_G","Strike_G"],"score":197,"play_id":"281c2f44-ccc6-4189-ac57-4bb1808b214c","local_time":"20190617161623","is_ascension_mode":false,"campfire_choices":[{"data":"Dagger Spray","floor":6,"key":"SMITH"},{"floor":13,"key":"REST"},{"data":"Deadly Poison","floor":15,"key":"SMITH"}],"neow_cost":"NONE","seed_source_timestamp":23536589938029,"circlet_count":0,"master_deck":["Defend_G","Defend_G","Defend_G","Defend_G","Defend_G","Strike_G","Survivor","Neutralize","Burst+1","Deadly Poison+1","Dagger Spray+1","Deadly Poison+1","Poisoned Stab","Footwork+1","Crippling Poison","Catalyst"],"relics":["Ring of the Snake","Frozen Egg 2","Pantograph","Tiny House"],"potions_floor_usage":[],"damage_taken":[{"damage":5,"enemies":"Small Slimes","floor":1,"turns":5},{"damage":0,"enemies":"Jaw Worm","floor":2,"turns":3},{"damage":5,"enemies":"Cultist","floor":4,"turns":4},{"damage":0,"enemies":"Large Slime","floor":5,"turns":3},{"damage":22,"enemies":"3 Sentries","floor":8,"turns":9},{"damage":9,"enemies":"Lots of Slimes","floor":11,"turns":4},{"damage":0,"enemies":"Red Slaver","floor":12,"turns":3},{"damage":0,"enemies":"3 Louse","floor":14,"turns":4},{"damage":64,"enemies":"Slime Boss","floor":16,"turns":13},{"damage":19,"enemies":"2 Thieves","floor":18,"turns":4},{"damage":13,"enemies":"Spheric Guardian","floor":19,"turns":4},{"damage":16,"enemies":"Cultist and Chosen","floor":20,"turns":6},{"damage":20,"enemies":"Shelled Parasite and Fungi","floor":22,"turns":6},{"damage":8,"enemies":"Book of Stabbing","floor":23,"turns":5}],"seed_played":"2600422844821859023","potions_obtained":[{"floor":5,"key":"Fire Potion"},{"floor":12,"key":"Explosive Potion"},{"floor":16,"key":"LiquidBronze"}],"is_trial":false,"path_per_floor":["M","M","?","M","M","R","$","E","T","?","M","M","R","M","R","B",null,"M","M","M","$","M","E"],"character_chosen":"THE_SILENT","items_purchased":[],"campfire_rested":1,"item_purchase_floors":[],"current_hp_per_floor":[65,65,65,60,60,60,60,38,38,38,29,29,50,50,50,6,75,56,43,27,27,7,0],"gold":233,"neow_bonus":"TRANSFORM_CARD","is_prod":false,"is_daily":false,"chose_seed":false,"campfire_upgraded":2,"win_rate":0,"timestamp":1560813383,"path_taken":["M","M","?","M","M","R","$","E","T","?","?","M","R","M","R","BOSS","M","M","M","$","M","E"],"build_version":"2019-01-23","purchased_purges":2,"victory":false,"max_hp_per_floor":[70,70,70,70,70,70,70,70,70,70,70,70,70,70,70,70,75,75,75,75,75,75,75],"card_choices":[{"not_picked":["Backflip","Endless Agony"],"picked":"Deadly Poison","floor":1},{"not_picked":["Dagger Throw","Blade Dance"],"picked":"Dagger Spray","floor":2},{"not_picked":["Leg Sweep","Prepared"],"picked":"Deadly Poison","floor":4},{"not_picked":["Flying Knee","Choke"],"picked":"Poisoned Stab","floor":5},{"not_picked":["Deadly Poison","Riddle With Holes","Bane"],"picked":"SKIP","floor":8},{"not_picked":["Backstab","Cloak And Dagger","After Image+1"],"picked":"SKIP","floor":11},{"not_picked":["PiercingWail","Deadly Poison","Blade Dance"],"picked":"SKIP","floor":12},{"not_picked":["PiercingWail","Deadly Poison","Blade Dance"],"picked":"SKIP","floor":12},{"not_picked":["Deadly Poison","All Out Attack","Acrobatics"],"picked":"SKIP","floor":14},{"not_picked":["Flying Knee","Slice","Acrobatics"],"picked":"SKIP","floor":18},{"not_picked":["Deadly Poison","Expertise+1"],"picked":"Footwork+1","floor":19},{"not_picked":["Outmaneuver","Prepared"],"picked":"Crippling Poison","floor":20},{"not_picked":["Endless Agony","PiercingWail"],"picked":"Catalyst","floor":22}],"player_experience":215933,"relics_obtained":[{"floor":8,"key":"Frozen Egg 2"},{"floor":9,"key":"Pantograph"}],"event_choices":[{"damage_healed":0,"gold_gain":0,"player_choice":"Grow","damage_taken":0,"max_hp_gain":0,"max_hp_loss":0,"event_name":"Living Wall","floor":3,"gold_loss":0,"cards_upgraded":["Burst"]},{"cards_removed":["Strike_G"],"damage_healed":0,"gold_gain":0,"player_choice":"Purged","damage_taken":0,"max_hp_gain":0,"max_hp_loss":0,"event_name":"Purifier","floor":10,"gold_loss":0}],"is_beta":false,"boss_relics":[{"not_picked":["HoveringKite","White Beast Statue"],"picked":"Tiny House"}],"items_purged_floors":[7,21],"is_endless":false,"potions_floor_spawned":[5,12,16,19,22],"killed_by":"Book of Stabbing","ascension_level":0}