{"gold_per_floor":[118,130,130,45,115,150,150,164,187,187,213,213,213,223,223,300,350,361,361,378,396,396],"floor_reached":22,"playtime":817,"items_purged":[],"score":388,"play_id":"63c5f664-fb2b-43c8-80ba-65cb2f4bb83f","local_time":"20190702210028","is_ascension_mode":true,"campfire_choices":[{"data":"Bludgeon","floor":7.0,"key":"SMITH"},{"data":"Perfected Strike","floor":10.0,"key":"SMITH"},{"data":"Perfected Strike","floor":12.0,"key":"SMITH"},{"floor":15.0,"key":"REST"}],"neow_cost":"CURSE","seed_source_timestamp":97093383223500,"circlet_count":0,"master_deck":["AscendersBane","Strike_R+1","Strike_R","Strike_R","Strike_R","Strike_R","Defend_R","Defend_R","Defend_R","Defend_R","Bash","Regret","Bludgeon+1","Perfected Strike+1","Rupture","Offering","Flame Barrier","Spot Weakness","Perfected Strike+1","Double Tap+1","Immolate","Fiend Fire"],"special_seed":0,"relics":["Burning Blood","Happy Flower","Dodecahedron","Bronze Scales","Centennial Puzzle","Tiny House"],"potions_floor_usage":[22],"damage_taken":[{"damage":8.0,"enemies":"Cultist","floor":1.0,"turns":3.0},{"damage":0.0,"enemies":"Small Slimes","floor":2.0,"turns":2.0},{"damage":11.0,"enemies":"Gremlin Nob","floor":6.0,"turns":3.0},{"damage":8.0,"enemies":"2 Louse","floor":8.0,"turns":2.0},{"damage":28.0,"enemies":"Lagavulin","floor":11.0,"turns":4.0},{"damage":3.0,"enemies":"Exordium Thugs","floor":14.0,"turns":3.0},{"damage":44.0,"enemies":"The Guardian","floor":16.0,"turns":8.0},{"damage":21.0,"enemies":"Shell Parasite","floor":18.0,"turns":2.0},{"damage":17.0,"enemies":"2 Thieves","floor":20.0,"turns":3.0},{"damage":14.0,"enemies":"Centurion and Healer","floor":21.0,"turns":2.0},{"damage":48,"enemies":"Cultist and Chosen","floor":22,"turns":4}],"seed_played":"-6941721651750817773","potions_obtained":[{"floor":1.0,"key":"AttackPotion"},{"floor":2.0,"key":"SpeedPotion"},{"floor":11.0,"key":"SteroidPotion"},{"floor":14.0,"key":"Swift Potion"},{"floor":16.0,"key":"SteroidPotion"}],"is_trial":false,"path_per_floor":["M","M","?","$","?","E","R","M","T","R","E","R","?","M","R","B",null,"M","?","M","M","M"],"character_chosen":"IRONCLAD","items_purchased":["Offering"],"campfire_rested":1,"item_purchase_floors":[4],"current_hp_per_floor":[66,72,67,67,67,62,62,60,60,60,38,38,38,41,63,25,68,53,53,42,34,0],"gold":396,"neow_bonus":"THREE_RARE_CARDS","is_prod":false,"is_daily":false,"chose_seed":false,"campfire_upgraded":3,"win_rate":0,"timestamp":1562122828,"path_taken":["M","M","?","$","?","E","R","M","T","R","E","R","?","M","R","BOSS","M","?","?","M","M"],"build_version":"2019-06-30","purchased_purges":0,"victory":false,"max_hp_per_floor":[75,75,75,75,75,75,75,75,75,75,75,75,75,75,75,75,80,80,80,80,80,80],"card_choices":[{"not_picked":["Fiend Fire","Feed"],"picked":"Bludgeon","floor":0.0},{"not_picked":["Second Wind","Heavy Blade"],"picked":"Perfected Strike","floor":1.0},{"not_picked":["Twin Strike","Pommel Strike"],"picked":"Rupture","floor":2.0},{"not_picked":["Entrench","Clash"],"picked":"Flame Barrier","floor":6.0},{"not_picked":["Twin Strike","Power Through"],"picked":"Spot Weakness","floor":8.0},{"not_picked":["Havoc","Pummel"],"picked":"Perfected Strike","floor":11.0},{"not_picked":["Sentinel","Blood for Blood"],"picked":"Double Tap","floor":14.0},{"not_picked":["Barricade","Juggernaut"],"picked":"Immolate","floor":16.0},{"not_picked":["Sword Boomerang","Anger","True Grit"],"picked":"SKIP","floor":18.0},{"not_picked":["True Grit","Wild Strike","Entrench"],"picked":"SKIP","floor":20.0},{"not_picked":["Shrug It Off","Second Wind"],"picked":"Fiend Fire","floor":21.0}],"player_experience":826184,"relics_obtained":[{"floor":6.0,"key":"Dodecahedron"},{"floor":9.0,"key":"Bronze Scales"},{"floor":11.0,"key":"Centennial Puzzle"}],"event_choices":[{"damage_healed":0.0,"max_hp_gain":0.0,"max_hp_loss":0.0,"gold_gain":0.0,"event_name":"Scrap Ooze","player_choice":"Success","floor":3.0,"gold_loss":0.0,"damage_taken":5.0,"relics_obtained":["Happy Flower"]},{"damage_healed":0.0,"max_hp_gain":0.0,"max_hp_loss":0.0,"gold_gain":70.0,"event_name":"Golden Wing","player_choice":"Gained Gold","floor":5.0,"gold_loss":0.0,"damage_taken":0.0},{"damage_healed":0.0,"max_hp_gain":0.0,"max_hp_loss":0.0,"gold_gain":0.0,"event_name":"Match and Keep!","player_choice":"0 cards matched","floor":13.0,"gold_loss":0.0,"damage_taken":0.0,"cards_obtained":[]},{"damage_healed":0.0,"max_hp_gain":0.0,"max_hp_loss":0.0,"gold_gain":0.0,"event_name":"Upgrade Shrine","player_choice":"Upgraded","floor":19.0,"gold_loss":0.0,"damage_taken":0.0,"cards_upgraded":["Double Tap"]}],"is_beta":true,"boss_relics":[{"not_picked":["Philosopher\u0027s Stone","Calling Bell"],"picked":"Tiny House"}],"items_purged_floors":[],"is_endless":false,"potions_floor_spawned":[1,2,11,14,16,18],"killed_by":"Cultist and Chosen","ascension_level":20}