{"gold_per_floor":[113,113,124,124,142,142,142,186,211,211,246,260,283,83,83,209,209,229,229,229,242,259,259,174,191,214,228,228,258,283,283,283,283],"floor_reached":33,"playtime":2569,"items_purged":[],"score":277,"play_id":"7d53a83c-81ac-40c7-a147-743986db57fd","local_time":"20190630235705","is_ascension_mode":false,"campfire_choices":[{"data":"Sweeping Beam","floor":6,"key":"SMITH"},{"data":"Gash","floor":10,"key":"SMITH"},{"data":"Compile Driver","floor":15,"key":"SMITH"},{"floor":23,"key":"REST"},{"floor":28,"key":"REST"},{"floor":32,"key":"REST"}],"neow_cost":"NONE","seed_source_timestamp":1093059526789901,"circlet_count":0,"master_deck":["Strike_B","Strike_B","Strike_B","Strike_B","Defend_B","Defend_B","Defend_B","Defend_B","Zap","Dualcast","Sweeping Beam+1","Gash+1","Coolheaded","Injury","Compile Driver+1","Static Discharge","Go for the Eyes+1","Rip and Tear+1","Creative AI","Ball Lightning+1","Barrage+1","Cold Snap+1","Gash+1","Double Energy","Gash+1","Go for the Eyes+1"],"relics":["Cracked Core","NeowsBlessing","Bloody Idol","Regal Pillow","Ancient Tea Set","Molten Egg 2","Lee\u0027s Waffle","Nuclear Battery","Darkstone Periapt","Strawberry","Red Mask","Meat on the Bone"],"potions_floor_usage":[8,16,25,31,33,33],"damage_taken":[{"damage":0,"enemies":"Jaw Worm","floor":1,"turns":1},{"damage":0,"enemies":"Small Slimes","floor":3,"turns":1},{"damage":0,"enemies":"2 Louse","floor":5,"turns":1},{"damage":11,"enemies":"3 Sentries","floor":8,"turns":6},{"damage":43,"enemies":"Lagavulin","floor":11,"turns":6},{"damage":0,"enemies":"Exordium Thugs","floor":12,"turns":4},{"damage":0,"enemies":"Looter","floor":13,"turns":3},{"damage":29,"enemies":"Hexaghost","floor":16,"turns":7},{"damage":9,"enemies":"Shell Parasite","floor":18,"turns":7},{"damage":25,"enemies":"2 Thieves","floor":21,"turns":3},{"damage":36,"enemies":"Snake Plant","floor":22,"turns":4},{"damage":14,"enemies":"Snecko","floor":25,"turns":5},{"damage":16,"enemies":"Centurion and Healer","floor":27,"turns":5},{"damage":2,"enemies":"Masked Bandits","floor":29,"turns":3},{"damage":35,"enemies":"Book of Stabbing","floor":30,"turns":4},{"damage":4,"enemies":"Cultist and Chosen","floor":31,"turns":2},{"damage":98,"enemies":"Collector","floor":33,"turns":6}],"seed_played":"-1701803320358991045","potions_obtained":[{"floor":3,"key":"Block Potion"},{"floor":11,"key":"PowerPotion"},{"floor":22,"key":"Block Potion"},{"floor":27,"key":"Energy Potion"},{"floor":29,"key":"SmokeBomb"},{"floor":30,"key":"AttackPotion"}],"is_trial":false,"path_per_floor":["M","?","M","$","M","R","?","E","T","R","E","M","M","$","R","B",null,"M","?","?","M","M","R","?","M","T","M","R","?","E","M","R","B"],"character_chosen":"DEFECT","items_purchased":["Lee\u0027s Waffle"],"campfire_rested":3,"item_purchase_floors":[14],"current_hp_per_floor":[75,75,75,75,75,75,75,64,64,64,21,21,21,82,82,53,82,73,73,73,58,27,66,66,57,69,58,89,89,59,55,89,0],"gold":283,"neow_bonus":"THREE_ENEMY_KILL","is_prod":false,"is_daily":false,"chose_seed":false,"campfire_upgraded":3,"win_rate":0.0,"timestamp":1561957025,"path_taken":["M","?","M","$","M","R","?","E","T","R","E","M","M","$","R","BOSS","M","?","?","M","M","R","?","?","T","M","R","?","E","M","R","BOSS"],"build_version":"2019-01-23","purchased_purges":0,"victory":false,"max_hp_per_floor":[75,75,75,75,75,75,75,75,75,75,75,75,75,82,82,82,82,82,82,82,82,82,82,82,82,89,89,89,89,89,89,89,89],"card_choices":[{"not_picked":["Darkness","Hello World"],"picked":"Sweeping Beam","floor":1},{"not_picked":["Fusion","Auto Shields"],"picked":"Gash","floor":3},{"not_picked":["Darkness","Tempest"],"picked":"Coolheaded","floor":5},{"not_picked":["Heatsinks","Coolheaded"],"picked":"Compile Driver","floor":8},{"not_picked":["Stack","Auto Shields"],"picked":"Static Discharge","floor":11},{"not_picked":["Reinforced Body","Hologram"],"picked":"Go for the Eyes+1","floor":12},{"not_picked":["Cold Snap+1","Hologram"],"picked":"Rip and Tear+1","floor":13},{"not_picked":["Amplify","Reboot"],"picked":"Creative AI","floor":16},{"not_picked":["Steam","Reprogram"],"picked":"Ball Lightning+1","floor":18},{"not_picked":["Cold Snap+1","Conserve Battery"],"picked":"Barrage+1","floor":21},{"not_picked":["Storm","Static Discharge"],"picked":"Cold Snap+1","floor":22},{"not_picked":["Go for the Eyes+1","Static Discharge"],"picked":"Gash+1","floor":25},{"not_picked":["Reboot","Static Discharge"],"picked":"Double Energy","floor":27},{"not_picked":["Stack","Capacitor"],"picked":"Gash+1","floor":29},{"not_picked":["Beam Cell+1","Capacitor"],"picked":"Go for the Eyes+1","floor":30}],"player_experience":59032,"relics_obtained":[{"floor":8,"key":"Regal Pillow"},{"floor":9,"key":"Ancient Tea Set"},{"floor":11,"key":"Molten Egg 2"},{"floor":26,"key":"Strawberry"},{"floor":29,"key":"Red Mask"},{"floor":30,"key":"Meat on the Bone"}],"event_choices":[{"damage_healed":0,"gold_gain":0,"player_choice":"Ignored","damage_taken":0,"max_hp_gain":0,"max_hp_loss":0,"event_name":"Golden Wing","floor":2,"gold_loss":0},{"damage_healed":0,"gold_gain":0,"player_choice":"Take Wound","damage_taken":0,"relics_obtained":["Golden Idol"],"max_hp_gain":0,"max_hp_loss":0,"event_name":"Golden Idol","floor":7,"gold_loss":0,"cards_obtained":["Injury"]},{"damage_healed":0,"gold_gain":0,"player_choice":"Gave Idol","damage_taken":0,"relics_obtained":["Bloody Idol"],"max_hp_gain":0,"max_hp_loss":0,"event_name":"Forgotten Altar","floor":19,"relics_lost":["Golden Idol"],"gold_loss":0},{"damage_healed":0,"gold_gain":0,"player_choice":"Ignored","damage_taken":0,"max_hp_gain":0,"max_hp_loss":0,"event_name":"Ghosts","floor":20,"gold_loss":0},{"damage_healed":0,"gold_gain":0,"player_choice":"Obtained Relic","damage_taken":0,"relics_obtained":["Darkstone Periapt"],"max_hp_gain":0,"max_hp_loss":0,"event_name":"Addict","floor":24,"gold_loss":85},{"damage_healed":0,"gold_gain":0,"player_choice":"Fought Bandits","damage_taken":0,"max_hp_gain":0,"max_hp_loss":0,"event_name":"Masked Bandits","floor":29,"gold_loss":0}],"is_beta":false,"boss_relics":[{"not_picked":["Snecko Eye","Empty Cage"],"picked":"Nuclear Battery"}],"items_purged_floors":[],"is_endless":false,"potions_floor_spawned":[3,11,22,27,29,30],"killed_by":"Collector","ascension_level":0}