{"gold_per_floor":[118,132,152,165,185,185,211,211,292,135,410,428,462,479,479,580,580,597,613,613],"floor_reached":20,"playtime":3659,"items_purged":[],"score":216,"play_id":"18124feb-eac7-47d9-b2c7-4c69434729f0","local_time":"20190831165405","is_ascension_mode":true,"campfire_choices":[{"data":"Inflame","floor":6,"key":"SMITH"},{"floor":8,"key":"REST"},{"floor":15,"key":"REST"}],"neow_cost":"NONE","seed_source_timestamp":0,"circlet_count":0,"master_deck":["Strike_R","Strike_R","Strike_R","Strike_R","Strike_R","Defend_R","Defend_R","Defend_R","Defend_R","Bash","Anger","Clash","Intimidate","Flame Barrier","Inflame+1","Intimidate","Regret","Infernal Blade","Flex","Rampage","Armaments","Bludgeon","Clash","Rampage","Inflame+1","Spot Weakness+1"],"special_seed":0,"relics":["Burning Blood","Pantograph","Kunai","Lantern","Prayer Wheel","Runic Cube"],"potions_floor_usage":[7,13,13,16,19,19,20],"damage_taken":[{"damage":3.0,"enemies":"Small Slimes","floor":1.0,"turns":6.0},{"damage":6,"enemies":"Cultist","floor":2,"turns":4},{"damage":3,"enemies":"2 Louse","floor":3,"turns":3},{"damage":11,"enemies":"Large Slime","floor":4,"turns":6},{"damage":9,"enemies":"Gremlin Gang","floor":5,"turns":4},{"damage":15,"enemies":"Gremlin Nob","floor":7,"turns":4},{"damage":1,"enemies":"Looter","floor":12,"turns":2},{"damage":19,"enemies":"3 Sentries","floor":13,"turns":6},{"damage":12,"enemies":"3 Louse","floor":14,"turns":3},{"damage":59,"enemies":"Hexaghost","floor":16,"turns":11},{"damage":33,"enemies":"3 Byrds","floor":18,"turns":5},{"damage":37,"enemies":"Chosen","floor":19,"turns":5},{"damage":22,"enemies":"Masked Bandits","floor":20,"turns":2}],"seed_played":"8021013077226976588","potions_obtained":[{"floor":0.0,"key":"Block Potion"},{"floor":0.0,"key":"SkillPotion"},{"floor":0.0,"key":"Swift Potion"},{"floor":12,"key":"LiquidBronze"},{"floor":13,"key":"Poison Potion"},{"floor":16,"key":"SpeedPotion"},{"floor":18,"key":"Swift Potion"},{"floor":19,"key":"Explosive Potion"}],"is_trial":false,"path_per_floor":["M","M","M","M","M","R","E","R","T","$","?","M","E","M","R","B",null,"M","M","?"],"character_chosen":"IRONCLAD","items_purchased":["Lantern"],"campfire_rested":2,"item_purchase_floors":[10],"current_hp_per_floor":[80,80,80,75,72,72,63,80,80,80,80,80,67,61,80,27,80,53,22,0],"gold":613,"neow_bonus":"THREE_SMALL_POTIONS","is_prod":false,"is_daily":false,"chose_seed":false,"campfire_upgraded":1,"win_rate":0,"timestamp":1567288445,"path_taken":["M","M","M","M","M","R","E","R","T","$","?","M","E","M","R","BOSS","M","?","?"],"build_version":"2019-07-17","purchased_purges":0,"victory":false,"max_hp_per_floor":[80,80,80,80,80,80,80,80,80,80,80,80,80,80,80,80,80,80,80,80],"card_choices":[{"not_picked":["Twin Strike","Heavy Blade"],"picked":"Anger","floor":1},{"not_picked":["Thunderclap","Anger"],"picked":"Clash","floor":2},{"not_picked":["Ghostly Armor","Sentinel"],"picked":"Intimidate","floor":3},{"not_picked":["Body Slam","Whirlwind"],"picked":"Flame Barrier","floor":4},{"not_picked":["Cleave","Fire Breathing"],"picked":"Inflame","floor":5},{"not_picked":["Twin Strike","Shockwave"],"picked":"Intimidate","floor":7},{"not_picked":["Battle Trance","Thunderclap"],"picked":"Infernal Blade","floor":12},{"not_picked":["Sentinel","Second Wind"],"picked":"Flex","floor":13},{"not_picked":["Sentinel","Sword Boomerang"],"picked":"Rampage","floor":14},{"not_picked":["Flame Barrier","Body Slam"],"picked":"Armaments","floor":14},{"not_picked":["Barricade","Limit Break"],"picked":"Bludgeon","floor":16},{"not_picked":["Thunderclap+1","True Grit"],"picked":"Clash","floor":18},{"not_picked":["Entrench","Twin Strike"],"picked":"Rampage","floor":18},{"not_picked":["Cleave","Metallicize"],"picked":"Inflame+1","floor":19},{"not_picked":["Entrench","Pummel"],"picked":"Spot Weakness+1","floor":19}],"player_experience":376702,"relics_obtained":[{"floor":7,"key":"Pantograph"},{"floor":9,"key":"Kunai"},{"floor":13,"key":"Prayer Wheel"}],"event_choices":[{"damage_healed":0,"gold_gain":275,"player_choice":"Desecrate","damage_taken":0,"max_hp_gain":0,"max_hp_loss":0,"event_name":"Golden Shrine","floor":11,"gold_loss":0,"cards_obtained":["Regret"]},{"damage_healed":0,"gold_gain":0,"player_choice":"Fought Bandits","damage_taken":0,"max_hp_gain":0,"max_hp_loss":0,"event_name":"Masked Bandits","floor":20,"gold_loss":0}],"is_beta":false,"boss_relics":[{"not_picked":["Black Blood","Eternal Feather"],"picked":"Runic Cube"}],"items_purged_floors":[],"is_endless":false,"potions_floor_spawned":[2,3,12,13,16,18,19],"killed_by":"Masked Bandits","ascension_level":3}