{"gold_per_floor":[118,118,136,136,136,168,168,181,181,181,193,193,249,275,275,349,349,367,367,367,367,292,292,319,319,397,412,482,497,50,77,77,151,151,161,175,49,63,78,105,105,134,134,134,8,28,47,47,47,47,47,47,47,4,38,38],"floor_reached":57,"playtime":3167,"items_purged":["Defend_B","Defend_B+1"],"score":3187,"play_id":"632bec58-2ccc-4e33-acbe-f885832a6ffc","local_time":"20190813173551","is_ascension_mode":true,"campfire_choices":[{"floor":7.0,"key":"REST"},{"data":"Zap","floor":10.0,"key":"SMITH"},{"data":"Coolheaded","floor":12.0,"key":"SMITH"},{"data":"Dualcast","floor":15.0,"key":"SMITH"},{"data":"Blizzard","floor":23.0,"key":"SMITH"},{"floor":25.0,"key":"REST"},{"data":"Sunder","floor":32.0,"key":"SMITH"},{"data":"Thunder Strike","floor":41.0,"key":"SMITH"},{"floor":44.0,"key":"RECALL"},{"data":"Compile Driver","floor":49.0,"key":"SMITH"},{"data":"All For One","floor":53.0,"key":"SMITH"}],"neow_cost":"NONE","seed_source_timestamp":1379702246192058,"circlet_count":0,"master_deck":["AscendersBane","Zap+1","Dualcast+1","Coolheaded+1","Machine Learning","Fusion+1","Tempest+1","Glacier+1","Seek+1","Loop+1","Conserve Battery+1","BootSequence+1","Turbo+1","Blizzard+1","Loop+1","Defragment+1","Sunder+1","Steam+1","Recycle+1","Loop+1","Heatsinks+1","Self Repair+1","Heatsinks+1","Defragment+1","All For One+1","Fission+1","Compile Driver+1","Undo+1","Hologram+1","Turbo+1","Thunder Strike+1","Skim+1","Heatsinks+1","Defragment+1","Static Discharge+1","Heatsinks+1"],"special_seed":0,"relics":["Cracked Core","NeowsBlessing","Matryoshka","Toxic Egg 2","Anchor","Ancient Tea Set","Frozen Egg 2","Sundial","Astrolabe","The Courier","Tiny Chest","PreservedInsect","Orichalcum","Eternal Feather","Pear","Du-Vu Doll","Kunai","Pen Nib"],"potions_floor_usage":[56],"damage_taken":[{"damage":0.0,"enemies":"Small Slimes","floor":1.0,"turns":1.0},{"damage":0.0,"enemies":"Jaw Worm","floor":3.0,"turns":1.0},{"damage":0.0,"enemies":"3 Sentries","floor":6.0,"turns":1.0},{"damage":2.0,"enemies":"2 Louse","floor":8.0,"turns":3.0},{"damage":0.0,"enemies":"2 Fungi Beasts","floor":11.0,"turns":4.0},{"damage":0.0,"enemies":"Gremlin Nob","floor":13.0,"turns":2.0},{"damage":4.0,"enemies":"Lagavulin","floor":14.0,"turns":10.0},{"damage":0.0,"enemies":"The Guardian","floor":16.0,"turns":9.0},{"damage":7.0,"enemies":"3 Byrds","floor":18.0,"turns":7.0},{"damage":35.0,"enemies":"Gremlin Leader","floor":24.0,"turns":7.0},{"damage":6.0,"enemies":"Spheric Guardian","floor":27.0,"turns":6.0},{"damage":15.0,"enemies":"Snake Plant","floor":29.0,"turns":3.0},{"damage":0.0,"enemies":"Book of Stabbing","floor":31.0,"turns":2.0},{"damage":18.0,"enemies":"Automaton","floor":33.0,"turns":8.0},{"damage":0.0,"enemies":"Orb Walker","floor":35.0,"turns":1.0},{"damage":0.0,"enemies":"3 Shapes","floor":36.0,"turns":2.0},{"damage":28.0,"enemies":"Transient","floor":38.0,"turns":6.0},{"damage":0.0,"enemies":"Writhing Mass","floor":39.0,"turns":3.0},{"damage":0.0,"enemies":"Reptomancer","floor":40.0,"turns":4.0},{"damage":0.0,"enemies":"Giant Head","floor":42.0,"turns":2.0},{"damage":0.0,"enemies":"3 Darklings","floor":46.0,"turns":3.0},{"damage":14.0,"enemies":"Spire Growth","floor":47.0,"turns":3.0},{"damage":0.0,"enemies":"Awakened One","floor":50.0,"turns":6.0},{"damage":30.0,"enemies":"Time Eater","floor":51.0,"turns":12.0},{"damage":49.0,"enemies":"Shield and Spear","floor":55.0,"turns":5.0},{"damage":36,"enemies":"The Heart","floor":56,"turns":9}],"seed_played":"3982715014264055498","potions_obtained":[{"floor":6.0,"key":"SmokeBomb"},{"floor":11.0,"key":"PowerPotion"},{"floor":16.0,"key":"FocusPotion"},{"floor":24.0,"key":"PowerPotion"},{"floor":31.0,"key":"Energy Potion"},{"floor":39.0,"key":"Weak Potion"},{"floor":46.0,"key":"Swift Potion"},{"floor":55.0,"key":"Ancient Potion"}],"is_trial":false,"path_per_floor":["M","?","M","?","?","E","R","M","T","R","M","R","?","E","R","B",null,"M","?","?","?","?","R","E","R","T","M","T","M","$","E","R","B",null,"M","M","$","M","M","E","R","E","T","R","$","M","M","?","R","B","B",null,"R","$","E","B",null],"character_chosen":"DEFECT","items_purchased":["Steam+1","Recycle+1","Loop+1","Heatsinks+1","Self Repair+1","Heatsinks+1","Defragment+1","Hologram+1","Heatsinks+1","Defragment+1","Block Potion"],"campfire_rested":2,"item_purchase_floors":[30,30,30,30,30,30,30,37,45,45,54],"current_hp_per_floor":[64,43,43,36,1,1,22,20,20,20,20,20,20,16,16,16,57,50,50,50,50,50,50,15,36,36,30,30,15,15,25,25,17,58,68,71,71,63,71,81,81,81,81,81,81,81,77,77,81,81,61,76,81,81,42,16],"gold":38,"neow_bonus":"THREE_ENEMY_KILL","is_prod":false,"is_daily":false,"chose_seed":false,"campfire_upgraded":8,"win_rate":0,"timestamp":1565688951,"path_taken":["M","?","M","?","?","E","R","M","T","R","M","R","?","E","R","BOSS","M","?","?","?","?","R","E","R","T","M","?","M","$","E","R","BOSS","M","?","$","M","M","E","R","E","T","R","$","M","M","?","R","BOSS","BOSS","R","$","E","BOSS"],"build_version":"2019-07-17","purchased_purges":2,"victory":true,"max_hp_per_floor":[71,71,71,71,71,71,71,71,71,71,71,71,71,71,71,71,71,71,71,71,71,71,71,71,71,71,71,71,71,71,71,71,71,71,71,71,71,71,71,81,81,81,81,81,81,81,81,81,81,81,81,81,81,81,81,81],"card_choices":[{"not_picked":["Rebound","Redo","Leap"],"picked":"SKIP","floor":1.0},{"not_picked":["Sweeping Beam","Stack"],"picked":"Coolheaded","floor":3.0},{"not_picked":["Go for the Eyes","Hologram"],"picked":"Machine Learning","floor":6.0},{"not_picked":["Leap+1","BootSequence+1"],"picked":"Fusion+1","floor":8.0},{"not_picked":["Chill+1","Steam Power+1"],"picked":"Tempest+1","floor":11.0},{"not_picked":["Beam Cell","Steam Power+1"],"picked":"Glacier+1","floor":13.0},{"not_picked":["Barrage","Go for the Eyes"],"picked":"Seek+1","floor":14.0},{"not_picked":["Seek+1","Machine Learning+1"],"picked":"Core Surge","floor":16.0},{"not_picked":["Hello World+1","Conserve Battery+1"],"picked":"Turbo+1","floor":18.0},{"not_picked":["Conserve Battery+1","Beam Cell"],"picked":"Loop+1","floor":24.0},{"not_picked":["Heatsinks+1","Gash"],"picked":"Defragment+1","floor":27.0},{"not_picked":["Scrape","Cold Snap"],"picked":"Sunder","floor":29.0},{"not_picked":["Aggregate+1","Streamline+1"],"picked":"All For One","floor":31.0},{"not_picked":["Meteor Strike","Rainbow+1"],"picked":"Fission+1","floor":33.0},{"not_picked":["Barrage+1","Force Field+1"],"picked":"Compile Driver","floor":35.0},{"not_picked":["Barrage","Compile Driver+1"],"picked":"Undo+1","floor":36.0},{"not_picked":["Glacier+1","Leap+1"],"picked":"Turbo+1","floor":38.0},{"not_picked":["Beam Cell","Compile Driver","Chill+1"],"picked":"SKIP","floor":39.0},{"not_picked":["Consume+1","Auto Shields+1"],"picked":"Thunder Strike","floor":40.0},{"not_picked":["Streamline","Fusion+1"],"picked":"Skim+1","floor":42.0},{"not_picked":["FTL","Force Field+1"],"picked":"Static Discharge+1","floor":46.0},{"not_picked":["Scrape+1","Barrage+1"],"picked":"Heatsinks+1","floor":47.0},{"not_picked":["Sweeping Beam","Cold Snap","Tempest+1"],"picked":"SKIP","floor":55.0}],"player_experience":2147916,"relics_obtained":[{"floor":6.0,"key":"Toxic Egg 2"},{"floor":9.0,"key":"Anchor"},{"floor":9.0,"key":"Ancient Tea Set"},{"floor":13.0,"key":"Frozen Egg 2"},{"floor":14.0,"key":"Sundial"},{"floor":24.0,"key":"The Courier"},{"floor":26.0,"key":"Tiny Chest"},{"floor":26.0,"key":"PreservedInsect"},{"floor":31.0,"key":"Orichalcum"},{"floor":40.0,"key":"Pear"},{"floor":42.0,"key":"Du-Vu Doll"},{"floor":43.0,"key":"Kunai"},{"floor":55.0,"key":"Pen Nib"}],"event_choices":[{"damage_healed":0.0,"max_hp_gain":0.0,"max_hp_loss":0.0,"gold_gain":0.0,"event_name":"Shining Light","player_choice":"Entered Light","floor":2.0,"gold_loss":0.0,"damage_taken":21.0,"cards_upgraded":["Strike_B","Defend_B"]},{"cards_removed":["Strike_B"],"damage_healed":0.0,"max_hp_gain":0.0,"max_hp_loss":0.0,"gold_gain":0.0,"event_name":"Golden Wing","player_choice":"Card Removal","floor":4.0,"gold_loss":0.0,"damage_taken":7.0},{"damage_healed":0.0,"max_hp_gain":0.0,"max_hp_loss":0.0,"gold_gain":0.0,"event_name":"Scrap Ooze","player_choice":"Success","floor":5.0,"gold_loss":0.0,"damage_taken":35.0,"relics_obtained":["Matryoshka"]},{"damage_healed":0.0,"max_hp_gain":0.0,"max_hp_loss":0.0,"gold_gain":30.0,"event_name":"Dead Adventurer","player_choice":"Searched \u00272\u0027 times","floor":13.0,"gold_loss":0.0,"damage_taken":0.0},{"damage_healed":0.0,"max_hp_gain":0.0,"max_hp_loss":0.0,"gold_gain":0.0,"event_name":"The Library","player_choice":"Read","floor":19.0,"gold_loss":0.0,"damage_taken":0.0,"cards_obtained":["Blizzard"]},{"cards_removed":["Defend_B"],"damage_healed":0.0,"max_hp_gain":0.0,"max_hp_loss":0.0,"gold_gain":0.0,"event_name":"Back to Basics","player_choice":"Elegance","floor":20.0,"gold_loss":0.0,"damage_taken":0.0},{"damage_healed":0.0,"max_hp_gain":0.0,"max_hp_loss":0.0,"gold_gain":0.0,"event_name":"Vampires","player_choice":"Ignored","floor":21.0,"gold_loss":0.0,"damage_taken":0.0},{"cards_removed":["Defend_B"],"damage_healed":0.0,"max_hp_gain":0.0,"max_hp_loss":0.0,"gold_gain":0.0,"event_name":"Beggar","player_choice":"Gave Gold","floor":22.0,"gold_loss":75.0,"damage_taken":0.0},{"cards_removed":["Core Surge"],"damage_healed":0.0,"max_hp_gain":0.0,"max_hp_loss":0.0,"gold_gain":0.0,"event_name":"Falling","player_choice":"Removed Attack","floor":48.0,"gold_loss":0.0,"damage_taken":0.0}],"is_beta":false,"boss_relics":[{"not_picked":["Tiny House","Nuclear Battery"],"picked":"Astrolabe"},{"not_picked":["Calling Bell","Cursed Key"],"picked":"Eternal Feather"}],"items_purged_floors":[30,37],"is_endless":false,"potions_floor_spawned":[6,11,13,16,24,31,35,39,46,55],"ascension_level":20}