{"gold_per_floor":[114,124,143,143,318,318,268,268,268,282,282,298,353,378,378,480,480,495,495,509,157,168,168,203,203,226,226,244,264,264,290,290,290],"floor_reached":33,"playtime":2853,"items_purged":[],"score":299,"play_id":"f4603328-0d3c-4720-982b-32b910176c81","local_time":"20190901222957","is_ascension_mode":true,"campfire_choices":[{"data":"Pommel Strike","floor":6,"key":"SMITH"},{"data":"Shrug It Off","floor":8,"key":"SMITH"},{"data":"Body Slam","floor":11,"key":"SMITH"},{"data":"Twin Strike","floor":15,"key":"SMITH"},{"data":"Thunderclap","floor":23,"key":"SMITH"},{"data":"Demon Form","floor":25,"key":"SMITH"},{"data":"Bash","floor":27,"key":"SMITH"},{"data":"Pommel Strike","floor":30,"key":"SMITH"},{"floor":32,"key":"REST"}],"neow_cost":"NONE","seed_source_timestamp":410559930168600,"circlet_count":0,"master_deck":["Strike_R","Strike_R","Defend_R","Defend_R","Defend_R","Defend_R","Bash+1","Shrug It Off+1","Pommel Strike+1","Metallicize+1","Body Slam+1","Headbutt","Warcry","Twin Strike+1","Demon Form+1","Burning Pact+1","Clash+1","Anger+1","Flex+1","Shrug It Off+1","Thunderclap+1","Pommel Strike+1","Inflame","Impervious"],"relics":["Burning Blood","Self Forming Clay","Vajra","Ornamental Fan","Astrolabe","Blood Vial","HandDrill","Red Skull","Omamori","Frozen Egg 2"],"potions_floor_usage":[16,24,28,33,33],"damage_taken":[{"damage":9,"enemies":"Small Slimes","floor":1,"turns":4},{"damage":0,"enemies":"2 Louse","floor":2,"turns":2},{"damage":0,"enemies":"Cultist","floor":3,"turns":3},{"damage":1,"enemies":"Looter","floor":10,"turns":4},{"damage":13,"enemies":"Large Slime","floor":12,"turns":6},{"damage":10,"enemies":"Gremlin Nob","floor":13,"turns":4},{"damage":11,"enemies":"Gremlin Nob","floor":14,"turns":4},{"damage":27,"enemies":"The Guardian","floor":16,"turns":12},{"damage":6,"enemies":"2 Thieves","floor":18,"turns":4},{"damage":10,"enemies":"Chosen","floor":20,"turns":4},{"damage":13,"enemies":"Shelled Parasite and Fungi","floor":22,"turns":6},{"damage":4,"enemies":"Book of Stabbing","floor":24,"turns":5},{"damage":11,"enemies":"Snecko","floor":28,"turns":6},{"damage":21,"enemies":"Sentry and Sphere","floor":29,"turns":6},{"damage":65,"enemies":"Gremlin Leader","floor":31,"turns":7},{"damage":43,"enemies":"Collector","floor":33,"turns":5}],"seed_played":"-3138215844808083571","potions_obtained":[{"floor":2,"key":"FearPotion"},{"floor":3,"key":"Poison Potion"},{"floor":12,"key":"SpeedPotion"},{"floor":16,"key":"LiquidBronze"},{"floor":22,"key":"Fire Potion"},{"floor":28,"key":"Swift Potion"},{"floor":31,"key":"Strength Potion"}],"is_trial":false,"path_per_floor":["M","M","M","?","?","R","?","R","T","M","R","M","?","E","R","B",null,"M","?","M","$","M","R","E","R","T","R","M","M","R","E","R","B"],"character_chosen":"IRONCLAD","items_purchased":["Blood Vial","HandDrill"],"campfire_rested":1,"item_purchase_floors":[21,21],"current_hp_per_floor":[85,88,88,88,88,88,88,88,88,88,88,81,77,72,72,51,88,88,88,84,84,79,79,83,83,83,83,80,67,67,10,36,0],"gold":290,"neow_bonus":"TEN_PERCENT_HP_BONUS","is_prod":false,"is_daily":false,"chose_seed":false,"campfire_upgraded":8,"win_rate":0,"timestamp":1567391397,"path_taken":["M","M","M","?","?","R","?","R","T","M","R","M","?","E","R","BOSS","M","?","M","$","M","R","E","R","T","R","M","M","R","E","R","BOSS"],"build_version":"2019-07-17","purchased_purges":0,"victory":false,"max_hp_per_floor":[88,88,88,88,88,88,88,88,88,88,88,88,88,88,88,88,88,88,88,88,88,88,88,88,88,88,88,88,88,88,88,88,88],"card_choices":[{"not_picked":["Corruption","Cleave"],"picked":"Shrug It Off","floor":1},{"not_picked":["Dropkick","Thunderclap"],"picked":"Pommel Strike","floor":2},{"not_picked":["Body Slam","Anger"],"picked":"Metallicize","floor":3},{"not_picked":["Shrug It Off","Headbutt"],"picked":"Body Slam","floor":10},{"not_picked":["Immolate","Body Slam"],"picked":"Headbutt","floor":12},{"not_picked":["Entrench","Whirlwind"],"picked":"Warcry","floor":13},{"not_picked":["Flex","Pommel Strike"],"picked":"Twin Strike","floor":14},{"not_picked":["Bludgeon","Limit Break"],"picked":"Demon Form","floor":16},{"not_picked":["Rupture","Inflame"],"picked":"Flex+1","floor":18},{"not_picked":["Intimidate","Clash","Second Wind"],"picked":"SKIP","floor":20},{"not_picked":["Warcry","Armaments"],"picked":"Thunderclap","floor":22},{"not_picked":["Anger","Dark Embrace","Wild Strike"],"picked":"SKIP","floor":24},{"not_picked":["Hemokinesis","Dropkick"],"picked":"Pommel Strike","floor":28},{"not_picked":["Shockwave","Wild Strike+1"],"picked":"Inflame","floor":29},{"not_picked":["Clash+1","True Grit"],"picked":"Impervious","floor":31}],"player_experience":89805,"relics_obtained":[{"floor":9,"key":"Self Forming Clay"},{"floor":13,"key":"Vajra"},{"floor":14,"key":"Ornamental Fan"},{"floor":24,"key":"Red Skull"},{"floor":26,"key":"Omamori"},{"floor":31,"key":"Frozen Egg 2"}],"event_choices":[{"damage_healed":0,"gold_gain":0,"player_choice":"Grow","damage_taken":0,"max_hp_gain":0,"max_hp_loss":0,"event_name":"Living Wall","floor":4,"gold_loss":0,"cards_upgraded":["Metallicize"]},{"damage_healed":0,"gold_gain":175,"player_choice":"AGREE","damage_taken":0,"max_hp_gain":0,"max_hp_loss":0,"event_name":"Liars Game","floor":5,"gold_loss":0,"cards_obtained":["Doubt"]},{"cards_removed":["Doubt"],"damage_healed":0,"gold_gain":0,"player_choice":"Card Removal","damage_taken":0,"max_hp_gain":0,"max_hp_loss":0,"event_name":"The Cleric","floor":7,"gold_loss":50},{"damage_healed":0,"gold_gain":30,"player_choice":"Searched \u00273\u0027 times","damage_taken":0,"max_hp_gain":0,"max_hp_loss":0,"event_name":"Dead Adventurer","floor":13,"gold_loss":0},{"damage_healed":0,"gold_gain":0,"player_choice":"Copied","damage_taken":0,"max_hp_gain":0,"max_hp_loss":0,"event_name":"Duplicator","floor":19,"gold_loss":0,"cards_obtained":["Shrug It Off"]}],"is_beta":false,"boss_relics":[{"not_picked":["Sozu","Runic Dome"],"picked":"Astrolabe"}],"items_purged_floors":[],"is_endless":false,"potions_floor_spawned":[2,3,12,16,22,28,31],"killed_by":"Collector","ascension_level":1}