{"gold_per_floor":[117,135,85,98,112,144,144,176,225,225,225],"floor_reached":11,"playtime":1015,"items_purged":[],"score":87,"play_id":"03f5df30-93a9-416f-a6f2-7ef642fe1790","local_time":"20190705235518","is_ascension_mode":true,"campfire_choices":[{"floor":7,"key":"REST"}],"neow_cost":"NONE","seed_source_timestamp":31408322294236,"circlet_count":0,"master_deck":["Strike_G","Strike_G","Strike_G","Strike_G","Strike_G","Defend_G","Defend_G","Defend_G","Defend_G","Survivor","Neutralize","Flying Knee","Dagger Spray","Blade Dance","Deflect","Terror","Adrenaline"],"relics":["Philosopher\u0027s Stone","Bottled Lightning","Bottled Flame"],"potions_floor_usage":[11,11],"damage_taken":[{"damage":5,"enemies":"Cultist","floor":1,"turns":4},{"damage":1,"enemies":"2 Louse","floor":2,"turns":3},{"damage":4,"enemies":"Jaw Worm","floor":4,"turns":3},{"damage":6,"enemies":"Looter","floor":5,"turns":3},{"damage":33,"enemies":"Gremlin Nob","floor":6,"turns":5},{"damage":21,"enemies":"3 Sentries","floor":8,"turns":8},{"damage":28,"enemies":"Gremlin Nob","floor":11,"turns":3}],"seed_played":"-3437001513267586723","potions_obtained":[{"floor":2,"key":"EntropicBrew"},{"floor":4,"key":"Explosive Potion"},{"floor":5,"key":"SpeedPotion"}],"is_trial":false,"path_per_floor":["M","M","?","M","M","E","R","E","T","$","E"],"character_chosen":"THE_SILENT","items_purchased":[],"campfire_rested":1,"item_purchase_floors":[],"current_hp_per_floor":[65,64,64,60,54,21,42,21,21,21,0],"gold":225,"neow_bonus":"BOSS_RELIC","is_prod":false,"is_daily":false,"chose_seed":false,"campfire_upgraded":0,"win_rate":0,"timestamp":1562388918,"path_taken":["M","?","?","M","M","E","R","E","T","$","E"],"build_version":"2019-07-05","purchased_purges":0,"victory":false,"max_hp_per_floor":[70,70,70,70,70,70,70,70,70,70,70],"card_choices":[{"not_picked":["PiercingWail","Escape Plan"],"picked":"Flying Knee","floor":1},{"not_picked":["Bane","Distraction"],"picked":"Dagger Spray","floor":2},{"not_picked":["Dodge and Roll","Underhanded Strike"],"picked":"Blade Dance","floor":4},{"not_picked":["Prepared","Skewer"],"picked":"Deflect","floor":5},{"not_picked":["Calculated Gamble","Acrobatics"],"picked":"Terror","floor":6},{"not_picked":["Acrobatics","Quick Slash"],"picked":"Adrenaline","floor":8}],"player_experience":125383,"relics_obtained":[{"floor":6,"key":"Bottled Lightning"},{"floor":8,"key":"Bottled Flame"}],"event_choices":[{"cards_removed":["Defend_G"],"damage_healed":0,"gold_gain":0,"player_choice":"Card Removal","damage_taken":0,"max_hp_gain":0,"max_hp_loss":0,"event_name":"The Cleric","floor":3,"gold_loss":50}],"is_beta":false,"boss_relics":[],"items_purged_floors":[],"is_endless":false,"potions_floor_spawned":[2,4,5],"killed_by":"Gremlin Nob","ascension_level":1}