{"gold_per_floor":[119,138,138,150,75,75,101,116,141,176,192,192,92,57,57,162,162,178,197,210,5,18,18],"floor_reached":23,"playtime":1728,"items_purged":["Strike_G","Strike_G","Strike_G"],"score":203,"play_id":"ac023573-9e43-4790-94e3-5fffa604dfe3","local_time":"20190524180219","is_ascension_mode":false,"campfire_choices":[{"data":"Envenom","floor":6,"key":"SMITH"},{"floor":12,"key":"REST"},{"data":"Dagger Spray","floor":15,"key":"SMITH"}],"neow_cost":"NONE","seed_source_timestamp":14110314230536,"circlet_count":0,"master_deck":["Defend_G","Defend_G","Defend_G","Defend_G","Defend_G","Strike_G","Strike_G","Survivor","Neutralize","Envenom+1","Backflip","Bane","Neutralize","Dagger Spray+1","Deadly Poison","Footwork","Slice","Backflip","Footwork","Bullet Time","Slice+1","Bane","Catalyst"],"relics":["Ring of the Snake","Regal Pillow","Boot","Omamori","Black Star"],"potions_floor_usage":[20],"damage_taken":[{"damage":12,"enemies":"Jaw Worm","floor":1,"turns":6},{"damage":0,"enemies":"Cultist","floor":2,"turns":4},{"damage":0,"enemies":"Small Slimes","floor":4,"turns":3},{"damage":6,"enemies":"3 Sentries","floor":7,"turns":8},{"damage":10,"enemies":"3 Louse","floor":8,"turns":3},{"damage":14,"enemies":"Lagavulin","floor":10,"turns":6},{"damage":9,"enemies":"Blue Slaver","floor":11,"turns":3},{"damage":34,"enemies":"The Guardian","floor":16,"turns":10},{"damage":3,"enemies":"Chosen","floor":18,"turns":4},{"damage":19,"enemies":"Spheric Guardian","floor":19,"turns":8},{"damage":6,"enemies":"Snecko","floor":20,"turns":7},{"damage":9,"enemies":"Cultist and Chosen","floor":22,"turns":8},{"damage":57,"enemies":"Slavers","floor":23,"turns":4}],"seed_played":"9168698521911873533","potions_obtained":[{"floor":4,"key":"AttackPotion"},{"floor":11,"key":"PowerPotion"},{"floor":16,"key":"Strength Potion"},{"floor":19,"key":"Regen Potion"},{"floor":22,"key":"Ancient Potion"}],"is_trial":false,"path_per_floor":["M","M","?","M","$","R","E","M","T","E","M","R","$","?","R","B",null,"M","M","M","$","M","E"],"character_chosen":"THE_SILENT","items_purchased":["Catalyst"],"campfire_rested":1,"item_purchase_floors":[21],"current_hp_per_floor":[58,58,58,58,58,58,52,42,42,28,19,55,55,70,70,36,70,67,48,57,57,48,0],"gold":18,"neow_bonus":"ONE_RANDOM_RARE_CARD","is_prod":false,"is_daily":false,"chose_seed":false,"campfire_upgraded":2,"win_rate":0,"timestamp":1558746139,"path_taken":["M","M","?","?","$","R","E","M","T","E","?","R","$","?","R","BOSS","M","M","M","$","M","E"],"build_version":"2019-01-23","purchased_purges":3,"victory":false,"max_hp_per_floor":[70,70,70,70,70,70,70,70,70,70,70,70,70,70,70,70,70,70,70,70,70,70,70],"card_choices":[{"not_picked":["PiercingWail","Backstab"],"picked":"Backflip","floor":1},{"not_picked":["Prepared","Concentrate"],"picked":"Bane","floor":2},{"not_picked":["Predator","Acrobatics"],"picked":"Deadly Poison","floor":4},{"not_picked":["Choke","Prepared"],"picked":"Footwork","floor":7},{"not_picked":["Deflect","Blade Dance"],"picked":"Slice","floor":8},{"not_picked":["Endless Agony","Infinite Blades"],"picked":"Backflip","floor":10},{"not_picked":["Dodge and Roll","Setup"],"picked":"Footwork","floor":11},{"not_picked":["Malaise","Grand Finale"],"picked":"Bullet Time","floor":16},{"not_picked":["Acrobatics","Deflect"],"picked":"Slice+1","floor":18},{"not_picked":["Calculated Gamble+1","Expertise+1"],"picked":"Bane","floor":19},{"not_picked":["Choke","Accuracy","Sucker Punch"],"picked":"SKIP","floor":20},{"not_picked":["Blade Dance","Concentrate","Tactician"],"picked":"SKIP","floor":22}],"player_experience":154617,"relics_obtained":[{"floor":7,"key":"Regal Pillow"},{"floor":9,"key":"Boot"},{"floor":10,"key":"Omamori"}],"event_choices":[{"damage_healed":0,"gold_gain":0,"player_choice":"2 cards matched","damage_taken":0,"max_hp_gain":0,"max_hp_loss":0,"event_name":"Match and Keep!","floor":3,"gold_loss":0,"cards_obtained":["Neutralize","Dagger Spray"]},{"damage_healed":17,"gold_gain":0,"player_choice":"Healed","damage_taken":0,"max_hp_gain":0,"max_hp_loss":0,"event_name":"The Cleric","floor":14,"gold_loss":35}],"is_beta":false,"boss_relics":[{"not_picked":["White Beast Statue","HoveringKite"],"picked":"Black Star"}],"items_purged_floors":[5,13,21],"is_endless":false,"potions_floor_spawned":[4,11,16,19,22],"killed_by":"Slavers","ascension_level":0}