{"gold_per_floor":[115,129,141,113,113,113,125,158,184,212,137,137],"floor_reached":12,"playtime":563,"items_purged":["Strike_G"],"score":88,"play_id":"c548f02a-9e4d-49b7-8dff-14fd70b00de8","local_time":"20190503170657","is_ascension_mode":false,"campfire_choices":[{"floor":6,"key":"REST"}],"neow_cost":"PERCENT_DAMAGE","seed_source_timestamp":27136670279476,"circlet_count":0,"master_deck":["Defend_G","Defend_G","Defend_G","Defend_G","Defend_G","Strike_G+1","Strike_G+1","Strike_G","Strike_G","Survivor","Neutralize","Corpse Explosion","Bane","Dagger Spray","Dagger Spray","Dagger Spray","Adrenaline","Backflip"],"relics":["Ring of the Snake","Blood Vial","Vajra","Whetstone"],"potions_floor_usage":[],"damage_taken":[{"damage":2,"enemies":"2 Louse","floor":1,"turns":3},{"damage":9,"enemies":"Jaw Worm","floor":2,"turns":5},{"damage":10,"enemies":"Small Slimes","floor":3,"turns":3},{"damage":12,"enemies":"Blue Slaver","floor":7,"turns":3},{"damage":9,"enemies":"3 Sentries","floor":8,"turns":2},{"damage":27,"enemies":"Lagavulin","floor":10,"turns":8},{"damage":8,"enemies":"Exordium Wildlife","floor":12,"turns":1}],"seed_played":"-8797044001207129146","potions_obtained":[{"floor":2,"key":"GhostInAJar"},{"floor":8,"key":"FearPotion"}],"is_trial":false,"path_per_floor":["M","M","M","?","?","R","M","E","T","E","$","M"],"character_chosen":"THE_SILENT","items_purchased":[],"campfire_rested":1,"item_purchase_floors":[],"current_hp_per_floor":[47,38,28,28,28,49,37,28,28,3,3,0],"gold":137,"neow_bonus":"THREE_RARE_CARDS","is_prod":false,"is_daily":false,"chose_seed":false,"campfire_upgraded":0,"win_rate":0,"timestamp":1556928417,"path_taken":["M","M","M","?","?","R","M","E","T","E","?","M"],"build_version":"2019-01-23","purchased_purges":1,"victory":false,"max_hp_per_floor":[70,70,70,70,70,70,70,70,70,70,70,70],"card_choices":[{"not_picked":["Venomology","Grand Finale"],"picked":"Corpse Explosion","floor":0},{"not_picked":["PiercingWail","Blade Dance"],"picked":"Bane","floor":1},{"not_picked":["Flying Knee","Quick Slash"],"picked":"Dagger Spray","floor":2},{"not_picked":["Crippling Poison","Endless Agony"],"picked":"Dagger Spray","floor":3},{"not_picked":["Setup","Endless Agony"],"picked":"Dagger Spray","floor":7},{"not_picked":["Unload","Sucker Punch"],"picked":"Adrenaline","floor":8},{"not_picked":["Masterful Stab","Blade Dance"],"picked":"Backflip","floor":10}],"player_experience":109985,"relics_obtained":[{"floor":8,"key":"Blood Vial"},{"floor":9,"key":"Vajra"},{"floor":10,"key":"Whetstone"}],"event_choices":[{"damage_healed":0,"gold_gain":0,"player_choice":"Left Gold","damage_taken":0,"max_hp_gain":0,"max_hp_loss":0,"event_name":"World of Goop","floor":4,"gold_loss":28},{"damage_healed":0,"gold_gain":0,"player_choice":"Ignored","damage_taken":0,"max_hp_gain":0,"max_hp_loss":0,"event_name":"Golden Idol","floor":5,"gold_loss":0}],"is_beta":false,"boss_relics":[],"items_purged_floors":[11],"is_endless":false,"potions_floor_spawned":[2,8],"killed_by":"Exordium Wildlife","ascension_level":0}