{"gold_per_floor":[113,113,113,132,151,151,183,183,236,254,1,13,13,13,13,112,112,123,136,110,110,123,123,140,140,140,55,85,98,98,115,115,218,218,236,28,43,43,55,55,68,68,118,118,130,141,141,157,157,157],"floor_reached":50,"playtime":5928,"items_purged":[],"score":446,"play_id":"caa4bc02-5592-4422-beb3-0da929309aaa","local_time":"20190901062942","is_ascension_mode":false,"campfire_choices":[{"data":"Iron Wave","floor":6,"key":"SMITH"},{"data":"Shrug It Off","floor":8,"key":"SMITH"},{"data":"Flame Barrier","floor":13,"key":"SMITH"},{"data":"Bash","floor":15,"key":"SMITH"},{"data":"Twin Strike","floor":23,"key":"SMITH"},{"data":"Clash","floor":25,"key":"SMITH"},{"data":"Headbutt","floor":30,"key":"SMITH"},{"data":"Clash","floor":32,"key":"SMITH"},{"data":"Cleave","floor":40,"key":"SMITH"},{"data":"Juggernaut","floor":42,"key":"SMITH"},{"data":"Headbutt","floor":47,"key":"SMITH"},{"data":"Clothesline","floor":49,"key":"SMITH"}],"neow_cost":"CURSE","seed_source_timestamp":349872199343500,"circlet_count":0,"master_deck":["Defend_R","Defend_R","Bash+1","Clash+1","Twin Strike+1","Iron Wave+1","Shrug It Off+1","Disarm+1","Flame Barrier+1","Double Tap","Rampage+1","Iron Wave+1","Clash+1","Bite","Bite","Bite","Shrug It Off+1","Intimidate+1","Shrug It Off+1","Headbutt+1","Anger+1","Impervious","Pummel+1","Spot Weakness+1","Dramatic Entrance+1","Clothesline+1","Cleave+1","Carnage+1","Juggernaut+1","Headbutt+1","Iron Wave","Body Slam+1"],"relics":["Burning Blood","Orichalcum","Pen Nib","Gremlin Horn","Eternal Feather","Gambling Chip","Self Forming Clay","Red Mask","Astrolabe","Membership Card","Bag of Preparation"],"potions_floor_usage":[33,50,50],"damage_taken":[{"damage":9,"enemies":"2 Louse","floor":1,"turns":3},{"damage":6,"enemies":"Jaw Worm","floor":4,"turns":3},{"damage":1,"enemies":"Cultist","floor":5,"turns":3},{"damage":32,"enemies":"Lagavulin","floor":7,"turns":7},{"damage":6,"enemies":"3 Louse","floor":10,"turns":3},{"damage":0,"enemies":"2 Fungi Beasts","floor":12,"turns":4},{"damage":3,"enemies":"The Guardian","floor":16,"turns":14},{"damage":6,"enemies":"Shell Parasite","floor":18,"turns":6},{"damage":4,"enemies":"3 Byrds","floor":19,"turns":6},{"damage":10,"enemies":"Snecko","floor":22,"turns":7},{"damage":8,"enemies":"Snake Plant","floor":24,"turns":5},{"damage":0,"enemies":"Masked Bandits","floor":28,"turns":5},{"damage":2,"enemies":"Centurion and Healer","floor":29,"turns":4},{"damage":1,"enemies":"3 Cultists","floor":31,"turns":6},{"damage":39,"enemies":"Automaton","floor":33,"turns":12},{"damage":21,"enemies":"3 Darklings","floor":35,"turns":4},{"damage":18,"enemies":"3 Shapes","floor":37,"turns":5},{"damage":7,"enemies":"Jaw Worm Horde","floor":39,"turns":3},{"damage":37,"enemies":"Maw","floor":41,"turns":10},{"damage":8,"enemies":"3 Darklings","floor":45,"turns":5},{"damage":14,"enemies":"Transient","floor":46,"turns":5},{"damage":4,"enemies":"Sphere and 2 Shapes","floor":48,"turns":5},{"damage":90,"enemies":"Awakened One","floor":50,"turns":12}],"seed_played":"-172991974572928271","potions_obtained":[{"floor":7,"key":"Strength Potion"},{"floor":12,"key":"GamblersBrew"},{"floor":16,"key":"Explosive Potion"},{"floor":22,"key":"Weak Potion"},{"floor":28,"key":"BloodPotion"}],"is_trial":false,"path_per_floor":["M","?","?","M","M","R","E","R","T","M","$","M","R","?","R","B",null,"M","M","$","?","M","R","M","R","T","?","?","M","R","M","R","B",null,"M","$","M","?","M","R","M","R","T","?","M","M","R","M","R","B"],"character_chosen":"IRONCLAD","items_purchased":["Gremlin Horn","Clash","Membership Card"],"campfire_rested":0,"item_purchase_floors":[11,20,36],"current_hp_per_floor":[93,93,84,84,89,89,63,63,63,63,63,69,69,50,50,53,96,96,96,96,67,65,67,67,67,67,67,67,67,67,67,67,40,67,54,54,42,42,43,58,39,57,57,57,57,51,67,67,67,0],"gold":157,"neow_bonus":"TWENTY_PERCENT_HP_BONUS","is_prod":false,"is_daily":false,"chose_seed":false,"campfire_upgraded":12,"win_rate":0.0,"timestamp":1567333782,"path_taken":["M","?","?","M","M","R","E","R","T","?","$","M","R","?","R","BOSS","M","M","$","?","M","R","M","R","T","?","?","M","R","M","R","BOSS","M","$","M","?","M","R","M","R","T","?","M","M","R","M","R","BOSS"],"build_version":"2019-07-17","purchased_purges":0,"victory":false,"max_hp_per_floor":[96,96,96,96,96,96,96,96,96,96,96,96,96,96,96,96,96,96,96,96,67,67,67,67,67,67,67,67,67,67,67,67,67,67,67,67,67,67,67,67,67,67,67,67,67,67,67,67,67,67],"card_choices":[{"not_picked":["Power Through","Seeing Red"],"picked":"Clash","floor":1},{"not_picked":["Seeing Red","Clash"],"picked":"Twin Strike","floor":4},{"not_picked":["Ghostly Armor","Battle Trance"],"picked":"Iron Wave","floor":5},{"not_picked":["Sword Boomerang","Wild Strike"],"picked":"Shrug It Off","floor":7},{"not_picked":["Shrug It Off","Anger"],"picked":"Disarm","floor":10},{"not_picked":["Wild Strike","Double Tap"],"picked":"Flame Barrier","floor":12},{"not_picked":["Brutality","Dark Embrace"],"picked":"Double Tap","floor":16},{"not_picked":["Dual Wield+1","Intimidate"],"picked":"Rampage+1","floor":18},{"not_picked":["Inflame","Searing Blow"],"picked":"Iron Wave+1","floor":19},{"not_picked":["Dual Wield","Warcry+1"],"picked":"Shrug It Off+1","floor":22},{"not_picked":["Clash+1","Wild Strike"],"picked":"Intimidate+1","floor":24},{"not_picked":["Reckless Charge","True Grit"],"picked":"Shrug It Off+1","floor":28},{"not_picked":["Anger","Feel No Pain+1"],"picked":"Headbutt","floor":29},{"not_picked":["Armaments","Flex"],"picked":"Anger+1","floor":31},{"not_picked":["Fiend Fire","Limit Break"],"picked":"Impervious","floor":33},{"not_picked":["Flex+1","Corruption"],"picked":"Clothesline","floor":35},{"not_picked":["Headbutt+1","Intimidate"],"picked":"Cleave","floor":37},{"not_picked":["Clash","True Grit+1"],"picked":"Carnage+1","floor":39},{"not_picked":["Flame Barrier","Perfected Strike"],"picked":"Juggernaut","floor":41},{"not_picked":["Combust+1","Inflame+1"],"picked":"Headbutt","floor":45},{"not_picked":["Armaments+1","Dual Wield"],"picked":"Iron Wave","floor":46},{"not_picked":["Warcry+1","Sword Boomerang"],"picked":"Body Slam+1","floor":48}],"player_experience":29787,"relics_obtained":[{"floor":7,"key":"Orichalcum"},{"floor":9,"key":"Pen Nib"},{"floor":26,"key":"Gambling Chip"},{"floor":28,"key":"Red Mask"},{"floor":43,"key":"Bag of Preparation"}],"event_choices":[{"cards_removed":["Clumsy"],"damage_healed":0,"gold_gain":0,"player_choice":"Forget","damage_taken":0,"max_hp_gain":0,"max_hp_loss":0,"event_name":"Living Wall","floor":2,"gold_loss":0},{"damage_healed":0,"gold_gain":0,"player_choice":"Damaged","damage_taken":9,"max_hp_gain":0,"max_hp_loss":0,"event_name":"Wheel of Change","floor":3,"gold_loss":0},{"damage_healed":0,"gold_gain":0,"player_choice":"Entered Light","damage_taken":19,"max_hp_gain":0,"max_hp_loss":0,"event_name":"Shining Light","floor":14,"gold_loss":0,"cards_upgraded":["Strike_R","Disarm"]},{"damage_healed":0,"gold_gain":0,"player_choice":"Became a vampire","damage_taken":0,"max_hp_gain":0,"max_hp_loss":29,"event_name":"Vampires","floor":21,"gold_loss":0,"cards_obtained":["Bite","Bite","Bite","Bite","Bite"]},{"damage_healed":0,"gold_gain":0,"player_choice":"Obtained Relic","damage_taken":0,"relics_obtained":["Self Forming Clay"],"max_hp_gain":0,"max_hp_loss":0,"event_name":"Addict","floor":27,"gold_loss":85},{"damage_healed":0,"gold_gain":0,"player_choice":"Fought Bandits","damage_taken":0,"max_hp_gain":0,"max_hp_loss":0,"event_name":"Masked Bandits","floor":28,"gold_loss":0},{"damage_healed":0,"gold_gain":0,"player_choice":"Ignored","damage_taken":0,"max_hp_gain":0,"max_hp_loss":0,"event_name":"Mysterious Sphere","floor":38,"gold_loss":0},{"cards_removed":["Bite"],"damage_healed":0,"gold_gain":0,"player_choice":"Removed Attack","damage_taken":0,"max_hp_gain":0,"max_hp_loss":0,"event_name":"Falling","floor":44,"gold_loss":0}],"is_beta":false,"boss_relics":[{"not_picked":["Fusion Hammer","Runic Dome"],"picked":"Eternal Feather"},{"not_picked":["Sozu","Lizard Tail"],"picked":"Astrolabe"}],"items_purged_floors":[],"is_endless":false,"potions_floor_spawned":[7,12,16,22,28,29,31,35,37,45],"killed_by":"Awakened One","ascension_level":0}