{"gold_per_floor":[117,117,117,117,97,132,150,150,205,239,239,239,255,273,273,370,370,386,386,128,143,143],"floor_reached":22,"playtime":2416,"items_purged":[],"score":239,"play_id":"40d46475-7580-4439-91d7-a32400387770","local_time":"20190814215620","is_ascension_mode":true,"campfire_choices":[{"floor":8,"key":"REST"},{"floor":15,"key":"REST"}],"neow_cost":"NONE","seed_source_timestamp":97299741654744,"circlet_count":0,"master_deck":["Strike_G","Strike_G","Strike_G","Strike_G","Strike_G","Defend_G","Defend_G","Defend_G","Defend_G","Defend_G","Survivor","Neutralize","Flying Knee","Heel Hook","Noxious Fumes","Poisoned Stab","Heel Hook","Poisoned Stab","Adrenaline","PiercingWail","Necronomicurse","Bane"],"relics":["Ring of the Snake","NeowsBlessing","Oddly Smooth Stone","Tough Bandages","Tiny Chest","Blue Candle","Question Card","Lizard Tail","Necronomicon","Mummified Hand"],"potions_floor_usage":[10,16,16,21,22],"damage_taken":[{"damage":0,"enemies":"Small Slimes","floor":1,"turns":1},{"damage":0,"enemies":"Gremlin Nob","floor":6,"turns":1},{"damage":0,"enemies":"Cultist","floor":7,"turns":1},{"damage":36,"enemies":"3 Sentries","floor":10,"turns":11},{"damage":6,"enemies":"2 Louse","floor":13,"turns":2},{"damage":3,"enemies":"Exordium Wildlife","floor":14,"turns":4},{"damage":45,"enemies":"Slime Boss","floor":16,"turns":14},{"damage":36,"enemies":"Spheric Guardian","floor":18,"turns":6},{"damage":27,"enemies":"3 Byrds","floor":21,"turns":8},{"damage":31,"enemies":"Snake Plant","floor":22,"turns":5}],"seed_played":"6244373878038228629","potions_obtained":[{"floor":5,"key":"EssenceOfSteel"},{"floor":6,"key":"Block Potion"},{"floor":13,"key":"AttackPotion"},{"floor":18,"key":"Swift Potion"},{"floor":21,"key":"SpeedPotion"}],"is_trial":false,"path_per_floor":["M","?","?","$","?","E","M","R","T","E","?","T","M","M","R","B",null,"M","?","$","M","M"],"character_chosen":"THE_SILENT","items_purchased":["Mummified Hand"],"campfire_rested":2,"item_purchase_floors":[20],"current_hp_per_floor":[70,58,58,58,58,58,58,70,70,34,34,34,28,25,46,1,70,34,18,18,26,0],"gold":143,"neow_bonus":"THREE_ENEMY_KILL","is_prod":false,"is_daily":false,"chose_seed":false,"campfire_upgraded":0,"win_rate":0,"timestamp":1565837780,"path_taken":["M","?","?","$","?","E","?","R","T","E","?","?","M","M","R","BOSS","M","?","$","M","M"],"build_version":"2019-07-17","purchased_purges":0,"victory":false,"max_hp_per_floor":[70,70,70,70,70,70,70,70,70,70,70,70,70,70,70,70,70,70,70,70,70,70],"card_choices":[{"not_picked":["Accuracy","Predator"],"picked":"Flying Knee","floor":1},{"not_picked":["Quick Slash","Dodge and Roll"],"picked":"Heel Hook","floor":6},{"not_picked":["Outmaneuver","Cloak And Dagger"],"picked":"Noxious Fumes","floor":7},{"not_picked":["Bullet Time","Accuracy"],"picked":"Poisoned Stab","floor":10},{"not_picked":["Quick Slash","Slice","Sucker Punch"],"picked":"Heel Hook","floor":13},{"not_picked":["Bane","Deadly Poison","Dagger Throw"],"picked":"Poisoned Stab","floor":14},{"not_picked":["A Thousand Cuts","Tools of the Trade","After Image"],"picked":"Adrenaline","floor":16},{"not_picked":["Dagger Spray","Reflex","Skewer"],"picked":"PiercingWail","floor":18},{"not_picked":["Backflip","Quick Slash","Prepared"],"picked":"Bane","floor":21}],"player_experience":301029,"relics_obtained":[{"floor":6,"key":"Tough Bandages"},{"floor":9,"key":"Tiny Chest"},{"floor":10,"key":"Blue Candle"},{"floor":12,"key":"Question Card"},{"floor":19,"key":"Necronomicon"}],"event_choices":[{"damage_healed":0,"gold_gain":0,"player_choice":"Success","damage_taken":12,"relics_obtained":["Oddly Smooth Stone"],"max_hp_gain":0,"max_hp_loss":0,"event_name":"Scrap Ooze","floor":2,"gold_loss":0},{"damage_healed":0,"gold_gain":0,"player_choice":"Ignored","damage_taken":0,"max_hp_gain":0,"max_hp_loss":0,"event_name":"Shining Light","floor":3,"gold_loss":0},{"damage_healed":0,"gold_gain":0,"player_choice":"Bought 1 Potion","damage_taken":0,"max_hp_gain":0,"max_hp_loss":0,"event_name":"The Woman in Blue","floor":5,"gold_loss":0},{"damage_healed":0,"gold_gain":0,"player_choice":"Ignored","damage_taken":0,"max_hp_gain":0,"max_hp_loss":0,"event_name":"Golden Wing","floor":11,"gold_loss":0},{"damage_healed":0,"gold_gain":0,"player_choice":"Obtained Book","damage_taken":16,"max_hp_gain":0,"max_hp_loss":0,"event_name":"Cursed Tome","floor":19,"gold_loss":0}],"is_beta":false,"boss_relics":[{"not_picked":["Cursed Key","WristBlade"],"picked":"Lizard Tail"}],"items_purged_floors":[],"is_endless":false,"potions_floor_spawned":[6,13,18,21],"killed_by":"Snake Plant","ascension_level":2}