{"gold_per_floor":[12,25,42,42,42,67,67,100,150,150,150,150],"floor_reached":12,"playtime":924,"items_purged":[],"score":99,"play_id":"f57a2a08-f358-4483-b1de-2e78bbdfece9","local_time":"20190901164535","is_ascension_mode":true,"campfire_choices":[{"floor":7,"key":"REST"},{"floor":10,"key":"REST"}],"neow_cost":"NO_GOLD","seed_source_timestamp":306694939038300,"circlet_count":0,"master_deck":["Strike_R","Strike_R","Strike_R","Strike_R","Strike_R","Defend_R+1","Defend_R+1","Defend_R","Defend_R","Twin Strike","Corruption","Combust","Thunderclap","Clash"],"relics":["Burning Blood","Nunchaku","Meat on the Bone","Oddly Smooth Stone","War Paint"],"potions_floor_usage":[6,12],"damage_taken":[{"damage":9,"enemies":"2 Louse","floor":1,"turns":2},{"damage":6,"enemies":"Cultist","floor":2,"turns":4},{"damage":7,"enemies":"Small Slimes","floor":3,"turns":3},{"damage":49,"enemies":"Lagavulin","floor":6,"turns":8},{"damage":40,"enemies":"3 Sentries","floor":8,"turns":6},{"damage":59,"enemies":"Lagavulin","floor":12,"turns":6}],"seed_played":"-5789489824037821656","potions_obtained":[{"floor":1,"key":"Ancient Potion"},{"floor":3,"key":"Strength Potion"}],"is_trial":false,"path_per_floor":["M","M","M","?","$","E","R","E","T","R","$","E"],"character_chosen":"IRONCLAD","items_purchased":[],"campfire_rested":2,"item_purchase_floors":[],"current_hp_per_floor":[77,77,76,76,76,33,57,35,35,59,59,0],"gold":150,"neow_bonus":"ONE_RARE_RELIC","is_prod":false,"is_daily":false,"chose_seed":false,"campfire_upgraded":0,"win_rate":0,"timestamp":1567374335,"path_taken":["M","M","M","?","$","E","R","E","T","R","$","E"],"build_version":"2019-07-17","purchased_purges":0,"victory":false,"max_hp_per_floor":[80,80,80,80,80,80,80,80,80,80,80,80],"card_choices":[{"not_picked":["Sentinel","Warcry"],"picked":"Twin Strike","floor":1},{"not_picked":["Intimidate","Sword Boomerang"],"picked":"Corruption","floor":2},{"not_picked":["Body Slam","Shrug It Off"],"picked":"Combust","floor":3},{"not_picked":["Twin Strike","Reaper"],"picked":"Thunderclap","floor":6},{"not_picked":["Reckless Charge","Offering"],"picked":"Clash","floor":8}],"player_experience":387671,"relics_obtained":[{"floor":6,"key":"Meat on the Bone"},{"floor":8,"key":"Oddly Smooth Stone"},{"floor":9,"key":"War Paint"}],"event_choices":[{"cards_removed":["Bash"],"damage_healed":0,"gold_gain":0,"player_choice":"Offered Basic","damage_taken":0,"max_hp_gain":0,"max_hp_loss":0,"event_name":"Bonfire Elementals","floor":4,"gold_loss":0}],"is_beta":false,"boss_relics":[],"items_purged_floors":[],"is_endless":false,"potions_floor_spawned":[1,3],"killed_by":"Lagavulin","ascension_level":3}