{"gold_per_floor":[115,115,40,53,69,69,84,84,84,111,121,185,202,273,273,370,370,389,389,370,217,235,235,270,270,321,356,356,99],"floor_reached":29,"playtime":3125,"items_purged":["Regret","Defend_R"],"score":243,"play_id":"71632c0a-9a48-45a8-a31a-2da1d90a38d0","local_time":"20190831214304","is_ascension_mode":false,"campfire_choices":[{"data":"Armaments","floor":6,"key":"SMITH"},{"data":"Headbutt","floor":8,"key":"SMITH"},{"floor":15,"key":"REST"},{"floor":23,"key":"REST"},{"floor":25,"key":"REST"},{"floor":28,"key":"REST"}],"neow_cost":"NONE","seed_source_timestamp":321080337699200,"circlet_count":0,"master_deck":["Strike_R","Strike_R","Strike_R","Strike_R","Strike_R","Defend_R","Defend_R","Defend_R","Bash","Shrug It Off","Armaments+1","Carnage","Headbutt+1","Warcry","Sever Soul","Body Slam","Cleave","Feed","Iron Wave","Fire Breathing+1","Pommel Strike","Flex+1","Headbutt+1"],"relics":["Burning Blood","Question Card","Frozen Egg 2","StoneCalendar","Potion Belt","Dodecahedron","Busted Crown","Red Skull","Letter Opener","Vajra","Red Mask","PreservedInsect"],"potions_floor_usage":[],"damage_taken":[{"damage":8,"enemies":"2 Louse","floor":1,"turns":3},{"damage":1,"enemies":"Jaw Worm","floor":4,"turns":4},{"damage":0,"enemies":"Cultist","floor":5,"turns":3},{"damage":21,"enemies":"3 Louse","floor":7,"turns":3},{"damage":20,"enemies":"Lagavulin","floor":10,"turns":5},{"damage":7,"enemies":"Exordium Wildlife","floor":11,"turns":2},{"damage":22,"enemies":"3 Sentries","floor":12,"turns":6},{"damage":11,"enemies":"2 Fungi Beasts","floor":13,"turns":4},{"damage":29,"enemies":"The Guardian","floor":16,"turns":9},{"damage":12,"enemies":"Shell Parasite","floor":18,"turns":3},{"damage":4,"enemies":"2 Thieves","floor":20,"turns":4},{"damage":39,"enemies":"Snake Plant","floor":22,"turns":5},{"damage":42,"enemies":"Slavers","floor":24,"turns":5},{"damage":25,"enemies":"Masked Bandits","floor":27,"turns":5}],"seed_played":"5065218843307834576","potions_obtained":[{"floor":7,"key":"SkillPotion"},{"floor":11,"key":"Ancient Potion"},{"floor":12,"key":"Explosive Potion"},{"floor":13,"key":"Weak Potion"},{"floor":16,"key":"AttackPotion"}],"is_trial":false,"path_per_floor":["M","?","$","M","M","R","M","R","T","E","M","?","M","T","R","B",null,"M","?","M","$","M","R","E","R","T","?","R","$"],"character_chosen":"IRONCLAD","items_purchased":["Red Skull","PreservedInsect"],"campfire_rested":4,"item_purchase_floors":[21,29],"current_hp_per_floor":[86,86,86,88,88,88,73,73,73,59,58,42,37,37,63,40,88,82,65,67,67,34,61,25,52,52,33,60,60],"gold":99,"neow_bonus":"TEN_PERCENT_HP_BONUS","is_prod":false,"is_daily":false,"chose_seed":false,"campfire_upgraded":2,"win_rate":0.0,"timestamp":1567302184,"path_taken":["M","?","?","M","M","R","M","R","T","E","?","?","M","?","R","BOSS","M","?","M","$","M","R","E","R","T","?","R","$"],"build_version":"2019-07-17","purchased_purges":2,"victory":false,"max_hp_per_floor":[88,88,88,88,88,88,88,88,88,88,88,88,88,88,88,88,88,88,93,93,93,93,93,93,93,93,93,93,93],"card_choices":[{"not_picked":["Pommel Strike","Cleave"],"picked":"Shrug It Off","floor":1},{"not_picked":["Sword Boomerang","True Grit","Uppercut"],"picked":"Armaments","floor":4},{"not_picked":["Pummel","Brutality","Rupture"],"picked":"Carnage","floor":5},{"not_picked":["Clash","Cleave","Rupture"],"picked":"Headbutt","floor":7},{"not_picked":["Blood for Blood","Anger","Bloodletting"],"picked":"Warcry","floor":10},{"not_picked":["Ghostly Armor","Feel No Pain+1","Thunderclap"],"picked":"Sever Soul","floor":11},{"not_picked":["Uppercut","Twin Strike","Fiend Fire"],"picked":"Body Slam","floor":12},{"not_picked":["Armaments","Pommel Strike","Sword Boomerang"],"picked":"Cleave","floor":13},{"not_picked":["Dark Embrace+1","Impervious","Offering"],"picked":"Feed","floor":16},{"not_picked":["True Grit+1"],"picked":"Iron Wave","floor":18},{"not_picked":["Twin Strike"],"picked":"Fire Breathing+1","floor":20},{"not_picked":["Cleave"],"picked":"Pommel Strike","floor":22},{"not_picked":["Thunderclap"],"picked":"Flex+1","floor":24},{"not_picked":["Thunderclap"],"picked":"Headbutt+1","floor":27}],"player_experience":1504,"relics_obtained":[{"floor":9,"key":"Frozen Egg 2"},{"floor":10,"key":"StoneCalendar"},{"floor":12,"key":"Potion Belt"},{"floor":14,"key":"Dodecahedron"},{"floor":24,"key":"Letter Opener"},{"floor":26,"key":"Vajra"},{"floor":27,"key":"Red Mask"}],"event_choices":[{"damage_healed":0,"gold_gain":0,"player_choice":"Box","damage_taken":0,"relics_obtained":["Question Card"],"max_hp_gain":0,"max_hp_loss":0,"event_name":"Big Fish","floor":2,"gold_loss":0,"cards_obtained":["Regret"]},{"damage_healed":0,"gold_gain":30,"player_choice":"Searched \u00272\u0027 times","damage_taken":0,"max_hp_gain":0,"max_hp_loss":0,"event_name":"Dead Adventurer","floor":12,"gold_loss":0},{"damage_healed":0,"gold_gain":0,"player_choice":"Shed Blood","damage_taken":22,"max_hp_gain":5,"max_hp_loss":0,"event_name":"Forgotten Altar","floor":19,"gold_loss":0},{"damage_healed":0,"gold_gain":0,"player_choice":"Fought Bandits","damage_taken":0,"max_hp_gain":0,"max_hp_loss":0,"event_name":"Masked Bandits","floor":27,"gold_loss":0}],"is_beta":false,"boss_relics":[{"not_picked":["Lizard Tail","Runic Dome"],"picked":"Busted Crown"}],"items_purged_floors":[3,29],"is_endless":false,"potions_floor_spawned":[7,11,12,13,16,20,27],"ascension_level":0}