{"gold_per_floor":[110,110,110,35,35,64,74,74,74,90,115,127,154,177,189,275,287,314,326,338,369,381,393,436,448,460,472,484,59,59,79,79,153,153,166,166,15,34,44,44,44,71,71,106,106,139,155,183,183,183,183,183,183,18,44,44],"floor_reached":57,"playtime":3459,"items_purged":["Strike_B","Defend_B","Ball Lightning","Rainbow+1"],"score":3213,"play_id":"fed241e4-359c-4865-bb06-37627f4d1ec4","local_time":"20190818160143","is_ascension_mode":true,"campfire_choices":[{"data":"Sunder","floor":8.0,"key":"SMITH"},{"data":"Zap","floor":12.0,"key":"SMITH"},{"data":"Recycle","floor":15.0,"key":"SMITH"},{"data":"Coolheaded","floor":23.0,"key":"SMITH"},{"data":"Dualcast","floor":27.0,"key":"SMITH"},{"data":"Heatsinks","floor":30.0,"key":"SMITH"},{"data":"Turbo","floor":32.0,"key":"SMITH"},{"data":"Coolheaded","floor":40.0,"key":"SMITH"},{"floor":45,"key":"RECALL"},{"data":"Echo Form","floor":49,"key":"SMITH"},{"floor":53,"key":"REST"}],"neow_cost":"NONE","seed_source_timestamp":1806991494517180,"circlet_count":0,"master_deck":["AscendersBane","Zap+1","Dualcast+1","Sunder+1","Skim+1","Coolheaded+1","Recycle+1","Conserve Battery+1","BootSequence+1","Biased Cognition+1","Lockon+1","Chaos+1","Biased Cognition+1","Skim+1","Turbo+1","Hologram+1","Ghostly+1","Ghostly+1","Ghostly+1","Heatsinks+1","Amplify+1","Coolheaded+1","Seek+1","Heatsinks+1","Core Surge+1","Defragment+1","Glacier+1","Hologram+1","Glacier+1","Echo Form+1"],"special_seed":0,"relics":["Cracked Core","NeowsBlessing","Art of War","Smiling Mask","Meat on the Bone","MawBank","Astrolabe","Vajra","Kunai","Nilry\u0027s Codex","Membership Card","Nuclear Battery","Bag of Preparation","Mark of the Bloom","Gremlin Horn","Bottled Tornado","Centennial Puzzle","Pantograph","ClockworkSouvenir","Symbiotic Virus"],"potions_floor_usage":[50],"damage_taken":[{"damage":0.0,"enemies":"Small Slimes","floor":1.0,"turns":1.0},{"damage":0.0,"enemies":"3 Sentries","floor":6.0,"turns":1.0},{"damage":0.0,"enemies":"Jaw Worm","floor":7.0,"turns":1.0},{"damage":1.0,"enemies":"2 Louse","floor":10.0,"turns":2.0},{"damage":27.0,"enemies":"Gremlin Nob","floor":11.0,"turns":4.0},{"damage":13.0,"enemies":"Red Slaver","floor":13.0,"turns":3.0},{"damage":13.0,"enemies":"Large Slime","floor":14.0,"turns":5.0},{"damage":32.0,"enemies":"The Guardian","floor":16.0,"turns":14.0},{"damage":7.0,"enemies":"Chosen","floor":18.0,"turns":3.0},{"damage":17.0,"enemies":"3 Byrds","floor":21.0,"turns":3.0},{"damage":7.0,"enemies":"Slavers","floor":24.0,"turns":4.0},{"damage":0.0,"enemies":"3 Cultists","floor":31.0,"turns":4.0},{"damage":10.0,"enemies":"Automaton","floor":33.0,"turns":9.0},{"damage":11.0,"enemies":"3 Darklings","floor":35.0,"turns":5.0},{"damage":0.0,"enemies":"Orb Walker","floor":38.0,"turns":3.0},{"damage":0.0,"enemies":"Sphere and 2 Shapes","floor":39.0,"turns":2.0},{"damage":0,"enemies":"Reptomancer","floor":42,"turns":8},{"damage":0,"enemies":"Giant Head","floor":44,"turns":5},{"damage":0,"enemies":"Nemesis","floor":46,"turns":7},{"damage":0,"enemies":"3 Darklings","floor":47,"turns":3},{"damage":0,"enemies":"Reptomancer","floor":48,"turns":4},{"damage":0,"enemies":"Donu and Deca","floor":50,"turns":5},{"damage":0,"enemies":"Time Eater","floor":51,"turns":13},{"damage":7,"enemies":"Shield and Spear","floor":55,"turns":5},{"damage":8,"enemies":"The Heart","floor":56,"turns":8}],"seed_played":"935263164251166105","potions_obtained":[{"floor":7.0,"key":"Weak Potion"},{"floor":10.0,"key":"Weak Potion"},{"floor":13.0,"key":"Ancient Potion"},{"floor":16.0,"key":"SpeedPotion"},{"floor":24.0,"key":"Ancient Potion"},{"floor":35.0,"key":"Weak Potion"},{"floor":44,"key":"Energy Potion"},{"floor":55,"key":"Fire Potion"}],"is_trial":false,"path_per_floor":["M","?","?","$","?","E","M","R","T","M","E","R","M","M","R","B",null,"M","?","?","M","?","R","E","?","T","R","?","$","R","M","R","B",null,"M","?","$","M","M","R","?","E","T","E","R","E","M","E","R","B","B",null,"R","$","E","B",null],"character_chosen":"DEFECT","items_purchased":["Heatsinks","Membership Card","Amplify","Bag of Preparation","Defragment","ClockworkSouvenir"],"campfire_rested":1,"item_purchase_floors":[29,29,29,37,37,54],"current_hp_per_floor":[64,38,61,61,61,61,61,61,61,60,45,45,44,43,43,23,59,52,52,52,47,47,47,40,35,35,35,14,14,14,26,26,28,33,22,22,22,22,22,22,22,22,22,22,22,22,22,22,22,22,22,22,22,22,15,7],"gold":44,"neow_bonus":"THREE_ENEMY_KILL","is_prod":false,"is_daily":false,"chose_seed":false,"campfire_upgraded":9,"win_rate":0,"timestamp":1566115303,"path_taken":["M","?","?","$","?","E","M","R","T","M","E","R","M","M","R","BOSS","M","?","?","?","?","R","E","?","T","R","?","$","R","?","R","BOSS","M","?","$","M","?","R","?","E","T","E","R","E","M","E","R","BOSS","BOSS","R","$","E","BOSS"],"build_version":"2019-07-17","purchased_purges":4,"victory":true,"max_hp_per_floor":[71,71,71,71,71,71,71,71,71,71,71,71,71,71,71,71,71,71,71,71,71,71,71,71,35,35,35,35,35,35,35,35,35,35,35,35,35,35,35,35,35,35,35,35,35,35,35,35,35,35,35,35,35,35,35,35],"card_choices":[{"not_picked":["Beam Cell","Leap"],"picked":"Sunder","floor":1.0},{"not_picked":["Barrage","Turbo"],"picked":"Skim","floor":6.0},{"not_picked":["Ball Lightning","Sunder"],"picked":"Coolheaded","floor":7.0},{"not_picked":["Hologram","Rebound"],"picked":"Ball Lightning","floor":10.0},{"not_picked":["Biased Cognition","Lockon"],"picked":"Recycle","floor":11.0},{"not_picked":["Coolheaded","Ball Lightning"],"picked":"Conserve Battery","floor":13.0},{"not_picked":["Force Field","Hologram"],"picked":"BootSequence","floor":14.0},{"not_picked":["Core Surge","Fission"],"picked":"Biased Cognition","floor":16.0},{"not_picked":["Go for the Eyes","Stack","Conserve Battery"],"picked":"SKIP","floor":18.0},{"not_picked":["Cold Snap","Coolheaded"],"picked":"Turbo","floor":21.0},{"not_picked":["Cold Snap","Conserve Battery"],"picked":"Hologram","floor":24.0},{"not_picked":["Barrage","Hologram"],"picked":"Coolheaded","floor":31.0},{"not_picked":["Electrodynamics","Reboot"],"picked":"Seek","floor":33.0},{"not_picked":["Go for the Eyes+1","Sweeping Beam"],"picked":"Heatsinks","floor":35.0},{"not_picked":["Redo","Doom and Gloom"],"picked":"Glacier","floor":38.0},{"not_picked":["Conserve Battery","Barrage"],"picked":"Hologram","floor":39.0},{"not_picked":["Tempest","Leap","Defragment"],"picked":"SKIP","floor":42},{"not_picked":["Steam","Creative AI"],"picked":"Glacier+1","floor":44},{"not_picked":["Coolheaded","Reboot"],"picked":"Echo Form","floor":46},{"not_picked":["Ball Lightning","Tempest","Go for the Eyes"],"picked":"SKIP","floor":47},{"not_picked":["Conserve Battery+1","Tempest","Beam Cell+1"],"picked":"SKIP","floor":48},{"not_picked":["Amplify","Redo","Steam+1"],"picked":"SKIP","floor":55}],"player_experience":2198247,"relics_obtained":[{"floor":6.0,"key":"Smiling Mask"},{"floor":9.0,"key":"Meat on the Bone"},{"floor":11.0,"key":"MawBank"},{"floor":24.0,"key":"Vajra"},{"floor":26.0,"key":"Kunai"},{"floor":28.0,"key":"Nilry\u0027s Codex"},{"floor":42,"key":"Gremlin Horn"},{"floor":44,"key":"Bottled Tornado"},{"floor":46,"key":"Centennial Puzzle"},{"floor":48,"key":"Pantograph"},{"floor":55,"key":"Symbiotic Virus"}],"event_choices":[{"damage_healed":0.0,"max_hp_gain":0.0,"max_hp_loss":0.0,"gold_gain":0.0,"event_name":"Scrap Ooze","player_choice":"Success","floor":2.0,"gold_loss":0.0,"damage_taken":26.0,"relics_obtained":["Art of War"]},{"damage_healed":23.0,"max_hp_gain":0.0,"max_hp_loss":0.0,"gold_gain":0.0,"event_name":"Big Fish","player_choice":"Banana","floor":3.0,"gold_loss":0.0,"damage_taken":0.0},{"damage_healed":0.0,"max_hp_gain":0.0,"max_hp_loss":0.0,"gold_gain":0.0,"event_name":"Liars Game","player_choice":"Ignored","floor":5.0,"gold_loss":0.0,"damage_taken":0.0},{"damage_healed":0.0,"max_hp_gain":0.0,"max_hp_loss":0.0,"gold_gain":0.0,"cards_transformed":["Defend_B","Defend_B"],"event_name":"Drug Dealer","player_choice":"Became Test Subject","floor":19.0,"gold_loss":0.0,"damage_taken":0.0,"cards_obtained":["Rainbow","Sunder"]},{"damage_healed":0.0,"max_hp_gain":0.0,"max_hp_loss":0.0,"gold_gain":0.0,"event_name":"Duplicator","player_choice":"Copied","floor":20.0,"gold_loss":0.0,"damage_taken":0.0,"cards_obtained":["Skim"]},{"cards_removed":["Sunder"],"damage_healed":0.0,"max_hp_gain":0.0,"max_hp_loss":0.0,"gold_gain":0.0,"event_name":"Back to Basics","player_choice":"Elegance","floor":22.0,"gold_loss":0.0,"damage_taken":0.0},{"damage_healed":0.0,"max_hp_gain":0.0,"max_hp_loss":36.0,"gold_gain":0.0,"event_name":"Ghosts","player_choice":"Became a Ghost","floor":25.0,"gold_loss":0.0,"damage_taken":0.0,"cards_obtained":["Ghostly","Ghostly","Ghostly"]},{"damage_healed":0.0,"max_hp_gain":0.0,"max_hp_loss":0.0,"gold_gain":0.0,"event_name":"Cursed Tome","player_choice":"Obtained Book","floor":28.0,"gold_loss":0.0,"damage_taken":21.0},{"damage_healed":0.0,"max_hp_gain":0.0,"max_hp_loss":0.0,"gold_gain":0.0,"cards_transformed":["Defend_B"],"event_name":"Transmorgrifier","player_choice":"Transformed","floor":36.0,"gold_loss":0.0,"damage_taken":0.0,"cards_obtained":["Core Surge"]},{"damage_healed":0.0,"max_hp_gain":0.0,"max_hp_loss":0.0,"gold_gain":0.0,"event_name":"MindBloom","player_choice":"Upgrade","floor":41.0,"gold_loss":0.0,"damage_taken":0.0,"cards_upgraded":["Skim","Conserve Battery","BootSequence","Biased Cognition","Rainbow","Skim","Hologram","Ghostly","Ghostly","Ghostly","Amplify","Seek","Heatsinks","Core Surge","Defragment","Glacier","Hologram"],"relics_obtained":["Mark of the Bloom"]}],"is_beta":false,"boss_relics":[{"not_picked":["FrozenCore","Sozu"],"picked":"Astrolabe"},{"not_picked":["Snecko Eye","Velvet Choker"],"picked":"Nuclear Battery"}],"items_purged_floors":[4,29,37,54],"is_endless":false,"potions_floor_spawned":[7,10,13,16,24,31,35,39,44,47,55],"ascension_level":20}