{"gold_per_floor":[114,130,147,164,174,174,185,218,268,268,118,118,118,131,131,228,228,245,218,234,159,173,173,173,173,196,196,215,215,232,251,251,251],"floor_reached":33,"playtime":3467,"items_purged":["Juggernaut"],"score":273,"play_id":"a6c19069-2d92-4261-8011-0f48d5e6f8f6","local_time":"20190901072751","is_ascension_mode":false,"campfire_choices":[{"data":"Body Slam","floor":6,"key":"SMITH"},{"data":"Shrug It Off","floor":10,"key":"SMITH"},{"data":"Bash","floor":12,"key":"SMITH"},{"data":"Flex","floor":15,"key":"SMITH"},{"floor":24,"key":"REST"},{"floor":27,"key":"REST"},{"floor":32,"key":"REST"}],"neow_cost":"PERCENT_DAMAGE","seed_source_timestamp":355824039775600,"circlet_count":0,"master_deck":["Strike_R","Strike_R","Strike_R+1","Strike_R+1","Defend_R","Defend_R","Bash+1","Body Slam+1","Shrug It Off+1","Searing Blow","Flex+1","Flame Barrier+1","Twin Strike","Pommel Strike","Hemokinesis+1","Brutality+1","Juggernaut+1","Headbutt+1","Rampage","Clothesline+1","Cleave","Clothesline+1","Blood for Blood+1","Shrug It Off+1"],"relics":["Burning Blood","Mango","Omamori","Whetstone","Blood Vial","Astrolabe","Ancient Tea Set"],"potions_floor_usage":[16,22,23,31,31,33],"damage_taken":[{"damage":3,"enemies":"Jaw Worm","floor":1,"turns":6},{"damage":0,"enemies":"Small Slimes","floor":2,"turns":3},{"damage":2,"enemies":"Cultist","floor":3,"turns":4},{"damage":14,"enemies":"Large Slime","floor":4,"turns":9},{"damage":19,"enemies":"Lots of Slimes","floor":5,"turns":6},{"damage":2,"enemies":"Looter","floor":7,"turns":3},{"damage":28,"enemies":"Lagavulin","floor":8,"turns":8},{"damage":12,"enemies":"Blue Slaver","floor":14,"turns":3},{"damage":41,"enemies":"The Guardian","floor":16,"turns":11},{"damage":8,"enemies":"Chosen","floor":18,"turns":4},{"damage":25,"enemies":"2 Thieves","floor":19,"turns":5},{"damage":47,"enemies":"Centurion and Healer","floor":20,"turns":8},{"damage":22,"enemies":"Snecko","floor":22,"turns":4},{"damage":0,"enemies":"Slavers","floor":23,"turns":1},{"damage":30,"enemies":"Shelled Parasite and Fungi","floor":28,"turns":6},{"damage":21,"enemies":"Snake Plant","floor":30,"turns":4},{"damage":36,"enemies":"Centurion and Healer","floor":31,"turns":9},{"damage":84,"enemies":"Collector","floor":33,"turns":7}],"seed_played":"-5605287582574005810","potions_obtained":[{"floor":2,"key":"SmokeBomb"},{"floor":5,"key":"SteroidPotion"},{"floor":8,"key":"Weak Potion"},{"floor":14,"key":"AttackPotion"},{"floor":19,"key":"SteroidPotion"},{"floor":22,"key":"BloodPotion"},{"floor":30,"key":"Weak Potion"}],"is_trial":false,"path_per_floor":["M","M","M","M","M","R","M","E","T","R","$","R","?","M","R","B",null,"M","M","M","$","M","E","R","?","T","R","M","?","M","M","R","B"],"character_chosen":"IRONCLAD","items_purchased":["Blood Vial"],"campfire_rested":3,"item_purchase_floors":[11],"current_hp_per_floor":[73,79,83,75,62,62,66,44,44,44,44,44,44,40,40,7,94,92,75,36,36,22,30,58,58,58,86,64,64,51,23,51,0],"gold":251,"neow_bonus":"ONE_RARE_RELIC","is_prod":false,"is_daily":false,"chose_seed":false,"campfire_upgraded":4,"win_rate":0.0,"timestamp":1567337271,"path_taken":["M","M","M","M","M","R","M","E","T","R","$","R","?","M","R","BOSS","M","M","M","$","M","E","R","?","T","R","M","?","M","M","R","BOSS"],"build_version":"2019-07-17","purchased_purges":1,"victory":false,"max_hp_per_floor":[94,94,94,94,94,94,94,94,94,94,94,94,94,94,94,94,94,94,94,94,94,94,94,94,94,94,94,94,94,94,94,94,94],"card_choices":[{"not_picked":["Cleave","Sword Boomerang"],"picked":"Body Slam","floor":1},{"not_picked":["Second Wind","Warcry"],"picked":"Shrug It Off","floor":2},{"not_picked":["Heavy Blade","Armaments"],"picked":"Searing Blow","floor":3},{"not_picked":["Wild Strike","Battle Trance"],"picked":"Flex","floor":4},{"not_picked":["Pommel Strike","Pummel"],"picked":"Flame Barrier","floor":5},{"not_picked":["True Grit","Perfected Strike"],"picked":"Twin Strike","floor":7},{"not_picked":["Fiend Fire","Dual Wield","Power Through"],"picked":"SKIP","floor":8},{"not_picked":["True Grit","Hemokinesis"],"picked":"Pommel Strike","floor":14},{"not_picked":["Berserk","Double Tap"],"picked":"Juggernaut","floor":16},{"not_picked":["Corruption","Anger"],"picked":"Headbutt+1","floor":18},{"not_picked":["True Grit","Headbutt"],"picked":"Rampage","floor":19},{"not_picked":["Heavy Blade","Flex"],"picked":"Clothesline+1","floor":20},{"not_picked":["Pommel Strike","Infernal Blade+1"],"picked":"Cleave","floor":22},{"not_picked":["Flex","Second Wind"],"picked":"Clothesline+1","floor":28},{"not_picked":["Ghostly Armor","Clothesline"],"picked":"Blood for Blood+1","floor":30},{"not_picked":["Thunderclap","Berserk"],"picked":"Shrug It Off+1","floor":31}],"player_experience":35715,"relics_obtained":[{"floor":8,"key":"Omamori"},{"floor":9,"key":"Whetstone"},{"floor":26,"key":"Ancient Tea Set"}],"event_choices":[{"damage_healed":0,"gold_gain":0,"player_choice":"Grow","damage_taken":0,"max_hp_gain":0,"max_hp_loss":0,"event_name":"Living Wall","floor":13,"gold_loss":0,"cards_upgraded":["Flame Barrier"]},{"damage_healed":0,"gold_gain":0,"player_choice":"Ignored","damage_taken":0,"max_hp_gain":0,"max_hp_loss":0,"event_name":"Vampires","floor":25,"gold_loss":0},{"damage_healed":0,"gold_gain":0,"player_choice":"Ignored","damage_taken":0,"max_hp_gain":0,"max_hp_loss":0,"event_name":"Ghosts","floor":29,"gold_loss":0}],"is_beta":false,"boss_relics":[{"not_picked":["Ectoplasm","Busted Crown"],"picked":"Astrolabe"}],"items_purged_floors":[21],"is_endless":false,"potions_floor_spawned":[2,3,5,8,14,19,22,23,30],"killed_by":"Collector","ascension_level":0}