{"gold_per_floor":[109,121,121,121,121,121,155,213,236,236,256,256,256,284,284,358,358,369,369,50,50,50,50,80,80,80,80,115,165,177,195,195,272,272,292,306,143,143,143,178,178,178,204,229,229,229,229,255,255,255,255,255,255,4,39,39],"floor_reached":57,"playtime":3800,"items_purged":["Strike_B","Strike_B"],"score":3327,"play_id":"8693e028-b507-4a38-aa6c-f473350b823e","local_time":"20190731213624","is_ascension_mode":true,"campfire_choices":[{"data":"Dualcast","floor":6.0,"key":"SMITH"},{"data":"Turbo","floor":10.0,"key":"SMITH"},{"data":"Biased Cognition","floor":13.0,"key":"SMITH"},{"data":"Coolheaded","floor":15.0,"key":"SMITH"},{"data":"Skim","floor":23.0,"key":"SMITH"},{"data":"Ghostly","floor":25.0,"key":"SMITH"},{"data":"Double Energy","floor":32.0,"key":"SMITH"},{"data":"Loop","floor":41.0,"key":"SMITH"},{"floor":45.0,"key":"RECALL"},{"data":"Discovery","floor":47.0,"key":"SMITH"},{"data":"Aggregate","floor":49.0,"key":"SMITH"},{"data":"Impatience","floor":53.0,"key":"SMITH"}],"neow_cost":"NONE","seed_source_timestamp":270761437442127,"circlet_count":0,"master_deck":["AscendersBane","Strike_B","Defend_B","Defend_B","Defend_B+1","Defend_B","Dualcast+1","Auto Shields","Turbo+1","Biased Cognition+1","Skim+1","Tempest","Coolheaded+1","Core Surge","Ball Lightning","Ghostly+1","Ghostly","Ghostly+1","Double Energy+1","Chaos+1","Coolheaded","Heatsinks+1","Coolheaded+1","Echo Form","Skim","Loop+1","Force Field","Gash","BootSequence+1","White Noise+1","Aggregate+1","Stack+1","All For One","Hologram+1","Impatience+1","Panacea+1","Discovery+1","Go for the Eyes+1","Jack Of All Trades","Loop+1"],"special_seed":0,"relics":["Cracked Core","NeowsBlessing","Anchor","Juzu Bracelet","Omamori","FossilizedHelix","Bottled Lightning","Runic Pyramid","Prayer Wheel","Nunchaku","PreservedInsect","Bag of Preparation","Orrery","Ancient Tea Set","Meat on the Bone","War Paint","Sundial"],"potions_floor_usage":[56],"damage_taken":[{"damage":0.0,"enemies":"Small Slimes","floor":1.0,"turns":1.0},{"damage":0.0,"enemies":"2 Louse","floor":2.0,"turns":1.0},{"damage":0.0,"enemies":"Gremlin Nob","floor":7.0,"turns":1.0},{"damage":19.0,"enemies":"3 Sentries","floor":8.0,"turns":6.0},{"damage":0.0,"enemies":"Cultist","floor":11.0,"turns":3.0},{"damage":0.0,"enemies":"Lagavulin","floor":14.0,"turns":6.0},{"damage":29.0,"enemies":"The Guardian","floor":16.0,"turns":14.0},{"damage":0.0,"enemies":"Shell Parasite","floor":18.0,"turns":4.0},{"damage":0.0,"enemies":"Book of Stabbing","floor":24.0,"turns":4.0},{"damage":0.0,"enemies":"Gremlin Leader","floor":28.0,"turns":4.0},{"damage":4.0,"enemies":"3 Byrds","floor":30.0,"turns":4.0},{"damage":0.0,"enemies":"Snake Plant","floor":31.0,"turns":4.0},{"damage":0.0,"enemies":"Champ","floor":33.0,"turns":13.0},{"damage":2.0,"enemies":"3 Darklings","floor":35.0,"turns":5.0},{"damage":0.0,"enemies":"3 Shapes","floor":36.0,"turns":5.0},{"damage":0.0,"enemies":"Reptomancer","floor":40.0,"turns":7.0},{"damage":0.0,"enemies":"Giant Head","floor":44.0,"turns":6.0},{"damage":0.0,"enemies":"Reptomancer","floor":48.0,"turns":3.0},{"damage":20.0,"enemies":"Awakened One","floor":50.0,"turns":10.0},{"damage":0.0,"enemies":"Donu and Deca","floor":51.0,"turns":15.0},{"damage":0.0,"enemies":"Shield and Spear","floor":55.0,"turns":6.0},{"damage":24,"enemies":"The Heart","floor":56,"turns":13}],"seed_played":"-3868684138931003643","potions_obtained":[{"floor":1.0,"key":"Regen Potion"},{"floor":2.0,"key":"Ancient Potion"},{"floor":8.0,"key":"Dexterity Potion"},{"floor":16.0,"key":"Strength Potion"}],"is_trial":false,"path_per_floor":["M","M","?","?","?","R","E","?","T","R","M","T","R","E","R","B",null,"M","?","$","?","?","R","E","R","T","?","E","?","M","M","R","B",null,"M","M","$","?","?","E","R","?","T","E","R","?","R","E","R","B","B",null,"R","$","E","B",null],"character_chosen":"DEFECT","items_purchased":["Prayer Wheel","All For One","Jack Of All Trades","Fire Potion"],"campfire_rested":0,"item_purchase_floors":[20,37,54,54],"current_hp_per_floor":[64,64,64,64,43,43,43,38,38,38,38,38,38,38,38,9,56,56,56,56,35,35,35,35,35,35,35,35,35,31,31,31,31,34,32,32,32,32,32,32,32,22,22,22,22,22,22,22,22,14,26,31,31,31,31,19],"gold":39,"neow_bonus":"THREE_ENEMY_KILL","is_prod":false,"is_daily":false,"chose_seed":false,"campfire_upgraded":11,"win_rate":0,"timestamp":1564580184,"path_taken":["M","M","?","?","?","R","E","?","T","R","M","?","R","E","R","BOSS","M","?","$","?","?","R","E","R","T","?","E","?","M","M","R","BOSS","M","M","$","?","?","E","R","?","T","E","R","?","R","E","R","BOSS","BOSS","R","$","E","BOSS"],"build_version":"2019-07-17","purchased_purges":2,"victory":true,"max_hp_per_floor":[71,71,71,71,71,71,71,71,71,71,71,71,71,71,71,71,71,71,71,71,35,35,35,35,35,35,35,35,35,35,35,35,35,35,35,35,35,35,35,35,35,35,35,35,35,33,33,33,33,33,33,33,33,33,33,33],"card_choices":[{"not_picked":["Force Field","FTL"],"picked":"Auto Shields","floor":1.0},{"not_picked":["Leap","Sweeping Beam"],"picked":"Turbo","floor":2.0},{"not_picked":["Rip and Tear","Gash"],"picked":"Skim","floor":7.0},{"not_picked":["Loop","Doom and Gloom"],"picked":"Tempest","floor":8.0},{"not_picked":["Stack","FTL","Steam"],"picked":"SKIP","floor":11.0},{"not_picked":["Sweeping Beam","Static Discharge"],"picked":"Coolheaded","floor":14.0},{"not_picked":["Amplify","Creative AI"],"picked":"Core Surge","floor":16.0},{"not_picked":["Turbo","Coolheaded"],"picked":"Ball Lightning","floor":18.0},{"not_picked":["Sweeping Beam","Beam Cell"],"picked":"Double Energy","floor":24.0},{"not_picked":["White Noise","Electrodynamics"],"picked":"Chaos+1","floor":28.0},{"not_picked":["Gash","Hello World"],"picked":"Coolheaded","floor":30.0},{"not_picked":["Rip and Tear","Leap","Steam Power"],"picked":"SKIP","floor":30.0},{"not_picked":["Force Field","Beam Cell+1"],"picked":"Heatsinks+1","floor":31.0},{"not_picked":["Gash","Cold Snap"],"picked":"Coolheaded+1","floor":31.0},{"not_picked":["All For One","Core Surge"],"picked":"Echo Form","floor":33.0},{"not_picked":["Cold Snap","Rip and Tear"],"picked":"Skim","floor":34.0},{"not_picked":["Ball Lightning","Go for the Eyes"],"picked":"Loop","floor":34.0},{"not_picked":["Barrage","Streamline"],"picked":"Force Field","floor":34.0},{"not_picked":["Sunder","Sweeping Beam"],"picked":"Gash","floor":34.0},{"not_picked":["Hyperbeam","Skim"],"picked":"BootSequence+1","floor":35.0},{"not_picked":["Leap","Rip and Tear"],"picked":"White Noise+1","floor":35.0},{"not_picked":["Rip and Tear","BootSequence"],"picked":"Aggregate","floor":36.0},{"not_picked":["Go for the Eyes","Steam Power"],"picked":"Stack+1","floor":36.0},{"not_picked":["Auto Shields+1","Self Repair"],"picked":"Hologram+1","floor":40.0},{"not_picked":["Jack Of All Trades","Thinking Ahead"],"picked":"Impatience","floor":42.0},{"not_picked":["Mind Blast","Bandage Up"],"picked":"Panacea","floor":42.0},{"not_picked":["Dark Shackles","Forethought"],"picked":"Discovery","floor":42.0},{"not_picked":["Conserve Battery","Beam Cell"],"picked":"Go for the Eyes+1","floor":44.0},{"not_picked":["Stack","Hologram","Storm"],"picked":"SKIP","floor":48.0},{"not_picked":["Steam Power","Self Repair"],"picked":"Loop+1","floor":55.0}],"player_experience":2095224,"relics_obtained":[{"floor":7.0,"key":"Anchor"},{"floor":8.0,"key":"Juzu Bracelet"},{"floor":9.0,"key":"Omamori"},{"floor":12.0,"key":"FossilizedHelix"},{"floor":14.0,"key":"Bottled Lightning"},{"floor":24.0,"key":"Nunchaku"},{"floor":26.0,"key":"PreservedInsect"},{"floor":28.0,"key":"Bag of Preparation"},{"floor":40.0,"key":"Ancient Tea Set"},{"floor":44.0,"key":"Meat on the Bone"},{"floor":48.0,"key":"War Paint"},{"floor":55.0,"key":"Sundial"}],"event_choices":[{"damage_healed":0.0,"max_hp_gain":0.0,"max_hp_loss":0.0,"gold_gain":0.0,"event_name":"Liars Game","player_choice":"Ignored","floor":3.0,"gold_loss":0.0,"damage_taken":0.0},{"damage_healed":0.0,"max_hp_gain":0.0,"max_hp_loss":0.0,"gold_gain":0.0,"cards_transformed":["Strike_B"],"event_name":"Living Wall","player_choice":"Change","floor":4.0,"gold_loss":0.0,"damage_taken":0.0,"cards_obtained":["Biased Cognition"]},{"damage_healed":0.0,"max_hp_gain":0.0,"max_hp_loss":0.0,"gold_gain":0.0,"event_name":"Shining Light","player_choice":"Entered Light","floor":5.0,"gold_loss":0.0,"damage_taken":21.0,"cards_upgraded":["Defend_B","Zap"]},{"damage_healed":0.0,"max_hp_gain":0.0,"max_hp_loss":0.0,"gold_gain":30.0,"event_name":"Dead Adventurer","player_choice":"Searched \u00272\u0027 times","floor":8.0,"gold_loss":0.0,"damage_taken":0.0},{"damage_healed":0.0,"max_hp_gain":0.0,"max_hp_loss":0.0,"gold_gain":0.0,"event_name":"The Mausoleum","player_choice":"Ignored","floor":19.0,"gold_loss":0.0,"damage_taken":0.0},{"damage_healed":0.0,"max_hp_gain":0.0,"max_hp_loss":36.0,"gold_gain":0.0,"event_name":"Ghosts","player_choice":"Became a Ghost","floor":21.0,"gold_loss":0.0,"damage_taken":0.0,"cards_obtained":["Ghostly","Ghostly","Ghostly"]},{"damage_healed":0.0,"max_hp_gain":0.0,"max_hp_loss":0.0,"gold_gain":0.0,"event_name":"N\u0027loth","player_choice":"Ignored","floor":27.0,"gold_loss":0.0,"damage_taken":0.0},{"damage_healed":0.0,"max_hp_gain":0.0,"max_hp_loss":0.0,"gold_gain":50.0,"event_name":"Nest","player_choice":"Stole From Cult","floor":29.0,"gold_loss":0.0,"damage_taken":0.0},{"damage_healed":0.0,"max_hp_gain":0.0,"max_hp_loss":0.0,"gold_gain":0.0,"event_name":"Tomb of Lord Red Mask","player_choice":"Ignored","floor":38.0,"gold_loss":0.0,"damage_taken":0.0},{"cards_removed":["Zap"],"damage_healed":0.0,"max_hp_gain":0.0,"max_hp_loss":0.0,"gold_gain":0.0,"event_name":"Falling","player_choice":"Removed Skill","floor":39.0,"gold_loss":0.0,"damage_taken":0.0},{"damage_healed":0.0,"max_hp_gain":0.0,"max_hp_loss":0.0,"gold_gain":0.0,"event_name":"SensoryStone","player_choice":"Memory 3","floor":42.0,"gold_loss":0.0,"damage_taken":10.0},{"damage_healed":0.0,"max_hp_gain":0.0,"max_hp_loss":2.0,"gold_gain":0.0,"event_name":"Winding Halls","player_choice":"Max HP","floor":46.0,"gold_loss":0.0,"damage_taken":0.0}],"is_beta":false,"boss_relics":[{"not_picked":["Snecko Eye","Eternal Feather"],"picked":"Runic Pyramid"},{"not_picked":["Cursed Key","Velvet Choker"],"picked":"Orrery"}],"items_purged_floors":[37,54],"is_endless":false,"potions_floor_spawned":[1,2,8,16,18,30,36,48],"ascension_level":20}