{"gold_per_floor":[111,111,130,148,168,168,58,58,58,69,89,89,89,124,124,227,227,244,271,255,275,65,65,85,85,131,131,131,59,59,76,76,76],"floor_reached":33,"playtime":1697,"items_purged":["Strike_G"],"score":247,"play_id":"699ac382-e7b6-401c-a15a-347cfe5b9ade","local_time":"20190829010806","is_ascension_mode":false,"campfire_choices":[{"data":"Neutralize","floor":6,"key":"SMITH"},{"data":"Accuracy","floor":8,"key":"SMITH"},{"floor":12,"key":"REST"},{"floor":15,"key":"REST"},{"floor":23,"key":"REST"},{"floor":25,"key":"REST"},{"data":"Infinite Blades","floor":28,"key":"SMITH"},{"floor":32,"key":"REST"}],"neow_cost":"NONE","seed_source_timestamp":1301622643663590,"circlet_count":0,"master_deck":["Strike_G","Strike_G","Defend_G","Defend_G","Defend_G","Defend_G","Defend_G","Survivor","Neutralize+1","Choke","Infinite Blades+1","Cloak And Dagger","Finisher","Accuracy+1","Escape Plan","Blade Dance","Accuracy","All Out Attack","Tools of the Trade+1","Parasite","PiercingWail","Backflip","Sucker Punch+1","Blade Dance","Burst","Backflip","Die Die Die","Corpse Explosion","Well Laid Plans+1","Infinite Blades+1"],"relics":["Ring of the Snake","NeowsBlessing","Omamori","Frozen Egg 2","Anchor","Calling Bell","Bronze Scales","Dodecahedron","Ice Cream","Red Mask","Boot"],"potions_floor_usage":[16,18,21,33,33],"damage_taken":[{"damage":0,"enemies":"Jaw Worm","floor":1,"turns":1},{"damage":0,"enemies":"Small Slimes","floor":3,"turns":1},{"damage":0,"enemies":"Cultist","floor":4,"turns":1},{"damage":16,"enemies":"Exordium Wildlife","floor":5,"turns":7},{"damage":4,"enemies":"Blue Slaver","floor":10,"turns":4},{"damage":18,"enemies":"Exordium Thugs","floor":11,"turns":4},{"damage":18,"enemies":"3 Sentries","floor":14,"turns":7},{"damage":51,"enemies":"The Guardian","floor":16,"turns":10},{"damage":3,"enemies":"Chosen","floor":18,"turns":5},{"damage":38,"enemies":"Masked Bandits","floor":19,"turns":4},{"damage":4,"enemies":"2 Thieves","floor":20,"turns":4},{"damage":26,"enemies":"Snecko","floor":21,"turns":7},{"damage":22,"enemies":"Chosen and Byrds","floor":24,"turns":6},{"damage":23,"enemies":"3 Cultists","floor":31,"turns":4},{"damage":29,"enemies":"Automaton","floor":33,"turns":8}],"seed_played":"3095153972119781926","potions_obtained":[{"floor":1,"key":"SpeedPotion"},{"floor":4,"key":"SpeedPotion"},{"floor":10,"key":"Regen Potion"},{"floor":16,"key":"GhostInAJar"},{"floor":19,"key":"FearPotion"},{"floor":21,"key":"Swift Potion"}],"is_trial":false,"path_per_floor":["M","?","M","M","M","R","$","R","T","M","M","R","?","E","R","B",null,"M","?","M","M","$","R","M","R","T","?","R","$","?","M","R","B"],"character_chosen":"THE_SILENT","items_purchased":["Accuracy","Escape Plan","Burst","Well Laid Plans+1"],"campfire_rested":5,"item_purchase_floors":[7,7,22,29],"current_hp_per_floor":[70,70,70,70,54,54,54,54,54,50,32,53,53,35,56,5,70,67,29,25,11,11,32,10,31,31,31,31,31,31,8,29,0],"gold":76,"neow_bonus":"THREE_ENEMY_KILL","is_prod":false,"is_daily":false,"chose_seed":false,"campfire_upgraded":3,"win_rate":0,"timestamp":1567033686,"path_taken":["M","?","M","M","M","R","$","R","T","M","M","R","?","E","R","BOSS","M","?","M","M","$","R","M","R","T","?","R","$","?","?","R","BOSS"],"build_version":"2019-07-17","purchased_purges":1,"victory":false,"max_hp_per_floor":[70,70,70,70,70,70,70,70,70,70,70,70,70,70,70,70,70,70,70,70,70,70,70,70,70,70,70,70,70,70,70,70,70],"card_choices":[{"not_picked":["Calculated Gamble","Outmaneuver"],"picked":"Choke","floor":1},{"not_picked":["Outmaneuver","Dagger Spray"],"picked":"Infinite Blades","floor":3},{"not_picked":["Outmaneuver","Acrobatics"],"picked":"Cloak And Dagger","floor":4},{"not_picked":["Endless Agony","Bouncing Flask"],"picked":"Finisher","floor":5},{"not_picked":["Deadly Poison","Bane"],"picked":"Blade Dance","floor":10},{"not_picked":["Underhanded Strike","Reflex"],"picked":"Accuracy","floor":11},{"not_picked":["Deadly Poison","Outmaneuver"],"picked":"All Out Attack","floor":14},{"not_picked":["Wraith Form v2+1","Phantasmal Killer"],"picked":"Tools of the Trade+1","floor":16},{"not_picked":["Slice","Backstab"],"picked":"PiercingWail","floor":18},{"not_picked":["Poisoned Stab","Escape Plan"],"picked":"Backflip","floor":19},{"not_picked":["Dodge and Roll","Riddle With Holes"],"picked":"Sucker Punch+1","floor":20},{"not_picked":["Outmaneuver+1","Dagger Spray"],"picked":"Blade Dance","floor":21},{"not_picked":["Flying Knee","Dagger Throw+1"],"picked":"Backflip","floor":24},{"not_picked":["Bane","Dodge and Roll","Predator"],"picked":"SKIP","floor":31}],"player_experience":73221,"relics_obtained":[{"floor":9,"key":"Omamori"},{"floor":14,"key":"Anchor"},{"floor":17,"key":"Bronze Scales"},{"floor":17,"key":"Dodecahedron"},{"floor":17,"key":"Ice Cream"},{"floor":19,"key":"Red Mask"},{"floor":26,"key":"Boot"}],"event_choices":[{"damage_healed":0,"gold_gain":0,"player_choice":"Fled","damage_taken":0,"max_hp_gain":0,"max_hp_loss":0,"event_name":"Scrap Ooze","floor":2,"gold_loss":0},{"damage_healed":0,"gold_gain":0,"player_choice":"Searched \u00272\u0027 times","damage_taken":0,"relics_obtained":["Frozen Egg 2"],"max_hp_gain":0,"max_hp_loss":0,"event_name":"Dead Adventurer","floor":13,"gold_loss":0},{"damage_healed":0,"gold_gain":0,"player_choice":"Fought Bandits","damage_taken":0,"max_hp_gain":0,"max_hp_loss":0,"event_name":"Masked Bandits","floor":19,"gold_loss":0},{"damage_healed":0,"gold_gain":0,"cards_transformed":["Strike_G","Strike_G"],"player_choice":"Became Test Subject","damage_taken":0,"max_hp_gain":0,"max_hp_loss":0,"event_name":"Drug Dealer","floor":27,"gold_loss":0,"cards_obtained":["Die Die Die","Corpse Explosion"]},{"damage_healed":0,"gold_gain":0,"player_choice":"Copied","damage_taken":0,"max_hp_gain":0,"max_hp_loss":0,"event_name":"Duplicator","floor":30,"gold_loss":0,"cards_obtained":["Infinite Blades"]}],"is_beta":false,"boss_relics":[{"not_picked":["Fusion Hammer","Ectoplasm"],"picked":"Calling Bell"}],"items_purged_floors":[22],"is_endless":false,"potions_floor_spawned":[1,4,10,16,19,21,31],"killed_by":"Automaton","ascension_level":0}