{"gold_per_floor":[119,133,151,121,134,169,182,182,208,224,240,240,240,255,255,357,357,332,114,39,39,57,57,71,71,71,91,20,20,38,58,58,58],"floor_reached":33,"playtime":1933,"items_purged":["Defend_G"],"score":253,"play_id":"7e0be205-c201-4257-9d57-13053c2640d0","local_time":"20190523164923","is_ascension_mode":false,"campfire_choices":[{"floor":8,"key":"REST"},{"floor":12,"key":"REST"},{"floor":15,"key":"REST"},{"data":"Finisher","floor":23,"key":"SMITH"},{"data":"Accuracy","floor":29,"key":"SMITH"},{"floor":32,"key":"REST"}],"neow_cost":"NONE","seed_source_timestamp":16602885073693,"circlet_count":0,"master_deck":["Defend_G","Defend_G","Defend_G","Defend_G","Strike_G","Strike_G","Strike_G","Survivor","Neutralize","Leg Sweep","Finisher+1","Cloak And Dagger","Dagger Spray","Blade Dance","Cloak And Dagger","Slice","Expertise","Blade Dance","Cloak And Dagger","Footwork","Pain","Backstab","Finisher","Accuracy+1","A Thousand Cuts"],"relics":["Ring of the Snake","Art of War","Vajra","Sozu","WarpedTongs","Toxic Egg 2"],"potions_floor_usage":[],"damage_taken":[{"damage":4,"enemies":"Cultist","floor":1,"turns":5},{"damage":0,"enemies":"Small Slimes","floor":2,"turns":3},{"damage":0,"enemies":"2 Louse","floor":3,"turns":1},{"damage":0,"enemies":"Looter","floor":4,"turns":4},{"damage":25,"enemies":"Gremlin Gang","floor":5,"turns":4},{"damage":39,"enemies":"Gremlin Nob","floor":6,"turns":6},{"damage":0,"enemies":"2 Fungi Beasts","floor":7,"turns":3},{"damage":1,"enemies":"Blue Slaver","floor":10,"turns":3},{"damage":8,"enemies":"Large Slime","floor":11,"turns":6},{"damage":0,"enemies":"3 Louse","floor":14,"turns":3},{"damage":51,"enemies":"Slime Boss","floor":16,"turns":12},{"damage":4,"enemies":"2 Thieves","floor":18,"turns":5},{"damage":11,"enemies":"Spheric Guardian","floor":22,"turns":3},{"damage":2,"enemies":"Snecko","floor":24,"turns":3},{"damage":11,"enemies":"Centurion and Healer","floor":27,"turns":6},{"damage":2,"enemies":"Sentry and Sphere","floor":30,"turns":3},{"damage":25,"enemies":"Snake Plant","floor":31,"turns":3},{"damage":47,"enemies":"Champ","floor":33,"turns":8}],"seed_played":"3875872580177660346","potions_obtained":[{"floor":2,"key":"Dexterity Potion"},{"floor":3,"key":"Swift Potion"},{"floor":5,"key":"FearPotion"}],"is_trial":false,"path_per_floor":["M","M","M","M","M","E","M","R","T","M","M","R","?","M","R","B",null,"M","$","?","?","M","R","M","?","T","M","$","R","M","M","R","B"],"character_chosen":"THE_SILENT","items_purchased":["Blade Dance","Cloak And Dagger","Footwork","Accuracy"],"campfire_rested":4,"item_purchase_floors":[19,19,19,28],"current_hp_per_floor":[66,66,66,66,41,2,2,23,23,22,14,35,35,35,56,5,70,66,66,66,66,55,55,53,53,53,42,42,42,40,15,36,0],"gold":58,"neow_bonus":"TRANSFORM_CARD","is_prod":false,"is_daily":false,"chose_seed":false,"campfire_upgraded":2,"win_rate":0,"timestamp":1558655363,"path_taken":["M","M","M","M","M","E","M","R","T","?","M","R","?","M","R","BOSS","M","$","?","?","M","R","?","?","T","M","$","R","M","M","R","BOSS"],"build_version":"2019-01-23","purchased_purges":1,"victory":false,"max_hp_per_floor":[70,70,70,70,70,70,70,70,70,70,70,70,70,70,70,70,70,70,70,70,70,70,70,70,70,70,70,70,70,70,70,70,70],"card_choices":[{"not_picked":["Dagger Throw","Outmaneuver"],"picked":"Finisher","floor":1},{"not_picked":["Predator","Quick Slash"],"picked":"Cloak And Dagger","floor":2},{"not_picked":["Predator","Outmaneuver"],"picked":"Dagger Spray","floor":3},{"not_picked":["Sucker Punch","Heel Hook","Well Laid Plans"],"picked":"SKIP","floor":4},{"not_picked":["PiercingWail","Venomology","Setup"],"picked":"SKIP","floor":5},{"not_picked":["Acrobatics","Flying Knee"],"picked":"Blade Dance","floor":6},{"not_picked":["Dagger Spray","Footwork"],"picked":"Cloak And Dagger","floor":7},{"not_picked":["Sucker Punch","Caltrops","Escape Plan"],"picked":"SKIP","floor":10},{"not_picked":["Quick Slash","Terror","Expertise"],"picked":"SKIP","floor":11},{"not_picked":["Acrobatics","Leg Sweep"],"picked":"Slice","floor":14},{"not_picked":["Catalyst","Concentrate"],"picked":"Expertise","floor":18},{"not_picked":["Outmaneuver+1","Tactician"],"picked":"Backstab","floor":22},{"not_picked":["Backstab","Dodge and Roll","Deadly Poison+1"],"picked":"SKIP","floor":24},{"not_picked":["Backflip+1","Acrobatics+1"],"picked":"Finisher","floor":27},{"not_picked":["Reflex+1","Dodge and Roll+1"],"picked":"A Thousand Cuts","floor":30},{"not_picked":["Finisher","Poisoned Stab","Distraction+1"],"picked":"SKIP","floor":31}],"player_experience":152684,"relics_obtained":[{"floor":6,"key":"Art of War"},{"floor":9,"key":"Vajra"},{"floor":26,"key":"Toxic Egg 2"}],"event_choices":[{"damage_healed":0,"gold_gain":0,"player_choice":"Ignored","damage_taken":0,"max_hp_gain":0,"max_hp_loss":0,"event_name":"Golden Idol","floor":13,"gold_loss":0},{"cards_removed":["Strike_G"],"damage_healed":0,"gold_gain":0,"player_choice":"Gave Gold","damage_taken":0,"max_hp_gain":0,"max_hp_loss":0,"event_name":"Beggar","floor":20,"gold_loss":75},{"damage_healed":0,"gold_gain":0,"player_choice":"Rummage","damage_taken":0,"relics_obtained":["WarpedTongs"],"max_hp_gain":0,"max_hp_loss":0,"event_name":"Accursed Blacksmith","floor":21,"gold_loss":0,"cards_obtained":["Pain"]},{"damage_healed":0,"gold_gain":0,"player_choice":"Ignored","damage_taken":0,"max_hp_gain":0,"max_hp_loss":0,"event_name":"Ghosts","floor":25,"gold_loss":0}],"is_beta":false,"boss_relics":[{"not_picked":["Velvet Choker","Runic Pyramid"],"picked":"Sozu"}],"items_purged_floors":[19],"is_endless":false,"potions_floor_spawned":[2,3,5,11,18,22,24],"killed_by":"Champ","ascension_level":0}