{"gold_per_floor":[110,110,124,124,124,158,158,158,203,235,251,251,262,287,287,388,388,402,402,421,421,432,432,432,461,461,461,362,395,395],"floor_reached":30,"playtime":2631,"items_purged":["Predator"],"score":342,"play_id":"0f92a4ce-70f1-4924-b377-79593789d372","local_time":"20190822215643","is_ascension_mode":true,"campfire_choices":[{"floor":7,"key":"REST"},{"floor":15,"key":"REST"},{"floor":23,"key":"REST"},{"floor":27,"key":"REST"}],"neow_cost":"NONE","seed_source_timestamp":788327092673475,"circlet_count":0,"master_deck":["Strike_G+1","Strike_G","Defend_G","Defend_G","Defend_G","Defend_G","Defend_G","Survivor","Neutralize","Finisher","Well Laid Plans","Flying Knee+1","Dagger Throw","Dagger Throw","Deadly Poison","Crippling Poison","Corpse Explosion","Bane+1","Endless Agony","Heel Hook","Flying Knee","Backstab","Bane","Dodge and Roll+1"],"relics":["Ring of the Snake","NeowsBlessing","Snake Skull","Letter Opener","Whetstone","Omamori","Girya","Lizard Tail","Matryoshka","Happy Flower","Strawberry","Question Card","Frozen Egg 2"],"potions_floor_usage":[18,19,19,25,30],"damage_taken":[{"damage":0,"enemies":"Small Slimes","floor":1,"turns":1},{"damage":0,"enemies":"Jaw Worm","floor":3,"turns":1},{"damage":0,"enemies":"Lagavulin","floor":6,"turns":1},{"damage":6,"enemies":"Gremlin Nob","floor":10,"turns":4},{"damage":1,"enemies":"2 Louse","floor":11,"turns":4},{"damage":11,"enemies":"Lots of Slimes","floor":13,"turns":3},{"damage":8,"enemies":"Lagavulin","floor":14,"turns":5},{"damage":39,"enemies":"The Guardian","floor":16,"turns":11},{"damage":19,"enemies":"Spheric Guardian","floor":18,"turns":4},{"damage":4,"enemies":"3 Byrds","floor":19,"turns":2},{"damage":0,"enemies":"3 Cultists","floor":20,"turns":2},{"damage":38,"enemies":"Snake Plant","floor":22,"turns":3},{"damage":45,"enemies":"Book of Stabbing","floor":25,"turns":5},{"damage":41,"enemies":"Gremlin Leader","floor":29,"turns":6},{"damage":23,"enemies":"Centurion and Healer","floor":30,"turns":2}],"seed_played":"-5391730482551427767","potions_obtained":[{"floor":3,"key":"Weak Potion"},{"floor":10,"key":"SmokeBomb"},{"floor":11,"key":"Weak Potion"},{"floor":20,"key":"Swift Potion"},{"floor":29,"key":"Fire Potion"}],"is_trial":false,"path_per_floor":["M","?","M","?","?","E","R","?","T","E","M","$","M","E","R","B",null,"M","M","M","?","M","R","?","E","T","R","$","E","M"],"character_chosen":"THE_SILENT","items_purchased":["Bane"],"campfire_rested":4,"item_purchase_floors":[28],"current_hp_per_floor":[70,70,70,58,58,58,70,70,70,64,63,63,52,44,65,26,70,51,47,47,47,9,30,30,23,30,53,53,12,0],"gold":395,"neow_bonus":"THREE_ENEMY_KILL","is_prod":false,"is_daily":false,"chose_seed":false,"campfire_upgraded":0,"win_rate":0,"timestamp":1566529003,"path_taken":["M","?","M","?","?","E","R","?","T","E","M","$","?","E","R","BOSS","M","M","?","?","M","R","?","E","T","R","?","E","M"],"build_version":"2019-07-17","purchased_purges":1,"victory":false,"max_hp_per_floor":[70,70,70,70,70,70,70,70,70,70,70,70,70,70,70,70,70,70,70,70,70,70,70,70,70,77,77,77,77,77],"card_choices":[{"not_picked":["Sucker Punch","Caltrops"],"picked":"Finisher","floor":1},{"not_picked":["Blade Dance","Reflex"],"picked":"Well Laid Plans","floor":3},{"not_picked":["Accuracy","Masterful Stab"],"picked":"Flying Knee","floor":6},{"not_picked":["Sucker Punch","Skewer"],"picked":"Dagger Throw","floor":10},{"not_picked":["Cloak And Dagger","Bane"],"picked":"Dagger Throw","floor":11},{"not_picked":["Outmaneuver","Accuracy"],"picked":"Deadly Poison","floor":13},{"not_picked":["Dash","Riddle With Holes"],"picked":"Crippling Poison","floor":14},{"not_picked":["Tools of the Trade","Phantasmal Killer"],"picked":"Corpse Explosion","floor":16},{"not_picked":["Prepared","Underhanded Strike"],"picked":"Bane+1","floor":18},{"not_picked":["Deadly Poison","PiercingWail"],"picked":"Endless Agony","floor":20},{"not_picked":["After Image","Expertise+1"],"picked":"Flying Knee","floor":22},{"not_picked":["Concentrate","Deadly Poison"],"picked":"Backstab","floor":25},{"not_picked":["Deflect+1","Quick Slash","Slice"],"picked":"Dodge and Roll+1","floor":29}],"player_experience":335620,"relics_obtained":[{"floor":6,"key":"Letter Opener"},{"floor":9,"key":"Whetstone"},{"floor":10,"key":"Omamori"},{"floor":14,"key":"Girya"},{"floor":25,"key":"Happy Flower"},{"floor":26,"key":"Strawberry"},{"floor":26,"key":"Question Card"},{"floor":29,"key":"Frozen Egg 2"}],"event_choices":[{"damage_healed":0,"gold_gain":0,"player_choice":"Ignored","damage_taken":0,"max_hp_gain":0,"max_hp_loss":0,"event_name":"Golden Wing","floor":2,"gold_loss":0},{"damage_healed":0,"gold_gain":0,"player_choice":"Success","damage_taken":12,"relics_obtained":["Snake Skull"],"max_hp_gain":0,"max_hp_loss":0,"event_name":"Scrap Ooze","floor":4,"gold_loss":0},{"damage_healed":0,"gold_gain":0,"player_choice":"Ignored","damage_taken":0,"max_hp_gain":0,"max_hp_loss":0,"event_name":"Shining Light","floor":5,"gold_loss":0},{"cards_removed":["Strike_G"],"damage_healed":0,"gold_gain":0,"player_choice":"Purged","damage_taken":0,"max_hp_gain":0,"max_hp_loss":0,"event_name":"Purifier","floor":8,"gold_loss":0},{"damage_healed":0,"gold_gain":0,"cards_transformed":["Strike_G","Strike_G"],"player_choice":"Became Test Subject","damage_taken":0,"max_hp_gain":0,"max_hp_loss":0,"event_name":"Drug Dealer","floor":21,"gold_loss":0,"cards_obtained":["Predator","Heel Hook"]},{"damage_healed":0,"gold_gain":0,"player_choice":"Stole Relic","damage_taken":0,"relics_obtained":["Matryoshka"],"max_hp_gain":0,"max_hp_loss":0,"event_name":"Addict","floor":24,"gold_loss":0,"cards_obtained":["Shame"]}],"is_beta":false,"boss_relics":[{"not_picked":["Runic Pyramid","Black Star"],"picked":"Lizard Tail"}],"items_purged_floors":[28],"is_endless":false,"potions_floor_spawned":[3,10,11,19,20,29],"killed_by":"Centurion and Healer","ascension_level":2}