{"gold_per_floor":[110,121,121,135,135,167,167,201,201,201,201,201,225,225,225,327,327,343,134,145,145,170,170,203,214,214,17,17,17,33,33],"floor_reached":31,"playtime":5365,"items_purged":[],"score":285,"play_id":"54b51fcd-ba94-43d2-8914-123af8f675c9","local_time":"20190728214025","is_ascension_mode":true,"campfire_choices":[{"floor":7,"key":"REST"},{"floor":10,"key":"REST"},{"floor":15,"key":"REST"},{"floor":23,"key":"REST"}],"neow_cost":"NONE","seed_source_timestamp":1455605075981324,"circlet_count":0,"master_deck":["Bash","Iron Wave","Warcry","Cleave","Flex","Rampage","Armaments","Brutality","Anger","Bludgeon","Reckless Charge","Brutality","Dark Embrace","Clash","Dropkick","Dark Embrace","Evolve","Spot Weakness","Anger","Shockwave+1","Anger","Heavy Blade+1","Flame Barrier+1"],"relics":["Burning Blood","Whetstone","Juzu Bracelet","Question Card","Bag of Marbles","Odd Mushroom","Happy Flower","Pandora\u0027s Box","Brimstone","Omamori","Toxic Egg 2","Potion Belt","Membership Card"],"potions_floor_usage":[16,16,30,31],"damage_taken":[{"damage":13,"enemies":"2 Louse","floor":1,"turns":3},{"damage":4,"enemies":"Small Slimes","floor":2,"turns":3},{"damage":1,"enemies":"Cultist","floor":4,"turns":4},{"damage":34,"enemies":"3 Sentries","floor":6,"turns":8},{"damage":40,"enemies":"Lagavulin","floor":8,"turns":7},{"damage":13,"enemies":"The Mushroom Lair","floor":13,"turns":4},{"damage":66,"enemies":"Hexaghost","floor":16,"turns":10},{"damage":30,"enemies":"2 Thieves","floor":18,"turns":3},{"damage":14,"enemies":"Chosen","floor":20,"turns":2},{"damage":41,"enemies":"Slavers","floor":24,"turns":4},{"damage":22,"enemies":"Snake Plant","floor":25,"turns":3},{"damage":16,"enemies":"Colosseum Slavers","floor":29,"turns":3},{"damage":14,"enemies":"Shelled Parasite and Fungi","floor":30,"turns":2},{"damage":28,"enemies":"Snecko","floor":31,"turns":3}],"seed_played":"5395995062741724898","potions_obtained":[{"floor":4,"key":"PowerPotion"},{"floor":6,"key":"Fruit Juice"},{"floor":13,"key":"Dexterity Potion"},{"floor":16,"key":"Poison Potion"},{"floor":18,"key":"FairyPotion"}],"is_trial":false,"path_per_floor":["M","M","$","M","$","E","R","E","T","R","?","?","?","?","R","B",null,"M","$","M","?","T","R","E","M","T","$","?","?","M","M"],"character_chosen":"IRONCLAD","items_purchased":["Brimstone","Membership Card"],"campfire_rested":4,"item_purchase_floors":[19,27],"current_hp_per_floor":[73,75,75,80,80,52,76,42,42,66,66,66,59,52,76,16,80,56,56,48,48,48,72,37,21,21,21,21,11,8,0],"gold":33,"neow_bonus":"RANDOM_COMMON_RELIC","is_prod":false,"is_daily":false,"chose_seed":false,"campfire_upgraded":0,"win_rate":0,"timestamp":1564368025,"path_taken":["M","M","$","M","$","E","R","E","T","R","?","?","?","?","R","BOSS","M","$","M","?","?","R","E","M","T","$","?","?","M","M"],"build_version":"2019-07-17","purchased_purges":0,"victory":false,"max_hp_per_floor":[80,80,80,80,80,80,80,80,80,80,80,80,80,80,80,80,80,80,80,80,80,80,80,80,80,80,80,80,80,85,85],"card_choices":[{"not_picked":["True Grit","Warcry"],"picked":"Iron Wave","floor":1},{"not_picked":["Flame Barrier","Feel No Pain"],"picked":"Warcry","floor":2},{"not_picked":["Battle Trance","Blood for Blood"],"picked":"Cleave","floor":4},{"not_picked":["Shrug It Off","Sword Boomerang"],"picked":"Flex","floor":6},{"not_picked":["Armaments","Brutality"],"picked":"Rampage","floor":8},{"not_picked":["Twin Strike","Metallicize","Thunderclap"],"picked":"Anger","floor":13},{"not_picked":["Berserk","Exhume","Offering"],"picked":"Bludgeon","floor":16},{"not_picked":["Headbutt","Rage","Spot Weakness"],"picked":"Shockwave+1","floor":18},{"not_picked":["Clothesline","Warcry+1","Twin Strike"],"picked":"Anger","floor":20},{"not_picked":["True Grit","Reckless Charge+1","Havoc","Metallicize"],"picked":"SKIP","floor":24},{"not_picked":["Warcry+1","Twin Strike","Rampage+1"],"picked":"Heavy Blade+1","floor":25},{"not_picked":["Second Wind+1","True Grit+1","Sever Soul"],"picked":"Flame Barrier+1","floor":30}],"player_experience":224852,"relics_obtained":[{"floor":6,"key":"Juzu Bracelet"},{"floor":8,"key":"Question Card"},{"floor":9,"key":"Bag of Marbles"},{"floor":13,"key":"Odd Mushroom"},{"floor":22,"key":"Omamori"},{"floor":24,"key":"Toxic Egg 2"},{"floor":26,"key":"Potion Belt"}],"event_choices":[{"damage_healed":0,"gold_gain":0,"player_choice":"Ignored","damage_taken":0,"max_hp_gain":0,"max_hp_loss":0,"event_name":"Golden Wing","floor":11,"gold_loss":0},{"damage_healed":0,"gold_gain":0,"player_choice":"2 cards matched","damage_taken":0,"max_hp_gain":0,"max_hp_loss":0,"event_name":"Match and Keep!","floor":12,"gold_loss":0,"cards_obtained":["Armaments","Brutality"]},{"damage_healed":0,"gold_gain":0,"player_choice":"Fought Mushrooms","damage_taken":0,"max_hp_gain":0,"max_hp_loss":0,"event_name":"Mushrooms","floor":13,"gold_loss":0},{"damage_healed":0,"gold_gain":0,"player_choice":"Success","damage_taken":7,"relics_obtained":["Happy Flower"],"max_hp_gain":0,"max_hp_loss":0,"event_name":"Scrap Ooze","floor":14,"gold_loss":0},{"damage_healed":0,"gold_gain":0,"player_choice":"Ignored","damage_taken":0,"max_hp_gain":0,"max_hp_loss":0,"event_name":"Vampires","floor":21,"gold_loss":0},{"damage_healed":0,"gold_gain":0,"player_choice":"Simplicity","damage_taken":0,"max_hp_gain":0,"max_hp_loss":0,"event_name":"Back to Basics","floor":28,"gold_loss":0,"cards_upgraded":[]},{"damage_healed":0,"gold_gain":0,"player_choice":"Fight","damage_taken":0,"max_hp_gain":0,"max_hp_loss":0,"event_name":"Colosseum","floor":29,"gold_loss":0},{"damage_healed":0,"gold_gain":0,"player_choice":"Fled From Nobs","damage_taken":0,"max_hp_gain":0,"max_hp_loss":0,"event_name":"Colosseum","floor":29,"gold_loss":0}],"is_beta":false,"boss_relics":[{"not_picked":["Ectoplasm","Busted Crown"],"picked":"Pandora\u0027s Box"}],"items_purged_floors":[],"is_endless":false,"potions_floor_spawned":[4,6,13,16,18,25],"killed_by":"Snecko","ascension_level":2}