{"gold_per_floor":[116,126,126,26,26,70,70,86,112,18,42,67,67,131,131,256,256,279,126,126,85,0,0,0,0,0,0,0,82,95,95],"floor_reached":31,"playtime":1192,"items_purged":["Regret","Strike_B"],"score":229,"play_id":"bf3a74ae-def8-4f47-9eba-22e020368adf","local_time":"20190424151205","is_ascension_mode":false,"campfire_choices":[{"floor":7,"key":"REST"},{"data":"Defragment","floor":13,"key":"SMITH"},{"data":"Consume","floor":15,"key":"SMITH"},{"floor":23,"key":"REST"},{"data":"Sweeping Beam","floor":25,"key":"SMITH"},{"data":"Amplify","floor":27,"key":"SMITH"}],"neow_cost":"NONE","seed_source_timestamp":19670453221361,"circlet_count":0,"master_deck":["Strike_B","Strike_B","Strike_B","Defend_B","Defend_B","Defend_B","Defend_B","Zap","Dualcast","Blind","Ball Lightning","Conserve Battery","Gash","Consume+1","Ball Lightning","Defragment+1","Sweeping Beam+1","Gash","Sweeping Beam","Amplify+1","Gash","Ball Lightning","Self Repair","Writhe","Defragment"],"relics":["Cracked Core","Pen Nib","Golden Idol","Ice Cream","PreservedInsect","Sundial","Philosopher\u0027s Stone","Du-Vu Doll","Smiling Mask","Mummified Hand","Bottled Lightning"],"potions_floor_usage":[],"damage_taken":[{"damage":0,"enemies":"2 Louse","floor":1,"turns":3},{"damage":0,"enemies":"Small Slimes","floor":2,"turns":2},{"damage":21,"enemies":"Lagavulin","floor":6,"turns":6},{"damage":1,"enemies":"Jaw Worm","floor":8,"turns":3},{"damage":4,"enemies":"Lots of Slimes","floor":11,"turns":3},{"damage":5,"enemies":"2 Fungi Beasts","floor":12,"turns":2},{"damage":0,"enemies":"Gremlin Nob","floor":14,"turns":2},{"damage":11,"enemies":"Slime Boss","floor":16,"turns":5},{"damage":12,"enemies":"Chosen","floor":18,"turns":3},{"damage":36,"enemies":"Colosseum Slavers","floor":20,"turns":4},{"damage":30,"enemies":"Shell Parasite","floor":30,"turns":5},{"damage":32,"enemies":"Snake Plant","floor":31,"turns":3}],"seed_played":"8280751291101570790","potions_obtained":[{"floor":1,"key":"SkillPotion"},{"floor":11,"key":"Weak Potion"},{"floor":14,"key":"Dexterity Potion"}],"is_trial":false,"path_per_floor":["M","M","?","$","?","E","R","M","T","$","M","M","R","?","R","B",null,"M","$","?","$","?","R","?","R","T","R","?","T","M","M"],"character_chosen":"DEFECT","items_purchased":["Gash","Defragment","Sweeping Beam","Ball Lightning","Self Repair"],"campfire_rested":2,"item_purchase_floors":[4,10,10,19,21],"current_hp_per_floor":[75,75,75,75,57,36,58,57,57,57,53,48,48,48,48,37,75,63,63,27,27,27,49,49,49,49,49,49,49,26,0],"gold":95,"neow_bonus":"RANDOM_COLORLESS","is_prod":false,"is_daily":false,"chose_seed":false,"campfire_upgraded":4,"win_rate":0.0,"timestamp":1556143925,"path_taken":["M","M","?","$","?","E","R","M","T","$","M","M","R","?","R","BOSS","M","$","?","$","?","R","?","R","T","R","?","?","?","M"],"build_version":"2019-01-23","purchased_purges":2,"victory":false,"max_hp_per_floor":[75,75,75,75,75,75,75,75,75,75,75,75,75,75,75,75,75,75,75,75,75,75,75,75,75,75,75,75,75,75,75],"card_choices":[{"not_picked":["Storm","Go for the Eyes"],"picked":"Ball Lightning","floor":1},{"not_picked":["Streamline","Blizzard"],"picked":"Conserve Battery","floor":2},{"not_picked":["Conserve Battery","Force Field"],"picked":"Consume","floor":6},{"not_picked":["Redo","Glacier"],"picked":"Ball Lightning","floor":8},{"not_picked":["Undo","Glacier"],"picked":"Gash","floor":11},{"not_picked":["Rebound","Redo","Streamline"],"picked":"SKIP","floor":12},{"not_picked":["Turbo","Biased Cognition"],"picked":"Sweeping Beam","floor":14},{"not_picked":["Fission","Creative AI"],"picked":"Amplify","floor":16},{"not_picked":["Lockon","Streamline"],"picked":"Gash","floor":18},{"not_picked":["Stack+1","Force Field"],"picked":"Defragment","floor":30}],"player_experience":84099,"relics_obtained":[{"floor":6,"key":"Ice Cream"},{"floor":9,"key":"PreservedInsect"},{"floor":14,"key":"Sundial"},{"floor":26,"key":"Mummified Hand"},{"floor":29,"key":"Bottled Lightning"}],"event_choices":[{"damage_healed":0,"gold_gain":0,"player_choice":"Box","damage_taken":0,"relics_obtained":["Pen Nib"],"max_hp_gain":0,"max_hp_loss":0,"event_name":"Big Fish","floor":3,"gold_loss":0,"cards_obtained":["Regret"]},{"damage_healed":0,"gold_gain":0,"player_choice":"Take Damage","damage_taken":18,"relics_obtained":["Golden Idol"],"max_hp_gain":0,"max_hp_loss":0,"event_name":"Golden Idol","floor":5,"gold_loss":0},{"damage_healed":0,"gold_gain":30,"player_choice":"Searched \u00272\u0027 times","damage_taken":0,"max_hp_gain":0,"max_hp_loss":0,"event_name":"Dead Adventurer","floor":14,"gold_loss":0},{"damage_healed":0,"gold_gain":0,"player_choice":"Fight","damage_taken":0,"max_hp_gain":0,"max_hp_loss":0,"event_name":"Colosseum","floor":20,"gold_loss":0},{"damage_healed":0,"gold_gain":0,"player_choice":"Fled From Nobs","damage_taken":0,"max_hp_gain":0,"max_hp_loss":0,"event_name":"Colosseum","floor":20,"gold_loss":0},{"damage_healed":0,"gold_gain":0,"player_choice":"Obtained Relic","damage_taken":0,"relics_obtained":["Du-Vu Doll"],"max_hp_gain":0,"max_hp_loss":0,"event_name":"Addict","floor":22,"gold_loss":85},{"damage_healed":0,"gold_gain":0,"player_choice":"Opened","damage_taken":0,"relics_obtained":["Smiling Mask"],"max_hp_gain":0,"max_hp_loss":0,"event_name":"The Mausoleum","floor":24,"gold_loss":0,"cards_obtained":["Writhe"]},{"damage_healed":0,"gold_gain":0,"player_choice":"Ignored","damage_taken":0,"max_hp_gain":0,"max_hp_loss":0,"event_name":"Vampires","floor":28,"gold_loss":0}],"is_beta":false,"boss_relics":[{"not_picked":["Snecko Eye","FrozenCore"],"picked":"Philosopher\u0027s Stone"}],"items_purged_floors":[4,19],"is_endless":false,"potions_floor_spawned":[1,8,11,14,20],"killed_by":"Snake Plant","ascension_level":0}