{"gold_per_floor":[114,126,140,154,169,201,201,228,253,286,298,298,308,322,322,427,427,439,439,439],"floor_reached":20,"playtime":1689,"items_purged":[],"score":253,"play_id":"790add03-2a52-4b81-830c-1d9c43e38e25","local_time":"20190902073652","is_ascension_mode":true,"campfire_choices":[{"data":"Bash","floor":7,"key":"SMITH"},{"data":"Shrug It Off","floor":12,"key":"SMITH"},{"data":"Demon Form","floor":15,"key":"SMITH"}],"neow_cost":"NONE","seed_source_timestamp":444540992079800,"circlet_count":0,"master_deck":["Strike_R","Strike_R","Defend_R","Defend_R","Defend_R","Defend_R","Bash+1","Inflame","Power Through","Infernal Blade","Whirlwind","Heavy Blade","Feel No Pain","Demon Form+1","Shrug It Off+1","Iron Wave","Cleave","Dark Embrace","Hemokinesis+1","Iron Wave+1","Metallicize+1","Disarm"],"relics":["Burning Blood","Strawberry","Darkstone Periapt","Juzu Bracelet","Vajra","Astrolabe"],"potions_floor_usage":[6,6,8,16,16],"damage_taken":[{"damage":6,"enemies":"Cultist","floor":1,"turns":4},{"damage":6,"enemies":"2 Louse","floor":2,"turns":3},{"damage":9,"enemies":"Jaw Worm","floor":3,"turns":4},{"damage":6,"enemies":"Looter","floor":4,"turns":4},{"damage":22,"enemies":"Gremlin Gang","floor":5,"turns":7},{"damage":9,"enemies":"Lagavulin","floor":6,"turns":7},{"damage":10,"enemies":"3 Sentries","floor":8,"turns":5},{"damage":32,"enemies":"Gremlin Nob","floor":10,"turns":4},{"damage":0,"enemies":"3 Louse","floor":11,"turns":3},{"damage":1,"enemies":"Looter","floor":13,"turns":3},{"damage":10,"enemies":"Lots of Slimes","floor":14,"turns":4},{"damage":8,"enemies":"Hexaghost","floor":16,"turns":6},{"damage":66,"enemies":"2 Thieves","floor":18,"turns":4},{"damage":0,"enemies":"Shell Parasite","floor":20,"turns":1}],"seed_played":"7969835331108572483","potions_obtained":[{"floor":1,"key":"Dexterity Potion"},{"floor":3,"key":"Poison Potion"},{"floor":4,"key":"Explosive Potion"},{"floor":6,"key":"SkillPotion"},{"floor":8,"key":"LiquidBronze"},{"floor":14,"key":"Energy Potion"},{"floor":16,"key":"Strength Potion"},{"floor":18,"key":"Explosive Potion"}],"is_trial":false,"path_per_floor":["M","M","M","M","M","E","R","E","T","E","M","R","M","M","R","B",null,"M","?","M"],"character_chosen":"IRONCLAD","items_purchased":[],"campfire_rested":0,"item_purchase_floors":[],"current_hp_per_floor":[88,88,85,85,69,73,73,69,69,43,49,49,54,50,50,48,95,35,19,19],"gold":439,"neow_bonus":"TEN_PERCENT_HP_BONUS","is_prod":false,"is_daily":false,"chose_seed":false,"campfire_upgraded":3,"win_rate":0,"timestamp":1567424212,"path_taken":["M","M","M","M","M","E","R","E","T","E","M","R","M","M","R","BOSS","M","?","M"],"build_version":"2019-07-17","purchased_purges":0,"victory":false,"max_hp_per_floor":[88,88,88,88,88,95,95,95,95,95,95,95,95,95,95,95,95,95,95,95],"card_choices":[{"not_picked":["Feel No Pain","Havoc"],"picked":"Inflame","floor":1},{"not_picked":["Hemokinesis","Rage","True Grit"],"picked":"SKIP","floor":2},{"not_picked":["Body Slam","Rampage"],"picked":"Power Through","floor":3},{"not_picked":["Thunderclap","Blood for Blood"],"picked":"Infernal Blade","floor":4},{"not_picked":["Dual Wield","Pommel Strike"],"picked":"Whirlwind","floor":5},{"not_picked":["Warcry","Battle Trance"],"picked":"Heavy Blade","floor":6},{"not_picked":["Bludgeon","Flex"],"picked":"Feel No Pain","floor":8},{"not_picked":["Berserk","Clash"],"picked":"Demon Form","floor":10},{"not_picked":["Body Slam","Blood for Blood"],"picked":"Shrug It Off","floor":11},{"not_picked":["Thunderclap","Havoc"],"picked":"Iron Wave","floor":13},{"not_picked":["Body Slam","Blood for Blood"],"picked":"Cleave","floor":14},{"not_picked":["Fiend Fire","Demon Form"],"picked":"Dark Embrace","floor":16},{"not_picked":["Dual Wield+1","Body Slam+1"],"picked":"Disarm","floor":18}],"player_experience":123044,"relics_obtained":[{"floor":6,"key":"Strawberry"},{"floor":8,"key":"Darkstone Periapt"},{"floor":9,"key":"Juzu Bracelet"},{"floor":10,"key":"Vajra"}],"event_choices":[{"damage_healed":0,"gold_gain":0,"player_choice":"Obtained Book","damage_taken":16,"max_hp_gain":0,"max_hp_loss":0,"event_name":"Cursed Tome","floor":19,"gold_loss":0}],"is_beta":false,"boss_relics":[{"not_picked":["Tiny House","Ectoplasm"],"picked":"Astrolabe"}],"items_purged_floors":[],"is_endless":false,"potions_floor_spawned":[1,3,4,6,8,14,16,18],"killed_by":"Shell Parasite","ascension_level":3}