{"gold_per_floor":[110,110,110,110,120,154,164,164,190,223,223,337,366,366,366,442,442,453,61,61,61,79,79,79],"floor_reached":24,"playtime":1005,"items_purged":["Injury"],"score":424,"play_id":"1bea0f8f-6470-4163-ac4e-2dc75a88d3d6","local_time":"20190405210812","daily_mods":["Elite Swarm"],"is_ascension_mode":true,"campfire_choices":[{"data":"Demon Form","floor":8.0,"key":"SMITH"},{"data":"Uppercut","floor":11.0,"key":"SMITH"},{"data":"Massacre","floor":23.0,"key":"SMITH"}],"neow_cost":"","seed_source_timestamp":9107696339100,"circlet_count":0,"master_deck":["AscendersBane","Strike_R+1","Strike_R","Strike_R","Strike_R","Defend_R","Defend_R","Defend_R","Defend_R+1","Bash","Uppercut+1","Fiend Fire","Demon Form+1","Reaper+1","Massacre+1","Eclipse","Double Tap+1","Limit Break+1"],"special_seed":0,"relics":["Burning Blood","ReplayFunnel","King of Hearts","Self Forming Clay","Simple Rune","Toxic Egg 2","Black Star","Red Skull","MutagenicStrength"],"potions_floor_usage":[24],"damage_taken":[{"damage":14.0,"enemies":"Jaw Worm","floor":1.0,"turns":3.0},{"damage":0.0,"enemies":"Cultist","floor":5.0,"turns":2.0},{"damage":32.0,"enemies":"3 Sentries","floor":6.0,"turns":9.0},{"damage":14.0,"enemies":"2 Louse","floor":7.0,"turns":3.0},{"damage":8.0,"enemies":"Gremlin Nob","floor":10.0,"turns":3.0},{"damage":10.0,"enemies":"Red Slaver","floor":12.0,"turns":3.0},{"damage":27.0,"enemies":"3 Sentries","floor":13.0,"turns":4.0},{"damage":44.0,"enemies":"Hexaghost","floor":16.0,"turns":7.0},{"damage":34.0,"enemies":"Shell Parasite","floor":18.0,"turns":6.0},{"damage":43.0,"enemies":"Colosseum Slavers","floor":21.0,"turns":4.0},{"damage":22.0,"enemies":"2 Thieves","floor":22.0,"turns":3.0},{"damage":45,"enemies":"Book of Stabbing","floor":24,"turns":4}],"seed_played":"-1099446232319020286","potions_obtained":[{"floor":2.0,"key":"BloodPotion"},{"floor":2.0,"key":"Toxic Potion"},{"floor":7.0,"key":"Dexterity Potion"},{"floor":13.0,"key":"Fire Potion"},{"floor":22.0,"key":"Dexterity Potion"}],"is_trial":true,"path_per_floor":["M","?","$","?","M","E","M","R","T","E","R","M","E","?","R","B",null,"M","$","?","?","M","R","E"],"character_chosen":"IRONCLAD","items_purchased":["Limit Break+1","Red Skull"],"campfire_rested":0,"item_purchase_floors":[19,19],"current_hp_per_floor":[60,60,60,60,66,40,32,32,32,30,30,26,33,33,55,25,65,37,37,37,22,40,40,0],"gold":79,"neow_bonus":"","is_prod":false,"is_daily":false,"chose_seed":false,"campfire_upgraded":3,"win_rate":0,"timestamp":1554520092,"path_taken":["M","?","?","?","?","E","M","R","T","E","R","M","E","?","R","BOSS","M","$","?","?","M","R","E"],"build_version":"2019-01-23","purchased_purges":1,"victory":false,"max_hp_per_floor":[75,75,75,75,75,75,75,75,75,75,75,75,75,75,75,78,78,78,78,78,78,78,78,78],"card_choices":[{"not_picked":["Sever Soul","Sentinel"],"picked":"Uppercut","floor":1.0},{"not_picked":["Wild Strike","Sword Boomerang","Pommel Strike"],"picked":"SKIP","floor":5.0},{"not_picked":["Impervious","Brutality"],"picked":"Demon Form","floor":6.0},{"not_picked":["Headbutt","Battle Trance","Seeing Red"],"picked":"SKIP","floor":7.0},{"not_picked":["Demonic Infusion","Feed"],"picked":"Reaper","floor":10.0},{"not_picked":["Replay:Undeath\u0027s Touch","Pommel Strike"],"picked":"Massacre","floor":12.0},{"not_picked":["Offering","Replay:Many Hands"],"picked":"Eclipse","floor":13.0},{"not_picked":["Juggernaut","Feed"],"picked":"Double Tap+1","floor":16.0},{"not_picked":["ReplayTheSpireMod:Strike From Hell+1","Anger+1","Cleave"],"picked":"SKIP","floor":18.0},{"not_picked":["Clash","Life Link","Body Slam"],"picked":"SKIP","floor":22.0}],"player_experience":371909,"relics_obtained":[{"floor":6.0,"key":"ReplayFunnel"},{"floor":9.0,"key":"King of Hearts"},{"floor":10.0,"key":"Self Forming Clay"},{"floor":13.0,"key":"Simple Rune"}],"event_choices":[{"damage_healed":0.0,"max_hp_gain":0.0,"max_hp_loss":0.0,"gold_gain":0.0,"event_name":"Lab","player_choice":"Got Potions","floor":2.0,"gold_loss":0.0,"damage_taken":0.0},{"damage_healed":0.0,"max_hp_gain":0.0,"max_hp_loss":0.0,"gold_gain":0.0,"cards_transformed":["Strike_R"],"event_name":"Transmorgrifier","player_choice":"Transformed","floor":4.0,"gold_loss":0.0,"damage_taken":0.0,"cards_obtained":["Fiend Fire"]},{"damage_healed":0.0,"max_hp_gain":0.0,"max_hp_loss":0.0,"gold_gain":0.0,"event_name":"Drug Dealer","player_choice":"Inject Mutagens","floor":20.0,"gold_loss":0.0,"damage_taken":0.0,"relics_obtained":["MutagenicStrength"]},{"damage_healed":0.0,"max_hp_gain":0.0,"max_hp_loss":0.0,"gold_gain":0.0,"event_name":"Colosseum","player_choice":"Fight","floor":21.0,"gold_loss":0.0,"damage_taken":0.0},{"damage_healed":0.0,"max_hp_gain":0.0,"max_hp_loss":0.0,"gold_gain":0.0,"event_name":"Colosseum","player_choice":"Fled From Nobs","floor":21.0,"gold_loss":0.0,"damage_taken":0.0}],"is_beta":false,"boss_relics":[{"not_picked":["Replay:Grab Bag","Replay:Wanted Poster"],"picked":"Black Star"}],"items_purged_floors":[19],"is_endless":false,"potions_floor_spawned":[5,7,10,13,22],"killed_by":"Book of Stabbing","ascension_level":20}