{"gold_per_floor":[115,115,42,61,81,81,95,95,95,19,19,33,46,46],"floor_reached":14,"playtime":264,"items_purged":[],"score":164,"play_id":"9c329277-a483-49dc-b72f-5c052b7b7594","local_time":"20190815150534","is_ascension_mode":true,"campfire_choices":[{"data":"Zap","floor":6,"key":"SMITH"},{"data":"Dualcast","floor":8,"key":"SMITH"},{"data":"Consume","floor":11,"key":"SMITH"}],"neow_cost":"NONE","seed_source_timestamp":1547726930113628,"circlet_count":0,"master_deck":["AscendersBane","Strike_B","Strike_B","Strike_B","Defend_B","Defend_B","Defend_B","Defend_B","Zap+1","Dualcast+1","Cold Snap","Turbo","Heatsinks","Consume+1","White Noise","Heatsinks","Coolheaded","Amplify"],"relics":["Cracked Core","Ancient Tea Set","Emotion Chip","Prayer Wheel"],"potions_floor_usage":[14],"damage_taken":[{"damage":0,"enemies":"Small Slimes","floor":1,"turns":2},{"damage":0,"enemies":"Cultist","floor":4,"turns":4},{"damage":10,"enemies":"Jaw Worm","floor":5,"turns":4},{"damage":5,"enemies":"Blue Slaver","floor":7,"turns":4},{"damage":20,"enemies":"Exordium Thugs","floor":12,"turns":3},{"damage":12,"enemies":"2 Fungi Beasts","floor":13,"turns":4},{"damage":15,"enemies":"3 Sentries","floor":14,"turns":2}],"seed_played":"-5615242152758230942","potions_obtained":[{"floor":7,"key":"FocusPotion"}],"is_trial":false,"path_per_floor":["M","?","?","M","M","R","M","R","T","$","R","M","M","E"],"character_chosen":"DEFECT","items_purchased":["Consume"],"campfire_rested":0,"item_purchase_floors":[10],"current_hp_per_floor":[64,57,57,57,47,47,42,42,42,42,42,22,10,0],"gold":46,"neow_bonus":"RANDOM_COMMON_RELIC","is_prod":false,"is_daily":false,"chose_seed":false,"campfire_upgraded":3,"win_rate":0,"timestamp":1565852734,"path_taken":["M","?","?","M","M","R","M","R","T","$","R","M","?","E"],"build_version":"2019-07-17","purchased_purges":0,"victory":false,"max_hp_per_floor":[71,71,71,71,71,71,71,71,71,71,71,71,71,71],"card_choices":[{"not_picked":["Barrage","Redo"],"picked":"Cold Snap","floor":1},{"not_picked":["Redo","Ball Lightning"],"picked":"Turbo","floor":4},{"not_picked":["Rebound","Steam Power","Static Discharge"],"picked":"SKIP","floor":5},{"not_picked":["Coolheaded","Steam"],"picked":"Heatsinks","floor":7},{"not_picked":["Gash","Reprogram"],"picked":"White Noise","floor":12},{"not_picked":["Barrage","Auto Shields"],"picked":"Heatsinks","floor":12},{"not_picked":["Blizzard","Heatsinks"],"picked":"Coolheaded","floor":13},{"not_picked":["Redo","Gash"],"picked":"Amplify","floor":13}],"player_experience":2170506,"relics_obtained":[{"floor":9,"key":"Prayer Wheel"}],"event_choices":[{"cards_removed":["Strike_B"],"damage_healed":0,"gold_gain":0,"player_choice":"Card Removal","damage_taken":7,"max_hp_gain":0,"max_hp_loss":0,"event_name":"Golden Wing","floor":2,"gold_loss":0},{"damage_healed":0,"gold_gain":0,"player_choice":"Paid Gold","damage_taken":0,"relics_obtained":["Emotion Chip"],"max_hp_gain":0,"max_hp_loss":0,"event_name":"WeMeetAgain","floor":3,"gold_loss":73}],"is_beta":false,"boss_relics":[],"items_purged_floors":[],"is_endless":false,"potions_floor_spawned":[7],"killed_by":"3 Sentries","ascension_level":20}