{"gold_per_floor":[109,129,89,100,114,114,140,140,140,165,165,175,175,450,450,450],"floor_reached":16,"playtime":1176,"items_purged":[],"score":116,"play_id":"512a2c17-6d2d-407f-9fb9-dcf36473c4e3","local_time":"20190822123801","is_ascension_mode":true,"campfire_choices":[{"data":"Double Tap","floor":6,"key":"SMITH"},{"floor":8,"key":"REST"},{"data":"Cleave","floor":11,"key":"SMITH"},{"floor":13,"key":"REST"},{"floor":15,"key":"RECALL"}],"neow_cost":"PERCENT_DAMAGE","seed_source_timestamp":1124839773849700,"circlet_count":0,"master_deck":["Strike_R","Strike_R","Strike_R","Strike_R","Defend_R","Defend_R","Defend_R","Bash","Cleave+1","Dropkick","Double Tap+1","Flex","Twin Strike","Rampage","Regret"],"relics":["Burning Blood","Boot","Dodecahedron"],"potions_floor_usage":[7,7,10,16],"damage_taken":[{"damage":1,"enemies":"Jaw Worm","floor":1,"turns":5},{"damage":5,"enemies":"Cultist","floor":2,"turns":4},{"damage":1,"enemies":"2 Louse","floor":4,"turns":2},{"damage":12,"enemies":"2 Fungi Beasts","floor":5,"turns":4},{"damage":42,"enemies":"3 Sentries","floor":7,"turns":9},{"damage":5,"enemies":"Gremlin Nob","floor":10,"turns":3},{"damage":32,"enemies":"Exordium Thugs","floor":12,"turns":6},{"damage":53,"enemies":"Slime Boss","floor":16,"turns":7}],"seed_played":"5898903226148611509","potions_obtained":[{"floor":3,"key":"SpeedPotion"},{"floor":3,"key":"FearPotion"},{"floor":3,"key":"LiquidBronze"},{"floor":4,"key":"Dexterity Potion"},{"floor":12,"key":"SkillPotion"}],"is_trial":false,"path_per_floor":["M","M","?","M","M","R","E","R","T","E","R","M","R","?","R","B"],"character_chosen":"IRONCLAD","items_purchased":[],"campfire_rested":2,"item_purchase_floors":[],"current_hp_per_floor":[61,62,62,67,61,61,25,49,49,50,50,24,48,48,48,0],"gold":450,"neow_bonus":"REMOVE_TWO","is_prod":false,"is_daily":false,"chose_seed":false,"campfire_upgraded":2,"win_rate":0,"timestamp":1566448681,"path_taken":["M","M","?","M","?","R","E","R","T","E","R","M","R","?","R","BOSS"],"build_version":"2019-07-17","purchased_purges":0,"victory":false,"max_hp_per_floor":[80,80,80,80,80,80,80,80,80,80,80,80,80,80,80,80],"card_choices":[{"not_picked":["Heavy Blade","Headbutt"],"picked":"Cleave","floor":1},{"not_picked":["Sever Soul","Clash"],"picked":"Dropkick","floor":2},{"not_picked":["True Grit","Searing Blow"],"picked":"Double Tap","floor":4},{"not_picked":["Searing Blow","Iron Wave"],"picked":"Flex","floor":5},{"not_picked":["Cleave","Clothesline"],"picked":"Twin Strike","floor":7},{"not_picked":["Perfected Strike","True Grit","Second Wind"],"picked":"SKIP","floor":10},{"not_picked":["Iron Wave","Body Slam"],"picked":"Rampage","floor":12}],"player_experience":29149,"relics_obtained":[{"floor":7,"key":"Boot"},{"floor":10,"key":"Dodecahedron"}],"event_choices":[{"damage_healed":0,"gold_gain":0,"player_choice":"Bought 3 Potions","damage_taken":0,"max_hp_gain":0,"max_hp_loss":0,"event_name":"The Woman in Blue","floor":3,"gold_loss":0},{"damage_healed":0,"gold_gain":275,"player_choice":"Desecrate","damage_taken":0,"max_hp_gain":0,"max_hp_loss":0,"event_name":"Golden Shrine","floor":14,"gold_loss":0,"cards_obtained":["Regret"]}],"is_beta":false,"boss_relics":[],"items_purged_floors":[],"is_endless":false,"potions_floor_spawned":[4,5,12],"killed_by":"Slime Boss","ascension_level":1}