{"gold_per_floor":[117,117,135,135,160,160,200,200,200,200,220,238,253,278,278,278],"floor_reached":16,"playtime":884,"items_purged":[],"score":104,"play_id":"7a0aa3ed-09db-465e-a658-35f24c4c10c3","local_time":"20190706235558","is_ascension_mode":false,"campfire_choices":[{"data":"Poisoned Stab","floor":6,"key":"SMITH"},{"data":"Neutralize","floor":8,"key":"SMITH"},{"data":"Survivor","floor":10,"key":"SMITH"},{"floor":15,"key":"REST"}],"neow_cost":"NONE","seed_source_timestamp":139564496258769,"circlet_count":0,"master_deck":["Strike_G","Strike_G","Strike_G","Strike_G","Strike_G","Defend_G","Defend_G","Defend_G","Defend_G","Defend_G","Survivor+1","Neutralize+1","Poisoned Stab+1","Dagger Spray","Poisoned Stab"],"relics":["Ring of the Snake","NeowsBlessing","Golden Idol","Pear"],"potions_floor_usage":[13],"damage_taken":[{"damage":0,"enemies":"Jaw Worm","floor":1,"turns":1},{"damage":0,"enemies":"Small Slimes","floor":3,"turns":1},{"damage":0,"enemies":"Cultist","floor":5,"turns":1},{"damage":29,"enemies":"3 Sentries","floor":7,"turns":12},{"damage":2,"enemies":"Looter","floor":11,"turns":3},{"damage":8,"enemies":"3 Louse","floor":12,"turns":3},{"damage":6,"enemies":"Exordium Thugs","floor":13,"turns":6},{"damage":0,"enemies":"Looter","floor":14,"turns":3},{"damage":63,"enemies":"Slime Boss","floor":16,"turns":8}],"seed_played":"2644543226773510577","potions_obtained":[{"floor":1,"key":"Regen Potion"},{"floor":5,"key":"GhostInAJar"},{"floor":12,"key":"LiquidBronze"},{"floor":13,"key":"Poison Potion"}],"is_trial":false,"path_per_floor":["M","?","M","?","M","R","E","R","T","R","M","M","M","M","R","B"],"character_chosen":"THE_SILENT","items_purchased":[],"campfire_rested":1,"item_purchase_floors":[],"current_hp_per_floor":[70,53,53,53,53,53,34,34,34,34,32,24,33,33,57,0],"gold":278,"neow_bonus":"THREE_ENEMY_KILL","is_prod":false,"is_daily":false,"chose_seed":false,"campfire_upgraded":3,"win_rate":0,"timestamp":1562482558,"path_taken":["M","?","M","?","?","R","E","R","T","R","M","M","M","M","R","BOSS"],"build_version":"2019-07-05","purchased_purges":0,"victory":false,"max_hp_per_floor":[70,70,70,70,70,70,80,80,80,80,80,80,80,80,80,80],"card_choices":[{"not_picked":["Expertise","Slice","Sucker Punch"],"picked":"SKIP","floor":1},{"not_picked":["PiercingWail","Endless Agony"],"picked":"Poisoned Stab","floor":3},{"not_picked":["Dash","Quick Slash","Escape Plan"],"picked":"SKIP","floor":5},{"not_picked":["Distraction","Phantasmal Killer","Flying Knee"],"picked":"SKIP","floor":7},{"not_picked":["PiercingWail","Bane"],"picked":"Dagger Spray","floor":11},{"not_picked":["Calculated Gamble","Acrobatics","Cloak And Dagger"],"picked":"SKIP","floor":12},{"not_picked":["Blade Dance","Flying Knee"],"picked":"Poisoned Stab","floor":13},{"not_picked":["Dodge and Roll","Sucker Punch","Concentrate"],"picked":"SKIP","floor":14}],"player_experience":248501,"relics_obtained":[{"floor":7,"key":"Pear"}],"event_choices":[{"damage_healed":0,"gold_gain":0,"player_choice":"Take Damage","damage_taken":17,"relics_obtained":["Golden Idol"],"max_hp_gain":0,"max_hp_loss":0,"event_name":"Golden Idol","floor":2,"gold_loss":0},{"damage_healed":0,"gold_gain":0,"player_choice":"Leave","damage_taken":0,"max_hp_gain":0,"max_hp_loss":0,"event_name":"FaceTrader","floor":4,"gold_loss":0}],"is_beta":false,"boss_relics":[],"items_purged_floors":[],"is_endless":false,"potions_floor_spawned":[1,5,12,13],"killed_by":"Slime Boss","ascension_level":0}