{"gold_per_floor":[113,128,128,147,147,182,182,195,195,258,258,358,375,385,385,487,487,500,515,30,40,53,53,63,63,113,113,132,132,148,148,148,243,243,253,268,283,283],"floor_reached":38,"playtime":5525,"items_purged":[],"score":382,"play_id":"1a06c453-8498-4d17-b407-6597448b4cbf","local_time":"20190901012036","is_ascension_mode":false,"campfire_choices":[{"data":"Shrug It Off","floor":7,"key":"SMITH"},{"data":"Seeing Red","floor":11,"key":"SMITH"},{"data":"Flex","floor":15,"key":"SMITH"},{"data":"Clash","floor":23,"key":"SMITH"},{"data":"Flame Barrier","floor":25,"key":"SMITH"},{"data":"Barricade","floor":27,"key":"SMITH"},{"data":"Headbutt","floor":29,"key":"SMITH"},{"data":"Inflame","floor":32,"key":"SMITH"}],"neow_cost":"NONE","seed_source_timestamp":331732447343900,"circlet_count":0,"master_deck":["Strike_R","Strike_R","Strike_R","Strike_R","Strike_R","Defend_R","Defend_R","Defend_R+1","Defend_R+1","Bash+1","Cleave","Cleave+1","Cleave+1","Shrug It Off+1","Seeing Red+1","Anger","Warcry","Flex+1","Barricade+1","Clash+1","Thunderclap","True Grit+1","Clothesline+1","Flame Barrier+1","Headbutt+1","Inflame+1","Decay","Impervious","Clash+1","Clothesline","Thunderclap+1"],"relics":["Burning Blood","War Paint","Pantograph","Torii","White Beast Statue","Gambling Chip","Lee\u0027s Waffle","Oddly Smooth Stone","Black Star"],"potions_floor_usage":[33,37,37],"damage_taken":[{"damage":8,"enemies":"2 Louse","floor":1,"turns":3},{"damage":6,"enemies":"Jaw Worm","floor":2,"turns":3},{"damage":1,"enemies":"Cultist","floor":4,"turns":3},{"damage":28,"enemies":"Gremlin Nob","floor":6,"turns":4},{"damage":0,"enemies":"3 Louse","floor":8,"turns":2},{"damage":10,"enemies":"Gremlin Nob","floor":10,"turns":4},{"damage":0,"enemies":"Lots of Slimes","floor":13,"turns":1},{"damage":0,"enemies":"2 Fungi Beasts","floor":14,"turns":3},{"damage":71,"enemies":"Slime Boss","floor":16,"turns":11},{"damage":9,"enemies":"3 Byrds","floor":18,"turns":5},{"damage":20,"enemies":"Spheric Guardian","floor":19,"turns":5},{"damage":0,"enemies":"3 Cultists","floor":21,"turns":4},{"damage":26,"enemies":"Snecko","floor":22,"turns":7},{"damage":11,"enemies":"Snake Plant","floor":24,"turns":5},{"damage":15,"enemies":"Shelled Parasite and Fungi","floor":28,"turns":5},{"damage":7,"enemies":"Centurion and Healer","floor":30,"turns":12},{"damage":35,"enemies":"Champ","floor":33,"turns":18},{"damage":51,"enemies":"3 Darklings","floor":35,"turns":10},{"damage":6,"enemies":"3 Shapes","floor":36,"turns":3},{"damage":30,"enemies":"Transient","floor":37,"turns":5},{"damage":22,"enemies":"4 Shapes","floor":38,"turns":2}],"seed_played":"-8103576751099707349","potions_obtained":[{"floor":1,"key":"SteroidPotion"},{"floor":14,"key":"LiquidBronze"},{"floor":18,"key":"SteroidPotion"},{"floor":19,"key":"Weak Potion"},{"floor":22,"key":"Explosive Potion"},{"floor":24,"key":"PowerPotion"},{"floor":33,"key":"SpeedPotion"},{"floor":35,"key":"Block Potion"},{"floor":36,"key":"Block Potion"},{"floor":37,"key":"PowerPotion"}],"is_trial":false,"path_per_floor":["M","M","?","M","?","E","R","M","T","?","R","?","M","M","R","B",null,"M","M","$","M","M","R","M","R","T","R","M","R","M","?","R","B",null,"M","M","M","M"],"character_chosen":"IRONCLAD","items_purchased":["Gambling Chip","Lee\u0027s Waffle"],"campfire_rested":0,"item_purchase_floors":[20,20],"current_hp_per_floor":[78,78,78,80,64,42,42,48,48,44,44,44,50,56,56,15,80,77,63,87,87,67,67,62,62,62,62,53,53,52,52,52,48,87,42,42,18,0],"gold":283,"neow_bonus":"UPGRADE_CARD","is_prod":false,"is_daily":false,"chose_seed":false,"campfire_upgraded":8,"win_rate":0.0,"timestamp":1567315236,"path_taken":["M","M","?","M","?","E","R","M","T","?","R","?","M","?","R","BOSS","M","M","$","M","M","R","M","R","T","R","M","R","M","?","R","BOSS","M","?","M","M"],"build_version":"2019-07-17","purchased_purges":0,"victory":false,"max_hp_per_floor":[80,80,80,80,80,80,80,80,80,80,80,80,80,80,80,80,80,80,80,87,87,87,87,87,87,87,87,87,87,87,87,87,87,87,87,87,87,87],"card_choices":[{"not_picked":["Sword Boomerang","True Grit"],"picked":"Cleave","floor":1},{"not_picked":["Flex","Heavy Blade"],"picked":"Cleave","floor":2},{"not_picked":["Fire Breathing","Feel No Pain"],"picked":"Cleave","floor":4},{"not_picked":["Offering","Metallicize"],"picked":"Shrug It Off","floor":6},{"not_picked":["Sever Soul","Twin Strike"],"picked":"Seeing Red","floor":8},{"not_picked":["Cleave","Headbutt"],"picked":"Anger","floor":10},{"not_picked":["Flex","True Grit"],"picked":"Warcry","floor":13},{"not_picked":["Armaments","Sever Soul"],"picked":"Flex","floor":14},{"not_picked":["Fiend Fire","Brutality"],"picked":"Barricade","floor":16},{"not_picked":["Anger+1","Perfected Strike"],"picked":"Clash","floor":18},{"not_picked":["Body Slam","Flex"],"picked":"Thunderclap","floor":19},{"not_picked":["Combust","Pummel"],"picked":"True Grit+1","floor":21},{"not_picked":["Shrug It Off","Metallicize+1"],"picked":"Clothesline+1","floor":22},{"not_picked":["Warcry+1","Seeing Red"],"picked":"Flame Barrier","floor":24},{"not_picked":["Flex","Sword Boomerang+1"],"picked":"Headbutt","floor":28},{"not_picked":["Disarm+1","Feel No Pain+1"],"picked":"Inflame","floor":30},{"not_picked":["Double Tap","Dark Embrace"],"picked":"Impervious","floor":33},{"not_picked":["Pommel Strike+1","Twin Strike"],"picked":"Clash+1","floor":35},{"not_picked":["Flex","True Grit"],"picked":"Clothesline","floor":36},{"not_picked":["Corruption+1","Pommel Strike"],"picked":"Thunderclap+1","floor":37}],"player_experience":11838,"relics_obtained":[{"floor":6,"key":"War Paint"},{"floor":9,"key":"Pantograph"},{"floor":10,"key":"Torii"},{"floor":26,"key":"Oddly Smooth Stone"}],"event_choices":[{"damage_healed":0,"gold_gain":0,"player_choice":"Leave","damage_taken":0,"max_hp_gain":0,"max_hp_loss":0,"event_name":"The Cleric","floor":3,"gold_loss":0},{"damage_healed":0,"gold_gain":0,"player_choice":"Entered Light","damage_taken":16,"max_hp_gain":0,"max_hp_loss":0,"event_name":"Shining Light","floor":5,"gold_loss":0,"cards_upgraded":["Cleave","Cleave"]},{"damage_healed":0,"gold_gain":30,"player_choice":"Searched \u00273\u0027 times","damage_taken":0,"max_hp_gain":0,"max_hp_loss":0,"event_name":"Dead Adventurer","floor":10,"gold_loss":0},{"damage_healed":0,"gold_gain":100,"player_choice":"Pray","damage_taken":0,"max_hp_gain":0,"max_hp_loss":0,"event_name":"Golden Shrine","floor":12,"gold_loss":0},{"damage_healed":0,"gold_gain":0,"player_choice":"Cursed","damage_taken":0,"max_hp_gain":0,"max_hp_loss":0,"event_name":"Wheel of Change","floor":31,"gold_loss":0,"cards_obtained":["Decay"]}],"is_beta":false,"boss_relics":[{"not_picked":["Snecko Eye","Runic Pyramid"],"picked":"White Beast Statue"},{"not_picked":["Eternal Feather","Black Blood"],"picked":"Black Star"}],"items_purged_floors":[],"is_endless":false,"potions_floor_spawned":[1,14,18,19,21,22,24,28,30,33,35,36,37],"killed_by":"4 Shapes","ascension_level":0}