{"gold_per_floor":[116,81,156,156,2,2,19,29,29,29,29,48,63,73,73,170,170,181,32,107,32,47,47,57,57,57,57,76,93,93,103,103,103],"floor_reached":33,"playtime":2690,"items_purged":["Decay"],"score":263,"play_id":"7099507a-dd7f-417e-bd73-3455ffd0e4f3","local_time":"20190728164859","is_ascension_mode":true,"campfire_choices":[{"floor":6,"key":"REST"},{"floor":11,"key":"REST"},{"floor":15,"key":"REST"},{"floor":23,"key":"REST"},{"floor":25,"key":"REST"},{"floor":32,"key":"REST"}],"neow_cost":"PERCENT_DAMAGE","seed_source_timestamp":1440788770306328,"circlet_count":0,"master_deck":["Strike_R","Strike_R","Strike_R","Strike_R","Strike_R","Defend_R","Defend_R","Defend_R","Defend_R","Bash","Shrug It Off","Headbutt","Clash","Armaments","Flex","Intimidate","Bludgeon","Perfected Strike","Wild Strike+1","Iron Wave+1","Shame","Thunderclap+1","Shockwave","Spot Weakness"],"relics":["Burning Blood","Dead Branch","Gambling Chip","Orichalcum","StoneCalendar","Lizard Tail","Red Skull","Kunai","Potion Belt"],"potions_floor_usage":[13,24,33,33],"damage_taken":[{"damage":20,"enemies":"Small Slimes","floor":1,"turns":5},{"damage":0,"enemies":"2 Louse","floor":7,"turns":3},{"damage":2,"enemies":"Jaw Worm","floor":8,"turns":5},{"damage":3,"enemies":"Looter","floor":12,"turns":4},{"damage":39,"enemies":"Gremlin Gang","floor":13,"turns":7},{"damage":10,"enemies":"Exordium Wildlife","floor":14,"turns":5},{"damage":62,"enemies":"The Guardian","floor":16,"turns":13},{"damage":49,"enemies":"3 Byrds","floor":18,"turns":7},{"damage":6,"enemies":"Chosen","floor":22,"turns":4},{"damage":40,"enemies":"Centurion and Healer","floor":24,"turns":4},{"damage":45,"enemies":"Chosen and Byrds","floor":28,"turns":7},{"damage":9,"enemies":"Cultist and Chosen","floor":29,"turns":5},{"damage":28,"enemies":"Centurion and Healer","floor":31,"turns":4},{"damage":79,"enemies":"Automaton","floor":33,"turns":6}],"seed_played":"5427524138154008209","potions_obtained":[{"floor":8,"key":"SkillPotion"},{"floor":13,"key":"GamblersBrew"},{"floor":16,"key":"SpeedPotion"},{"floor":18,"key":"Explosive Potion"},{"floor":24,"key":"EssenceOfSteel"},{"floor":28,"key":"FearPotion"}],"is_trial":false,"path_per_floor":["M","?","?","?","$","R","M","M","T","?","R","M","M","M","R","B",null,"M","$","?","$","M","R","M","R","T","?","M","M","$","M","R","B"],"character_chosen":"IRONCLAD","items_purchased":["Orichalcum","Red Skull"],"campfire_rested":6,"item_purchase_floors":[5,19],"current_hp_per_floor":[42,62,51,33,33,57,63,67,67,67,80,80,47,43,67,11,80,37,37,29,29,29,53,19,43,43,43,46,43,43,21,45,0],"gold":103,"neow_bonus":"ONE_RARE_RELIC","is_prod":false,"is_daily":false,"chose_seed":false,"campfire_upgraded":0,"win_rate":0,"timestamp":1564350539,"path_taken":["M","?","?","?","$","R","M","?","T","?","R","M","?","M","R","BOSS","M","$","?","?","M","R","?","R","T","?","M","M","?","M","R","BOSS"],"build_version":"2019-07-17","purchased_purges":1,"victory":false,"max_hp_per_floor":[80,80,80,80,80,80,80,80,80,80,80,80,80,80,80,80,80,80,80,80,80,80,80,80,80,80,80,80,80,80,80,80,80],"card_choices":[{"not_picked":["Body Slam","Sword Boomerang"],"picked":"Shrug It Off","floor":1},{"not_picked":["Sever Soul","Battle Trance"],"picked":"Headbutt","floor":7},{"not_picked":["Fire Breathing","Corruption"],"picked":"Clash","floor":8},{"not_picked":["Intimidate","Clothesline"],"picked":"Armaments","floor":12},{"not_picked":["Fire Breathing","Thunderclap"],"picked":"Flex","floor":13},{"not_picked":["Seeing Red","Body Slam"],"picked":"Intimidate","floor":14},{"not_picked":["Dark Embrace","Impervious"],"picked":"Bludgeon","floor":16},{"not_picked":["Warcry","Clash"],"picked":"Perfected Strike","floor":18},{"not_picked":["Armaments","Flame Barrier"],"picked":"Wild Strike+1","floor":22},{"not_picked":["Wild Strike","Flex"],"picked":"Iron Wave+1","floor":24},{"not_picked":["Blood for Blood","Feel No Pain"],"picked":"Thunderclap+1","floor":28},{"not_picked":["Carnage+1","Iron Wave"],"picked":"Shockwave","floor":29},{"not_picked":["Thunderclap","Uppercut"],"picked":"Spot Weakness","floor":31}],"player_experience":222162,"relics_obtained":[{"floor":9,"key":"StoneCalendar"},{"floor":26,"key":"Kunai"}],"event_choices":[{"damage_healed":20,"gold_gain":0,"player_choice":"Healed","damage_taken":0,"max_hp_gain":0,"max_hp_loss":0,"event_name":"The Cleric","floor":2,"gold_loss":35},{"damage_healed":0,"gold_gain":75,"player_choice":"Gather Gold","damage_taken":11,"max_hp_gain":0,"max_hp_loss":0,"event_name":"World of Goop","floor":3,"gold_loss":0},{"damage_healed":0,"gold_gain":0,"player_choice":"Success","damage_taken":18,"relics_obtained":["Gambling Chip"],"max_hp_gain":0,"max_hp_loss":0,"event_name":"Scrap Ooze","floor":4,"gold_loss":0},{"damage_healed":0,"gold_gain":0,"player_choice":"Cursed","damage_taken":0,"max_hp_gain":0,"max_hp_loss":0,"event_name":"Wheel of Change","floor":10,"gold_loss":0,"cards_obtained":["Decay"]},{"damage_healed":0,"gold_gain":75,"player_choice":"Touch","damage_taken":8,"max_hp_gain":0,"max_hp_loss":0,"event_name":"FaceTrader","floor":20,"gold_loss":0},{"damage_healed":0,"gold_gain":0,"player_choice":"Stole Relic","damage_taken":0,"relics_obtained":["Potion Belt"],"max_hp_gain":0,"max_hp_loss":0,"event_name":"Addict","floor":27,"gold_loss":0,"cards_obtained":["Shame"]}],"is_beta":false,"boss_relics":[{"not_picked":["Coffee Dripper","Velvet Choker"],"picked":"Lizard Tail"}],"items_purged_floors":[21],"is_endless":false,"potions_floor_spawned":[8,13,16,18,24,28],"killed_by":"Automaton","ascension_level":2}