{"gold_per_floor":[217,217,217,129,144,144,155,167,246,246,265,265,282,122,122,195,195,214,39,39,52,71,71,71,71,71,102,113,113],"floor_reached":29,"playtime":778,"items_purged":["Strike_B"],"score":470,"play_id":"808f31f3-3304-42ce-a867-6a69fc81f506","local_time":"20190815130229","is_ascension_mode":true,"campfire_choices":[{"data":"Chaos","floor":6,"key":"SMITH"},{"data":"Zap","floor":10,"key":"SMITH"},{"data":"Dualcast","floor":12,"key":"SMITH"},{"data":"Redo","floor":15,"key":"SMITH"},{"data":"Sunder","floor":23,"key":"SMITH"},{"data":"Heatsinks","floor":25,"key":"SMITH"}],"neow_cost":"NONE","seed_source_timestamp":1539775538393125,"circlet_count":0,"master_deck":["AscendersBane","Defend_B","Defend_B","Defend_B","Zap+1","Dualcast+1","Chaos+1","Compile Driver","Redo+1","Lockon","Heatsinks+1","Electrodynamics","Turbo","Undo","Panacea","Sunder+1","Self Repair","Multi-Cast","Ball Lightning"],"relics":["Cracked Core","Orichalcum","Empty Cage","Strawberry","Shovel"],"potions_floor_usage":[16,18,18,27,27,27,28,29],"damage_taken":[{"damage":2,"enemies":"Jaw Worm","floor":1,"turns":4},{"damage":5,"enemies":"2 Louse","floor":5,"turns":4},{"damage":0,"enemies":"Cultist","floor":7,"turns":3},{"damage":12,"enemies":"Large Slime","floor":8,"turns":5},{"damage":6,"enemies":"Lots of Slimes","floor":11,"turns":2},{"damage":13,"enemies":"3 Louse","floor":13,"turns":3},{"damage":6,"enemies":"The Guardian","floor":16,"turns":9},{"damage":0,"enemies":"3 Byrds","floor":18,"turns":3},{"damage":4,"enemies":"Chosen","floor":21,"turns":6},{"damage":0,"enemies":"3 Cultists","floor":22,"turns":3},{"damage":33,"enemies":"Book of Stabbing","floor":27,"turns":4},{"damage":49,"enemies":"Shelled Parasite and Fungi","floor":28,"turns":6},{"damage":18,"enemies":"Snake Plant","floor":29,"turns":1}],"seed_played":"-4881855507952329244","potions_obtained":[{"floor":7,"key":"FocusPotion"},{"floor":11,"key":"SkillPotion"},{"floor":16,"key":"Explosive Potion"},{"floor":22,"key":"Poison Potion"},{"floor":24,"key":"EntropicBrew"},{"floor":24,"key":"Energy Potion"},{"floor":27,"key":"Regen Potion"},{"floor":28,"key":"PowerPotion"}],"is_trial":false,"path_per_floor":["M","?","?","?","M","R","M","M","T","R","M","R","M","$","R","B",null,"M","$","?","M","M","R","?","R","T","E","M","M"],"character_chosen":"DEFECT","items_purchased":["Heatsinks","Undo","Panacea"],"campfire_rested":0,"item_purchase_floors":[14,19,19],"current_hp_per_floor":[62,67,60,60,55,55,55,43,43,43,37,37,24,24,24,18,62,62,62,62,58,58,58,58,58,65,39,12,0],"gold":113,"neow_bonus":"HUNDRED_GOLD","is_prod":false,"is_daily":false,"chose_seed":false,"campfire_upgraded":6,"win_rate":0,"timestamp":1565845349,"path_taken":["M","?","?","?","M","R","M","M","T","R","M","R","M","$","R","BOSS","M","$","?","M","M","R","?","R","T","E","M","?"],"build_version":"2019-07-17","purchased_purges":1,"victory":false,"max_hp_per_floor":[71,76,76,76,76,76,76,76,76,76,76,76,76,76,76,76,76,76,76,76,76,76,76,76,76,83,83,83,83],"card_choices":[{"not_picked":["Barrage","Sweeping Beam"],"picked":"Chaos","floor":1},{"not_picked":["Gash","Barrage"],"picked":"Compile Driver","floor":5},{"not_picked":["Double Energy","Sweeping Beam"],"picked":"Redo","floor":7},{"not_picked":["FTL","Auto Shields","Rip and Tear"],"picked":"SKIP","floor":8},{"not_picked":["Melter","Barrage"],"picked":"Lockon","floor":11},{"not_picked":["Leap","Storm","Blizzard"],"picked":"SKIP","floor":13},{"not_picked":["Hyperbeam","Fission"],"picked":"Electrodynamics","floor":16},{"not_picked":["Lockon+1","Sweeping Beam"],"picked":"Turbo","floor":18},{"not_picked":["Cold Snap","Stack"],"picked":"Sunder","floor":21},{"not_picked":["Barrage+1","Gash"],"picked":"Self Repair","floor":22},{"not_picked":["Glacier","Seek"],"picked":"Multi-Cast","floor":27},{"not_picked":["Stack+1","Turbo"],"picked":"Ball Lightning","floor":28}],"player_experience":2164293,"relics_obtained":[{"floor":26,"key":"Strawberry"},{"floor":27,"key":"Shovel"}],"event_choices":[{"damage_healed":0,"gold_gain":0,"player_choice":"Donut","damage_taken":0,"max_hp_gain":5,"max_hp_loss":0,"event_name":"Big Fish","floor":2,"gold_loss":0},{"cards_removed":["Strike_B"],"damage_healed":0,"gold_gain":0,"player_choice":"Card Removal","damage_taken":7,"max_hp_gain":0,"max_hp_loss":0,"event_name":"Golden Wing","floor":3,"gold_loss":0},{"damage_healed":0,"gold_gain":0,"player_choice":"Paid Gold","damage_taken":0,"relics_obtained":["Orichalcum"],"max_hp_gain":0,"max_hp_loss":0,"event_name":"WeMeetAgain","floor":4,"gold_loss":88},{"cards_removed":["Defend_B"],"damage_healed":0,"gold_gain":0,"player_choice":"Elegance","damage_taken":0,"max_hp_gain":0,"max_hp_loss":0,"event_name":"Back to Basics","floor":20,"gold_loss":0},{"damage_healed":0,"gold_gain":0,"player_choice":"Got Potions","damage_taken":0,"max_hp_gain":0,"max_hp_loss":0,"event_name":"Lab","floor":24,"gold_loss":0}],"is_beta":false,"boss_relics":[{"not_picked":["Snecko Eye","Busted Crown"],"picked":"Empty Cage"}],"items_purged_floors":[14],"is_endless":false,"potions_floor_spawned":[7,11,16,22,27,28],"killed_by":"Snake Plant","ascension_level":20}