{"gold_per_floor":[216,216,216,234,254,266,14,32,57,86,86,86,103,119,119,216,216,229,154,166,46,64,64,89,89,115,126,136,136,153,153,153,153],"floor_reached":33,"playtime":1800,"items_purged":["Scrape"],"score":271,"play_id":"f4169c20-dad7-4a8b-b94d-c68c575dd044","local_time":"20190508161723","is_ascension_mode":false,"campfire_choices":[{"floor":12,"key":"REST"},{"floor":15,"key":"REST"},{"floor":23,"key":"REST"},{"floor":25,"key":"REST"},{"floor":29,"key":"REST"},{"floor":32,"key":"REST"}],"neow_cost":"NONE","seed_source_timestamp":6853605690536,"circlet_count":0,"master_deck":["Defend_B","Defend_B","Defend_B","Defend_B","Dualcast","Static Discharge","Barrage","Conserve Battery","Sweeping Beam","Electrodynamics","Gash+1","Force Field+1","Storm","Consume","Loop","Ball Lightning+1","Leap","Sweeping Beam+1","Leap+1","Sweeping Beam+1","Consume"],"relics":["Cracked Core","Boot","Happy Flower","Strawberry","Juzu Bracelet","Molten Egg 2","Astrolabe","Unceasing Top"],"potions_floor_usage":[],"damage_taken":[{"damage":5,"enemies":"Jaw Worm","floor":1,"turns":4},{"damage":1,"enemies":"Cultist","floor":4,"turns":3},{"damage":0,"enemies":"Small Slimes","floor":5,"turns":2},{"damage":4,"enemies":"3 Louse","floor":6,"turns":3},{"damage":10,"enemies":"Looter","floor":8,"turns":3},{"damage":37,"enemies":"Gremlin Nob","floor":10,"turns":4},{"damage":9,"enemies":"Red Slaver","floor":13,"turns":3},{"damage":5,"enemies":"3 Louse","floor":14,"turns":2},{"damage":41,"enemies":"The Guardian","floor":16,"turns":10},{"damage":8,"enemies":"Chosen","floor":18,"turns":5},{"damage":25,"enemies":"3 Byrds","floor":20,"turns":3},{"damage":21,"enemies":"Snake Plant","floor":22,"turns":3},{"damage":27,"enemies":"Gremlin Leader","floor":24,"turns":5},{"damage":13,"enemies":"Centurion and Healer","floor":27,"turns":4},{"damage":14,"enemies":"Snecko","floor":28,"turns":5},{"damage":27,"enemies":"Sentry and Sphere","floor":30,"turns":4},{"damage":43,"enemies":"Collector","floor":33,"turns":10}],"seed_played":"-8249674801398677333","potions_obtained":[{"floor":1,"key":"Strength Potion"},{"floor":5,"key":"SteroidPotion"},{"floor":8,"key":"PowerPotion"}],"is_trial":false,"path_per_floor":["M","?","?","M","M","M","$","M","T","E","T","R","M","M","R","B",null,"M","?","M","$","M","R","E","R","T","M","M","R","M","?","R","B"],"character_chosen":"DEFECT","items_purchased":["Happy Flower","Conserve Battery","Loop","Ball Lightning+1"],"campfire_rested":6,"item_purchase_floors":[7,7,21,21],"current_hp_per_floor":[70,63,56,55,55,51,51,41,48,11,11,35,26,21,45,4,82,74,74,49,49,28,52,25,49,49,36,22,46,19,19,43,0],"gold":153,"neow_bonus":"HUNDRED_GOLD","is_prod":false,"is_daily":false,"chose_seed":false,"campfire_upgraded":0,"win_rate":0,"timestamp":1557357443,"path_taken":["M","?","?","M","?","M","$","M","T","E","?","R","M","M","R","BOSS","M","?","M","$","M","R","E","R","T","M","M","R","M","?","R","BOSS"],"build_version":"2019-01-23","purchased_purges":1,"victory":false,"max_hp_per_floor":[75,75,75,75,75,75,75,75,82,82,82,82,82,82,82,82,82,82,82,82,82,82,82,82,82,82,82,82,82,82,82,82,82],"card_choices":[{"not_picked":["Chill","Cold Snap","Coolheaded"],"picked":"SKIP","floor":1},{"not_picked":["Compile Driver","Stack"],"picked":"Scrape","floor":4},{"not_picked":["Force Field","Hologram"],"picked":"Static Discharge","floor":5},{"not_picked":["Auto Shields","Darkness"],"picked":"Barrage","floor":6},{"not_picked":["Darkness","Gash"],"picked":"Sweeping Beam","floor":8},{"not_picked":["Compile Driver","Ball Lightning"],"picked":"Electrodynamics","floor":10},{"not_picked":["Coolheaded","Recycle"],"picked":"Gash+1","floor":13},{"not_picked":["White Noise","Rebound+1","Double Energy"],"picked":"SKIP","floor":14},{"not_picked":["Compile Driver+1","Reprogram"],"picked":"Storm","floor":18},{"not_picked":["Sunder+1","Redo"],"picked":"Consume","floor":20},{"not_picked":["Consume","Stack"],"picked":"Leap","floor":22},{"not_picked":["Compile Driver+1","Go for the Eyes+1"],"picked":"Sweeping Beam+1","floor":24},{"not_picked":["Darkness","Conserve Battery"],"picked":"Leap+1","floor":27},{"not_picked":["Cold Snap+1","Creative AI","Chill+1"],"picked":"SKIP","floor":28},{"not_picked":["Cold Snap+1","Creative AI","Chill+1"],"picked":"SKIP","floor":28},{"not_picked":["Hello World","Rebound+1","Glacier"],"picked":"SKIP","floor":30}],"player_experience":131369,"relics_obtained":[{"floor":9,"key":"Strawberry"},{"floor":10,"key":"Juzu Bracelet"},{"floor":11,"key":"Molten Egg 2"},{"floor":24,"key":"Unceasing Top"}],"event_choices":[{"cards_removed":["Strike_B"],"damage_healed":0,"gold_gain":0,"player_choice":"Card Removal","damage_taken":7,"max_hp_gain":0,"max_hp_loss":0,"event_name":"Golden Wing","floor":2,"gold_loss":0},{"damage_healed":0,"gold_gain":0,"player_choice":"Success","damage_taken":7,"relics_obtained":["Boot"],"max_hp_gain":0,"max_hp_loss":0,"event_name":"Scrap Ooze","floor":3,"gold_loss":0},{"cards_removed":["Creative AI"],"damage_healed":0,"gold_gain":0,"player_choice":"Gave Gold","damage_taken":0,"max_hp_gain":0,"max_hp_loss":0,"event_name":"Beggar","floor":19,"gold_loss":75},{"damage_healed":0,"gold_gain":0,"cards_transformed":["Hyperbeam","Zap"],"player_choice":"Became Test Subject","damage_taken":0,"max_hp_gain":0,"max_hp_loss":0,"event_name":"Drug Dealer","floor":31,"gold_loss":0,"cards_obtained":["Sweeping Beam","Consume"]}],"is_beta":false,"boss_relics":[{"not_picked":["Coffee Dripper","Calling Bell"],"picked":"Astrolabe"}],"items_purged_floors":[7],"is_endless":false,"potions_floor_spawned":[1,5,8,14,16,18,22,30],"killed_by":"Collector","ascension_level":0}