{"gold_per_floor":[117,117,132,22,32,32,51,51,51,82,82,113,113,129,129,204,204,220,220,220,237,257,257,19,19,19,31,31,81,81],"floor_reached":30,"playtime":616,"items_purged":["Strike_B"],"score":576,"play_id":"d1121a57-8a1f-4dad-ba94-12e1f9f96659","local_time":"20190815131735","is_ascension_mode":true,"campfire_choices":[{"data":"Beam Cell","floor":6.0,"key":"SMITH"},{"data":"Dualcast","floor":8.0,"key":"SMITH"},{"data":"Redo","floor":13.0,"key":"SMITH"},{"data":"Coolheaded","floor":15.0,"key":"SMITH"},{"data":"Heatsinks","floor":23.0,"key":"SMITH"},{"data":"Fusion","floor":25.0,"key":"SMITH"}],"neow_cost":"NONE","seed_source_timestamp":1540810512378235,"circlet_count":0,"master_deck":["AscendersBane","Defend_B","Defend_B","Defend_B","Defend_B","Zap+1","Dualcast+1","Ball Lightning","Heatsinks+1","Compile Driver","Beam Cell+1","Coolheaded+1","Heatsinks","Redo+1","Lockon","All For One","Auto Shields","Ghostly","Ghostly","Ghostly","Compile Driver","Sunder+1","Fusion+1","Panacea","FTL","Glacier"],"special_seed":0,"relics":["Cracked Core","NeowsBlessing","Symbiotic Virus","Smiling Mask","Runic Pyramid","Sundial"],"potions_floor_usage":[],"damage_taken":[{"damage":0.0,"enemies":"Jaw Worm","floor":1.0,"turns":1.0},{"damage":0.0,"enemies":"Cultist","floor":3.0,"turns":1.0},{"damage":0.0,"enemies":"Small Slimes","floor":5.0,"turns":1.0},{"damage":2.0,"enemies":"Looter","floor":7.0,"turns":3.0},{"damage":15.0,"enemies":"Lagavulin","floor":10.0,"turns":5.0},{"damage":26.0,"enemies":"3 Sentries","floor":12.0,"turns":6.0},{"damage":7.0,"enemies":"Exordium Wildlife","floor":14.0,"turns":2.0},{"damage":0.0,"enemies":"Slime Boss","floor":16.0,"turns":5.0},{"damage":21.0,"enemies":"2 Thieves","floor":18.0,"turns":3.0},{"damage":13.0,"enemies":"3 Byrds","floor":21.0,"turns":5.0},{"damage":1.0,"enemies":"Snecko","floor":22.0,"turns":5.0},{"damage":14.0,"enemies":"Snake Plant","floor":27.0,"turns":3.0},{"damage":21,"enemies":"Shelled Parasite and Fungi","floor":30,"turns":1}],"seed_played":"-3044713512536414368","potions_obtained":[{"floor":1.0,"key":"Dexterity Potion"},{"floor":7.0,"key":"Explosive Potion"},{"floor":10.0,"key":"FocusPotion"},{"floor":12.0,"key":"Poison Potion"},{"floor":14.0,"key":"Block Potion"}],"is_trial":false,"path_per_floor":["M","?","M","$","M","R","M","R","T","E","?","E","R","M","R","B",null,"M","?","?","M","M","R","$","R","T","M","?","?","M"],"character_chosen":"DEFECT","items_purchased":["Heatsinks","Compile Driver","Fusion","Panacea"],"campfire_rested":0,"item_purchase_floors":[4,4,24,24],"current_hp_per_floor":[64,64,64,64,64,64,62,62,62,47,47,21,21,14,14,14,57,36,36,35,22,21,21,21,21,21,7,7,4,0],"gold":81,"neow_bonus":"THREE_ENEMY_KILL","is_prod":false,"is_daily":false,"chose_seed":false,"campfire_upgraded":6,"win_rate":0,"timestamp":1565846255,"path_taken":["M","?","M","$","?","R","M","R","T","E","?","E","R","M","R","BOSS","M","?","?","M","M","R","$","R","T","?","?","?","?"],"build_version":"2019-07-17","purchased_purges":1,"victory":false,"max_hp_per_floor":[71,71,71,71,71,71,71,71,71,71,71,71,71,71,71,71,71,71,71,35,35,35,35,35,35,35,35,35,35,35],"card_choices":[{"not_picked":["Reprogram","Gash","Barrage"],"picked":"SKIP","floor":1.0},{"not_picked":["Coolheaded","Steam"],"picked":"Ball Lightning","floor":3.0},{"not_picked":["Steam","Auto Shields"],"picked":"Beam Cell","floor":5.0},{"not_picked":["Barrage","Go for the Eyes"],"picked":"Coolheaded","floor":7.0},{"not_picked":["Reprogram","Thunder Strike"],"picked":"Heatsinks","floor":10.0},{"not_picked":["Static Discharge","Ball Lightning"],"picked":"Lockon","floor":12.0},{"not_picked":["Stack","Sweeping Beam","Go for the Eyes"],"picked":"SKIP","floor":14.0},{"not_picked":["Thunder Strike","Buffer"],"picked":"All For One","floor":16.0},{"not_picked":["Blizzard","Go for the Eyes"],"picked":"Auto Shields","floor":18.0},{"not_picked":["Heatsinks","Gash"],"picked":"Compile Driver","floor":21.0},{"not_picked":["Hello World","Stack"],"picked":"Sunder+1","floor":22.0},{"not_picked":["Rebound","Ball Lightning","Steam"],"picked":"SKIP","floor":27.0}],"player_experience":2165235,"relics_obtained":[{"floor":10.0,"key":"Symbiotic Virus"},{"floor":12.0,"key":"Smiling Mask"},{"floor":26.0,"key":"Sundial"}],"event_choices":[{"damage_healed":0.0,"max_hp_gain":0.0,"max_hp_loss":0.0,"gold_gain":0.0,"event_name":"Upgrade Shrine","player_choice":"Upgraded","floor":2.0,"gold_loss":0.0,"damage_taken":0.0,"cards_upgraded":["Zap"]},{"damage_healed":0.0,"max_hp_gain":0.0,"max_hp_loss":0.0,"gold_gain":0.0,"cards_transformed":["Strike_B"],"event_name":"Living Wall","player_choice":"Change","floor":11.0,"gold_loss":0.0,"damage_taken":0.0,"cards_obtained":["Redo"]},{"damage_healed":0.0,"max_hp_gain":0.0,"max_hp_loss":0.0,"gold_gain":0.0,"event_name":"Vampires","player_choice":"Ignored","floor":19.0,"gold_loss":0.0,"damage_taken":0.0},{"damage_healed":0.0,"max_hp_gain":0.0,"max_hp_loss":36.0,"gold_gain":0.0,"event_name":"Ghosts","player_choice":"Became a Ghost","floor":20.0,"gold_loss":0.0,"damage_taken":0.0,"cards_obtained":["Ghostly","Ghostly","Ghostly"]},{"damage_healed":0.0,"max_hp_gain":0.0,"max_hp_loss":0.0,"gold_gain":0.0,"cards_transformed":["Strike_B","Strike_B"],"event_name":"Drug Dealer","player_choice":"Became Test Subject","floor":28.0,"gold_loss":0.0,"damage_taken":0.0,"cards_obtained":["FTL","Glacier"]},{"damage_healed":0,"gold_gain":50,"player_choice":"Touch","damage_taken":3,"max_hp_gain":0,"max_hp_loss":0,"event_name":"FaceTrader","floor":29,"gold_loss":0}],"is_beta":false,"boss_relics":[{"not_picked":["Lizard Tail","Orrery"],"picked":"Runic Pyramid"}],"items_purged_floors":[24],"is_endless":false,"potions_floor_spawned":[1,7,10,12,14],"killed_by":"Shelled Parasite and Fungi","ascension_level":20}