{"gold_per_floor":[114,133,146,71,21,21,40,67,67,101,101,120,154,154,154,256,256,275,292,42,42,58,58,74,74,74,88,88,88,88,48,48,153,153,169,0,55,55,55,65,65,65],"floor_reached":42,"playtime":2720,"items_purged":["Strike_G","Strike_G"],"score":404,"play_id":"f278aa99-ca1a-49af-9980-5dca734072e4","local_time":"20190503113648","is_ascension_mode":false,"campfire_choices":[{"data":"Dagger Spray","floor":6,"key":"SMITH"},{"data":"Dash","floor":11,"key":"SMITH"},{"floor":15,"key":"REST"},{"data":"Quick Slash","floor":23,"key":"SMITH"},{"data":"Neutralize","floor":25,"key":"SMITH"},{"floor":29,"key":"REST"},{"data":"Dash","floor":32,"key":"SMITH"},{"floor":41,"key":"REST"}],"neow_cost":"NONE","seed_source_timestamp":5167798612584,"circlet_count":0,"master_deck":["Defend_G","Defend_G","Defend_G","Defend_G","Defend_G","Survivor","Neutralize+1","Acrobatics","Dagger Spray+1","Backstab","Prepared","Quick Slash+1","Dash+1","Backstab","Dagger Spray+1","Dagger Throw+1","Crippling Poison+1","Dash+1","Leg Sweep+1","Quick Slash","Dagger Throw+1"],"relics":["Ring of the Snake","Lantern","Odd Mushroom","StoneCalendar","Nunchaku","Anchor","Lizard Tail","Oddly Smooth Stone","Toxic Egg 2","Empty Cage","Red Mask","Ginger"],"potions_floor_usage":[2,23],"damage_taken":[{"damage":0,"enemies":"2 Louse","floor":1,"turns":4},{"damage":0,"enemies":"Small Slimes","floor":2,"turns":4},{"damage":5,"enemies":"Jaw Worm","floor":3,"turns":4},{"damage":0,"enemies":"2 Fungi Beasts","floor":7,"turns":2},{"damage":9,"enemies":"The Mushroom Lair","floor":8,"turns":4},{"damage":16,"enemies":"Lagavulin","floor":10,"turns":7},{"damage":13,"enemies":"Large Slime","floor":12,"turns":6},{"damage":14,"enemies":"Gremlin Nob","floor":13,"turns":3},{"damage":24,"enemies":"The Guardian","floor":16,"turns":13},{"damage":18,"enemies":"Spheric Guardian","floor":18,"turns":5},{"damage":6,"enemies":"2 Thieves","floor":19,"turns":4},{"damage":0,"enemies":"Snecko","floor":22,"turns":4},{"damage":6,"enemies":"3 Cultists","floor":24,"turns":4},{"damage":0,"enemies":"Cultist and Chosen","floor":27,"turns":6},{"damage":62,"enemies":"Automaton","floor":33,"turns":12},{"damage":5,"enemies":"Orb Walker","floor":35,"turns":4},{"damage":53,"enemies":"2 Orb Walkers","floor":37,"turns":7},{"damage":26,"enemies":"3 Darklings","floor":40,"turns":7},{"damage":99,"enemies":"Giant Head","floor":42,"turns":10}],"seed_played":"-6134057472441459182","potions_obtained":[{"floor":2,"key":"Fruit Juice"},{"floor":7,"key":"GhostInAJar"},{"floor":12,"key":"Explosive Potion"},{"floor":22,"key":"Fruit Juice"},{"floor":24,"key":"Swift Potion"},{"floor":40,"key":"Fruit Juice"}],"is_trial":false,"path_per_floor":["M","M","M","$","?","R","M","?","T","E","R","M","E","?","R","B",null,"M","M","$","?","M","R","M","R","T","M","?","R","?","$","R","B",null,"M","?","?","$","?","M","R","E"],"character_chosen":"THE_SILENT","items_purchased":["Oddly Smooth Stone","Leg Sweep+1"],"campfire_rested":3,"item_purchase_floors":[20,31],"current_hp_per_floor":[70,75,70,70,70,70,70,61,61,45,45,32,18,18,40,16,75,57,51,51,51,51,56,50,50,50,50,50,74,74,74,74,12,80,75,75,22,22,22,38,60,0],"gold":65,"neow_bonus":"RANDOM_COMMON_RELIC","is_prod":false,"is_daily":false,"chose_seed":false,"campfire_upgraded":5,"win_rate":0,"timestamp":1556908608,"path_taken":["M","M","M","$","?","R","M","?","T","E","R","M","E","?","R","BOSS","M","M","$","?","M","R","M","R","T","M","?","R","?","$","R","BOSS","M","?","?","$","?","M","R","E"],"build_version":"2019-01-23","purchased_purges":2,"victory":false,"max_hp_per_floor":[70,75,75,75,75,75,75,75,75,75,75,75,75,75,75,75,75,75,75,75,75,75,80,80,80,80,80,80,80,80,80,80,80,80,80,80,80,80,76,76,76,76],"card_choices":[{"not_picked":["Deflect","Cloak And Dagger"],"picked":"Acrobatics","floor":1},{"not_picked":["Outmaneuver","Acrobatics"],"picked":"Dagger Spray","floor":2},{"not_picked":["Accuracy","Blur"],"picked":"Backstab","floor":3},{"not_picked":["Night Terror","Poisoned Stab"],"picked":"Prepared","floor":7},{"not_picked":["Flying Knee","Dodge and Roll"],"picked":"Quick Slash","floor":8},{"not_picked":["Bane","Concentrate"],"picked":"Dash","floor":10},{"not_picked":["Slice","Acrobatics","Accuracy"],"picked":"SKIP","floor":12},{"not_picked":["Escape Plan","Backflip"],"picked":"Backstab","floor":13},{"not_picked":["Underhanded Strike+1","Sucker Punch"],"picked":"Dagger Spray+1","floor":18},{"not_picked":["Accuracy+1","Catalyst"],"picked":"Dagger Throw+1","floor":19},{"not_picked":["Flying Knee+1","A Thousand Cuts","Poisoned Stab+1"],"picked":"SKIP","floor":22},{"not_picked":["Choke","Setup"],"picked":"Crippling Poison+1","floor":24},{"not_picked":["Dodge and Roll+1","Predator","Blur+1"],"picked":"SKIP","floor":27},{"not_picked":["Well Laid Plans","Prepared+1"],"picked":"Quick Slash","floor":35},{"not_picked":["Deflect+1","Poisoned Stab+1"],"picked":"Dagger Throw+1","floor":37},{"not_picked":["Dash","Deflect+1","Sucker Punch"],"picked":"SKIP","floor":40}],"player_experience":107265,"relics_obtained":[{"floor":8,"key":"Odd Mushroom"},{"floor":9,"key":"StoneCalendar"},{"floor":10,"key":"Nunchaku"},{"floor":13,"key":"Anchor"},{"floor":26,"key":"Toxic Egg 2"},{"floor":37,"key":"Ginger"}],"event_choices":[{"cards_removed":["Strike_G"],"damage_healed":0,"gold_gain":0,"player_choice":"Card Removal","damage_taken":0,"max_hp_gain":0,"max_hp_loss":0,"event_name":"The Cleric","floor":5,"gold_loss":50},{"damage_healed":0,"gold_gain":0,"player_choice":"Fought Mushrooms","damage_taken":0,"max_hp_gain":0,"max_hp_loss":0,"event_name":"Mushrooms","floor":8,"gold_loss":0},{"damage_healed":0,"gold_gain":0,"player_choice":"Ignored","damage_taken":0,"max_hp_gain":0,"max_hp_loss":0,"event_name":"Liars Game","floor":14,"gold_loss":0},{"damage_healed":0,"gold_gain":0,"player_choice":"Ignored","damage_taken":0,"max_hp_gain":0,"max_hp_loss":0,"event_name":"Vampires","floor":21,"gold_loss":0},{"damage_healed":0,"gold_gain":0,"player_choice":"Ignored","damage_taken":0,"max_hp_gain":0,"max_hp_loss":0,"event_name":"Cursed Tome","floor":28,"gold_loss":0},{"damage_healed":0,"gold_gain":0,"player_choice":"Read","damage_taken":0,"max_hp_gain":0,"max_hp_loss":0,"event_name":"The Library","floor":30,"gold_loss":0,"cards_obtained":["Dash"]},{"damage_healed":0,"gold_gain":0,"player_choice":"Paid","damage_taken":0,"relics_obtained":["Red Mask"],"max_hp_gain":0,"max_hp_loss":0,"event_name":"Tomb of Lord Red Mask","floor":36,"gold_loss":169},{"damage_healed":0,"gold_gain":0,"player_choice":"Fight","damage_taken":0,"max_hp_gain":0,"max_hp_loss":0,"event_name":"Mysterious Sphere","floor":37,"gold_loss":0},{"damage_healed":0,"gold_gain":0,"player_choice":"Max HP","damage_taken":0,"max_hp_gain":0,"max_hp_loss":4,"event_name":"Winding Halls","floor":39,"gold_loss":0}],"is_beta":false,"boss_relics":[{"not_picked":["Eternal Feather","Snecko Eye"],"picked":"Lizard Tail"},{"not_picked":["Coffee Dripper","WristBlade"],"picked":"Empty Cage"}],"items_purged_floors":[4,20],"is_endless":false,"potions_floor_spawned":[2,7,12,22,24,27,33,35,37,40],"killed_by":"Giant Head","ascension_level":0}