{"gold_per_floor":[114,74,87,87,87,87,114,114,186,205,222,236,264,264,264,362,362,377,145,155,170,189,218,218,235,235,235,235,248,115,134,134,233,233,249,249,249,249,262,288,288,17,68,78,92,92,105,120,120,120],"floor_reached":51,"playtime":3274,"items_purged":[],"score":931,"play_id":"9addd980-e814-470f-bd44-89f941fe4acf","local_time":"20190904214722","is_ascension_mode":true,"campfire_choices":[{"data":"Bash","floor":6,"key":"SMITH"},{"data":"Corruption","floor":8,"key":"SMITH"},{"data":"Feel No Pain","floor":15,"key":"SMITH"},{"data":"Juggernaut","floor":24,"key":"SMITH"},{"data":"Flame Barrier","floor":27,"key":"SMITH"},{"data":"Body Slam","floor":32,"key":"SMITH"},{"floor":41,"key":"REST"},{"data":"Feel No Pain","floor":46,"key":"SMITH"},{"floor":49,"key":"REST"}],"neow_cost":"NONE","seed_source_timestamp":373321845571661,"circlet_count":0,"master_deck":["Strike_R+1","Strike_R+1","Strike_R+1","Strike_R+1","Defend_R+1","Defend_R+1","Defend_R+1","Defend_R+1","Battle Trance+1","Feel No Pain+1","Burning Pact+1","Corruption+1","Flame Barrier+1","Juggernaut+1","Body Slam+1","Master of Strategy+1","Burning Pact+1","Seeing Red+1","Warcry+1","Shrug It Off+1","Body Slam+1","Feel No Pain+1","Shrug It Off+1","Battle Trance+1","Fiend Fire+1","Entrench+1","Rage+1","Feel No Pain+1","Shrug It Off+1","Body Slam+1"],"relics":["Burning Blood","NeowsBlessing","Bottled Lightning","Letter Opener","Orichalcum","Philosopher\u0027s Stone","Meat on the Bone","Turnip","Busted Crown","Mark of the Bloom","Incense Burner","TheAbacus","Anchor"],"potions_floor_usage":[12,16,28,40,50,50],"damage_taken":[{"damage":0,"enemies":"Cultist","floor":1,"turns":1},{"damage":0,"enemies":"Small Slimes","floor":3,"turns":1},{"damage":0,"enemies":"Gremlin Nob","floor":7,"turns":1},{"damage":4,"enemies":"2 Louse","floor":10,"turns":4},{"damage":0,"enemies":"Large Slime","floor":11,"turns":6},{"damage":2,"enemies":"2 Fungi Beasts","floor":12,"turns":4},{"damage":15,"enemies":"Lagavulin","floor":13,"turns":8},{"damage":54,"enemies":"Slime Boss","floor":16,"turns":16},{"damage":35,"enemies":"Spheric Guardian","floor":18,"turns":6},{"damage":8,"enemies":"2 Thieves","floor":20,"turns":4},{"damage":8,"enemies":"3 Cultists","floor":21,"turns":3},{"damage":6,"enemies":"Chosen and Byrds","floor":22,"turns":4},{"damage":14,"enemies":"Gremlin Leader","floor":23,"turns":5},{"damage":2,"enemies":"Cultist and Chosen","floor":25,"turns":4},{"damage":0,"enemies":"Centurion and Healer","floor":28,"turns":1},{"damage":0,"enemies":"Chosen and Byrds","floor":29,"turns":4},{"damage":0,"enemies":"Cultist and Chosen","floor":31,"turns":4},{"damage":0,"enemies":"Collector","floor":33,"turns":4},{"damage":15,"enemies":"3 Darklings","floor":35,"turns":3},{"damage":0,"enemies":"3 Shapes","floor":39,"turns":2},{"damage":0,"enemies":"Reptomancer","floor":40,"turns":3},{"damage":0,"enemies":"Transient","floor":44,"turns":5},{"damage":0,"enemies":"Sphere and 2 Shapes","floor":45,"turns":3},{"damage":0,"enemies":"Spire Growth","floor":47,"turns":4},{"damage":0,"enemies":"Maw","floor":48,"turns":3},{"damage":3,"enemies":"Time Eater","floor":50,"turns":7}],"seed_played":"-6615750589670710361","potions_obtained":[{"floor":7,"key":"SteroidPotion"},{"floor":10,"key":"Dexterity Potion"},{"floor":11,"key":"GamblersBrew"},{"floor":12,"key":"Swift Potion"},{"floor":20,"key":"SmokeBomb"},{"floor":23,"key":"SpeedPotion"},{"floor":31,"key":"SkillPotion"},{"floor":44,"key":"BloodPotion"},{"floor":45,"key":"Swift Potion"}],"is_trial":false,"path_per_floor":["M","$","M","?","?","R","E","R","T","M","M","M","E","$","R","B",null,"M","$","M","M","M","E","R","M","T","R","M","M","$","M","R","B",null,"M","$","?","?","M","E","R","$","T","M","M","R","M","M","R","B",null],"character_chosen":"IRONCLAD","items_purchased":["Feel No Pain","Master of Strategy","Burning Pact","Feel No Pain","Shrug It Off","Feel No Pain","TheAbacus"],"campfire_rested":2,"item_purchase_floors":[2,19,19,30,30,42,42],"current_hp_per_floor":[80,80,80,64,57,57,63,63,63,65,71,75,66,66,66,18,80,51,51,49,47,47,39,39,55,55,55,61,67,67,73,73,79,80,71,71,71,71,71,71,71,71,71,71,71,71,71,71,71,68],"gold":120,"neow_bonus":"THREE_ENEMY_KILL","is_prod":false,"is_daily":false,"chose_seed":false,"campfire_upgraded":7,"win_rate":0,"timestamp":1567648042,"path_taken":["M","?","M","?","?","R","E","R","T","M","M","M","E","$","R","BOSS","M","$","M","M","M","E","R","M","T","R","M","M","$","M","R","BOSS","M","$","?","?","M","E","R","$","T","?","M","R","?","M","R","BOSS"],"build_version":"2019-07-17","purchased_purges":0,"victory":true,"max_hp_per_floor":[80,80,80,80,80,80,80,80,80,80,80,80,80,80,80,80,80,80,80,80,80,80,80,80,80,80,80,80,80,80,80,80,80,80,80,80,80,80,80,80,80,80,80,80,80,80,80,80,80,80],"card_choices":[{"not_picked":["Armaments","Havoc"],"picked":"Battle Trance","floor":1},{"not_picked":["Cleave","Bloodletting"],"picked":"Burning Pact","floor":3},{"not_picked":["Entrench","Anger"],"picked":"Corruption","floor":7},{"not_picked":["Heavy Blade","Battle Trance","Twin Strike"],"picked":"SKIP","floor":10},{"not_picked":["True Grit","Perfected Strike"],"picked":"Flame Barrier","floor":11},{"not_picked":["Sword Boomerang","Havoc","Searing Blow"],"picked":"SKIP","floor":12},{"not_picked":["True Grit","Heavy Blade","Demon Form"],"picked":"SKIP","floor":13},{"not_picked":["Impervious","Double Tap"],"picked":"Juggernaut","floor":16},{"not_picked":["Sword Boomerang","Carnage+1"],"picked":"Body Slam+1","floor":18},{"not_picked":["True Grit+1","Corruption"],"picked":"Seeing Red","floor":20},{"not_picked":["Wild Strike","Sever Soul"],"picked":"Warcry","floor":21},{"not_picked":["Fire Breathing","Iron Wave","Wild Strike"],"picked":"SKIP","floor":22},{"not_picked":["Disarm","Seeing Red+1","Havoc"],"picked":"SKIP","floor":23},{"not_picked":["Iron Wave","Warcry"],"picked":"Shrug It Off","floor":25},{"not_picked":["True Grit","Combust"],"picked":"Body Slam","floor":29},{"not_picked":["Inflame","Wild Strike"],"picked":"Battle Trance+1","floor":31},{"not_picked":["Exhume","Reaper"],"picked":"Fiend Fire","floor":33},{"not_picked":[],"picked":"Entrench+1","floor":35},{"not_picked":[],"picked":"Rage+1","floor":39},{"not_picked":["Sword Boomerang"],"picked":"SKIP","floor":40},{"not_picked":[],"picked":"Shrug It Off+1","floor":44},{"not_picked":["Havoc+1"],"picked":"SKIP","floor":45},{"not_picked":["Thunderclap"],"picked":"SKIP","floor":47},{"not_picked":[],"picked":"Body Slam+1","floor":48}],"player_experience":207862,"relics_obtained":[{"floor":7,"key":"Bottled Lightning"},{"floor":9,"key":"Letter Opener"},{"floor":13,"key":"Orichalcum"},{"floor":23,"key":"Meat on the Bone"},{"floor":26,"key":"Turnip"},{"floor":40,"key":"Incense Burner"},{"floor":43,"key":"Anchor"}],"event_choices":[{"damage_healed":0,"gold_gain":0,"player_choice":"Entered Light","damage_taken":16,"max_hp_gain":0,"max_hp_loss":0,"event_name":"Shining Light","floor":4,"gold_loss":0,"cards_upgraded":["Strike_R","Defend_R"]},{"cards_removed":["Strike_R"],"damage_healed":0,"gold_gain":0,"player_choice":"Card Removal","damage_taken":7,"max_hp_gain":0,"max_hp_loss":0,"event_name":"Golden Wing","floor":5,"gold_loss":0},{"damage_healed":0,"gold_gain":0,"player_choice":"Upgrade","damage_taken":0,"relics_obtained":["Mark of the Bloom"],"max_hp_gain":0,"max_hp_loss":0,"event_name":"MindBloom","floor":37,"gold_loss":0,"cards_upgraded":["Strike_R","Strike_R","Strike_R","Defend_R","Defend_R","Defend_R","Battle Trance","Burning Pact","Master of Strategy","Burning Pact","Seeing Red","Warcry","Shrug It Off","Feel No Pain","Shrug It Off","Fiend Fire"]},{"cards_removed":["Bash"],"damage_healed":0,"gold_gain":0,"player_choice":"Removed Attack","damage_taken":0,"max_hp_gain":0,"max_hp_loss":0,"event_name":"Falling","floor":38,"gold_loss":0}],"is_beta":false,"boss_relics":[{"not_picked":["Empty Cage","Ectoplasm"],"picked":"Philosopher\u0027s Stone"},{"not_picked":["White Beast Statue","Runic Dome"],"picked":"Busted Crown"}],"items_purged_floors":[],"is_endless":false,"potions_floor_spawned":[7,10,11,12,20,21,23,25,28,31,35,44,45,47,48],"ascension_level":3}