{"gold_per_floor":[116,130,55,68,68,84,84,113,113,127,127,159,177,192,192,294,294,311,311,63,73,93,93,121,121,121,220,220,220,234,149,149,149],"floor_reached":33,"playtime":2894,"items_purged":["Doubt","Eviscerate"],"score":305,"play_id":"41f9332f-9f9f-45df-a032-806ed53cdfe6","local_time":"20190903225650","is_ascension_mode":true,"campfire_choices":[{"data":"Die Die Die","floor":7,"key":"SMITH"},{"floor":11,"key":"REST"},{"floor":15,"key":"REST"},{"floor":23,"key":"REST"},{"floor":25,"key":"REST"},{"data":"Caltrops","floor":28,"key":"SMITH"},{"data":"Terror","floor":32,"key":"SMITH"}],"neow_cost":"CURSE","seed_source_timestamp":499805506338200,"circlet_count":0,"master_deck":["Strike_G","Strike_G","Strike_G","Strike_G","Strike_G","Defend_G","Defend_G","Defend_G","Defend_G","Defend_G","Survivor","Neutralize","Die Die Die+1","Sucker Punch","Predator","Terror+1","Caltrops+1","Sucker Punch","Dash","Acrobatics","Sucker Punch","Wraith Form v2","Deflect","Cloak And Dagger+1","Quick Slash","Outmaneuver","Bane"],"relics":["Ring of the Snake","Paper Crane","Darkstone Periapt","Bottled Tornado","Mummified Hand","Busted Crown","MutagenicStrength","Membership Card","Dream Catcher","Sundial","Strawberry"],"potions_floor_usage":[8,16,16,24,24,30],"damage_taken":[{"damage":0,"enemies":"Jaw Worm","floor":1,"turns":5},{"damage":0,"enemies":"Cultist","floor":2,"turns":3},{"damage":0,"enemies":"Small Slimes","floor":4,"turns":3},{"damage":0,"enemies":"2 Fungi Beasts","floor":6,"turns":3},{"damage":15,"enemies":"Lagavulin","floor":8,"turns":5},{"damage":11,"enemies":"Looter","floor":10,"turns":3},{"damage":10,"enemies":"Gremlin Nob","floor":12,"turns":4},{"damage":0,"enemies":"Large Slime","floor":13,"turns":4},{"damage":5,"enemies":"Gremlin Gang","floor":14,"turns":3},{"damage":28,"enemies":"Hexaghost","floor":16,"turns":9},{"damage":4,"enemies":"Shell Parasite","floor":18,"turns":4},{"damage":18,"enemies":"3 Byrds","floor":21,"turns":3},{"damage":10,"enemies":"Snecko","floor":22,"turns":4},{"damage":7,"enemies":"Slavers","floor":24,"turns":6},{"damage":7,"enemies":"Snake Plant","floor":30,"turns":3},{"damage":81,"enemies":"Collector","floor":33,"turns":11}],"seed_played":"3154706834968623637","potions_obtained":[{"floor":4,"key":"Regen Potion"},{"floor":6,"key":"Fruit Juice"},{"floor":10,"key":"LiquidBronze"},{"floor":13,"key":"Ancient Potion"},{"floor":14,"key":"Dexterity Potion"},{"floor":18,"key":"SkillPotion"},{"floor":21,"key":"Dexterity Potion"}],"is_trial":false,"path_per_floor":["M","M","$","M","?","M","R","E","T","M","R","E","M","M","R","B",null,"M","?","$","M","M","R","E","R","T","?","R","?","M","?","R","B"],"character_chosen":"THE_SILENT","items_purchased":["Membership Card"],"campfire_rested":4,"item_purchase_floors":[20],"current_hp_per_floor":[70,70,70,70,70,70,70,60,60,49,71,61,61,56,75,47,75,71,71,71,53,43,65,58,75,75,75,75,75,68,75,75,0],"gold":149,"neow_bonus":"THREE_RARE_CARDS","is_prod":false,"is_daily":false,"chose_seed":false,"campfire_upgraded":3,"win_rate":0,"timestamp":1567569410,"path_taken":["M","M","$","M","?","M","R","E","T","M","R","E","?","M","R","BOSS","M","?","$","M","M","R","E","R","T","?","R","?","M","?","R","BOSS"],"build_version":"2019-07-17","purchased_purges":2,"victory":false,"max_hp_per_floor":[70,70,70,70,70,70,70,75,75,75,75,75,75,75,75,75,75,75,75,75,75,75,75,75,75,75,75,75,75,75,82,82,82],"card_choices":[{"not_picked":["Phantasmal Killer","Adrenaline"],"picked":"Die Die Die","floor":0},{"not_picked":["Expertise","PiercingWail"],"picked":"Sucker Punch","floor":1},{"not_picked":["Dagger Throw","Bane"],"picked":"Predator","floor":2},{"not_picked":["Prepared","Concentrate"],"picked":"Eviscerate","floor":4},{"not_picked":["Cloak And Dagger","Expertise"],"picked":"Terror","floor":6},{"not_picked":["After Image","Distraction"],"picked":"Caltrops","floor":8},{"not_picked":["Acrobatics","Calculated Gamble"],"picked":"Sucker Punch","floor":10},{"not_picked":["Deadly Poison","Distraction"],"picked":"Dash","floor":12},{"not_picked":["Dash","Bane"],"picked":"Acrobatics","floor":13},{"not_picked":["Poisoned Stab","Prepared"],"picked":"Sucker Punch","floor":14},{"not_picked":["Unload","Grand Finale"],"picked":"Wraith Form v2","floor":16},{"not_picked":[],"picked":"Deflect","floor":18},{"not_picked":[],"picked":"Cloak And Dagger+1","floor":21},{"not_picked":[],"picked":"Quick Slash","floor":22},{"not_picked":[],"picked":"Outmaneuver","floor":24},{"not_picked":[],"picked":"Bane","floor":30}],"player_experience":400133,"relics_obtained":[{"floor":8,"key":"Darkstone Periapt"},{"floor":9,"key":"Bottled Tornado"},{"floor":12,"key":"Mummified Hand"},{"floor":24,"key":"Dream Catcher"},{"floor":26,"key":"Sundial"}],"event_choices":[{"damage_healed":0,"gold_gain":0,"player_choice":"Gave Potion","damage_taken":0,"relics_obtained":["Paper Crane"],"max_hp_gain":0,"max_hp_loss":0,"event_name":"WeMeetAgain","floor":5,"gold_loss":0},{"damage_healed":0,"gold_gain":0,"player_choice":"Inject Mutagens","damage_taken":0,"relics_obtained":["MutagenicStrength"],"max_hp_gain":0,"max_hp_loss":0,"event_name":"Drug Dealer","floor":19,"gold_loss":0},{"damage_healed":0,"gold_gain":99,"player_choice":"Stole From Cult","damage_taken":0,"max_hp_gain":0,"max_hp_loss":0,"event_name":"Nest","floor":27,"gold_loss":0},{"damage_healed":0,"gold_gain":0,"player_choice":"Ignored","damage_taken":0,"max_hp_gain":0,"max_hp_loss":0,"event_name":"Ghosts","floor":29,"gold_loss":0},{"damage_healed":0,"gold_gain":0,"player_choice":"Obtained Relic","damage_taken":0,"relics_obtained":["Strawberry"],"max_hp_gain":0,"max_hp_loss":0,"event_name":"Addict","floor":31,"gold_loss":85}],"is_beta":false,"boss_relics":[{"not_picked":["Empty Cage","Ring of the Serpent"],"picked":"Busted Crown"}],"items_purged_floors":[3,20],"is_endless":false,"potions_floor_spawned":[4,6,10,13,14,18,21],"killed_by":"Collector","ascension_level":2}