{"gold_per_floor":[116,129,129,147,159,191,191,221,247,247,247,267,284,25,25,103,103,122,122,47,47,63,63,88,105,105,20,31,31,31,84,84,162,162,182,192,192,192,211,211,11,11,11,45,59,159,189,234,234,234],"floor_reached":51,"playtime":2881,"items_purged":[],"score":1427,"play_id":"203d9eb7-aecd-404d-a13d-068e18fbea5b","local_time":"20190830174159","is_ascension_mode":true,"campfire_choices":[{"floor":7.0,"key":"REST"},{"floor":10.0,"key":"DIG"},{"floor":15.0,"key":"DIG"},{"floor":23.0,"key":"REST"},{"floor":29.0,"key":"REST"},{"floor":32.0,"key":"DIG"},{"floor":40.0,"key":"DIG"},{"floor":42.0,"key":"DIG"},{"floor":49.0,"key":"DIG"}],"neow_cost":"NONE","seed_source_timestamp":258532446233100,"circlet_count":0,"master_deck":["AscendersBane","Strike_G","Strike_G","Strike_G","Defend_G","Defend_G","Defend_G","Defend_G","Defend_G","Survivor","Neutralize","Terror","Poisoned Stab","Footwork","Malaise","Blur","Riddle With Holes","Well Laid Plans","Corpse Explosion","Dagger Spray+1","Adrenaline","Glass Knife+1","Necronomicurse","Footwork+1","Blur","Sucker Punch+1","Riddle With Holes+1","A Thousand Cuts","Choke+1","Master of Strategy","Riddle With Holes+1","Predator+1","Dash+1","Malaise","Malaise"],"special_seed":0,"relics":["Ring of the Snake","Oddly Smooth Stone","Shovel","Bronze Scales","Happy Flower","Anchor","Gremlin Horn","Molten Egg 2","Sozu","Necronomicon","Art of War","Ornamental Fan","The Specimen","Blood Vial","Prayer Wheel","Eternal Feather","Ancient Tea Set","ClockworkSouvenir","Dead Branch","Sundial","Boot","Torii","Blue Candle","FossilizedHelix","Mummified Hand"],"potions_floor_usage":[],"damage_taken":[{"damage":0.0,"enemies":"Small Slimes","floor":1.0,"turns":4.0},{"damage":4.0,"enemies":"Cultist","floor":2.0,"turns":3.0},{"damage":6.0,"enemies":"Jaw Worm","floor":4.0,"turns":4.0},{"damage":6.0,"enemies":"3 Louse","floor":5.0,"turns":6.0},{"damage":39.0,"enemies":"3 Sentries","floor":6.0,"turns":13.0},{"damage":14.0,"enemies":"Gremlin Nob","floor":8.0,"turns":5.0},{"damage":0.0,"enemies":"Blue Slaver","floor":12.0,"turns":4.0},{"damage":2.0,"enemies":"Large Slime","floor":13.0,"turns":7.0},{"damage":0.0,"enemies":"Hexaghost","floor":16.0,"turns":10.0},{"damage":22.0,"enemies":"2 Thieves","floor":18.0,"turns":4.0},{"damage":0.0,"enemies":"Spheric Guardian","floor":22.0,"turns":1.0},{"damage":9.0,"enemies":"Book of Stabbing","floor":24.0,"turns":6.0},{"damage":0.0,"enemies":"Cultist and Chosen","floor":25.0,"turns":3.0},{"damage":0.0,"enemies":"3 Cultists","floor":28.0,"turns":5.0},{"damage":38.0,"enemies":"Collector","floor":33.0,"turns":8.0},{"damage":0.0,"enemies":"3 Shapes","floor":35.0,"turns":1.0},{"damage":19.0,"enemies":"3 Darklings","floor":36.0,"turns":5.0},{"damage":0.0,"enemies":"Sphere and 2 Shapes","floor":39.0,"turns":1.0},{"damage":0.0,"enemies":"Nemesis","floor":44.0,"turns":5.0},{"damage":12.0,"enemies":"Writhing Mass","floor":45.0,"turns":5.0},{"damage":0.0,"enemies":"Mind Bloom Boss Battle","floor":46.0,"turns":5.0},{"damage":24.0,"enemies":"Reptomancer","floor":47.0,"turns":7.0},{"damage":12.0,"enemies":"2 Orb Walkers","floor":48.0,"turns":2.0},{"damage":34,"enemies":"Donu and Deca","floor":50,"turns":8}],"seed_played":"8030938103517458752","potions_obtained":[{"floor":2.0,"key":"Ancient Potion"},{"floor":4.0,"key":"Regen Potion"},{"floor":6.0,"key":"PowerPotion"}],"is_trial":false,"path_per_floor":["M","M","?","M","M","E","R","E","T","R","$","M","M","$","R","B",null,"M","?","$","?","M","R","E","M","T","?","M","R","$","T","R","B",null,"M","M","?","?","M","R","$","R","T","E","M","?","E","?","R","B",null],"character_chosen":"THE_SILENT","items_purchased":["Gremlin Horn","Glass Knife+1","ClockworkSouvenir"],"campfire_rested":3,"item_purchase_floors":[14,20,41],"current_hp_per_floor":[59,55,55,49,43,19,38,24,24,24,24,24,22,22,22,22,55,33,33,33,12,12,31,22,22,22,22,22,41,41,41,41,5,51,53,36,36,36,38,56,56,66,66,66,54,56,34,24,45,13],"gold":234,"neow_bonus":"RANDOM_COMMON_RELIC","is_prod":false,"is_daily":false,"chose_seed":false,"campfire_upgraded":0,"win_rate":0,"timestamp":1567208519,"path_taken":["M","M","?","?","M","E","R","E","T","R","$","M","M","$","R","BOSS","M","?","?","?","M","R","E","?","T","?","M","R","$","?","R","BOSS","M","M","?","?","?","R","$","R","T","E","M","?","E","?","R","BOSS"],"build_version":"2019-08-26","purchased_purges":0,"victory":true,"max_hp_per_floor":[66,66,66,66,66,66,66,66,66,66,66,66,66,66,66,66,66,66,66,66,66,66,66,66,66,66,66,66,66,66,66,66,66,66,66,66,66,66,66,66,66,66,66,66,66,66,66,66,66,66],"card_choices":[{"not_picked":["Blade Dance","Bane"],"picked":"Terror","floor":1.0},{"not_picked":["Outmaneuver","Deadly Poison"],"picked":"Poisoned Stab","floor":2.0},{"not_picked":["Expertise","Blade Dance"],"picked":"Footwork","floor":4.0},{"not_picked":["Acrobatics","Finisher","Concentrate"],"picked":"SKIP","floor":5.0},{"not_picked":["Dash","PiercingWail"],"picked":"Malaise","floor":6.0},{"not_picked":["Dagger Throw","Escape Plan"],"picked":"Blur","floor":8.0},{"not_picked":["Flying Knee","Dodge and Roll"],"picked":"Riddle With Holes","floor":12.0},{"not_picked":["Cloak And Dagger","Dagger Throw"],"picked":"Well Laid Plans","floor":13.0},{"not_picked":["Unload+1","Phantasmal Killer"],"picked":"Corpse Explosion","floor":16.0},{"not_picked":["Leg Sweep","Acrobatics"],"picked":"Dagger Spray+1","floor":18.0},{"not_picked":["Deflect","Bane+1"],"picked":"Footwork+1","floor":22.0},{"not_picked":["Reflex","Dodge and Roll"],"picked":"Blur","floor":24.0},{"not_picked":["Poisoned Stab+1","Blade Dance"],"picked":"Sucker Punch+1","floor":25.0},{"not_picked":["Masterful Stab+1","Calculated Gamble"],"picked":"Riddle With Holes+1","floor":28.0},{"not_picked":["Wraith Form v2","Unload+1"],"picked":"A Thousand Cuts","floor":33.0},{"not_picked":["Flechettes+1","Prepared"],"picked":"Choke+1","floor":35.0},{"not_picked":["Underhanded Strike+1","Bane+1","Deadly Poison"],"picked":"SKIP","floor":35.0},{"not_picked":["Backflip","Bane+1","Terror"],"picked":"SKIP","floor":36.0},{"not_picked":["Acrobatics+1","Flying Knee+1","Deflect"],"picked":"SKIP","floor":36.0},{"not_picked":["Deep Breath","PanicButton"],"picked":"Master of Strategy","floor":37.0},{"not_picked":["Prepared+1","Finisher+1"],"picked":"Riddle With Holes+1","floor":39.0},{"not_picked":["Dodge and Roll","Choke+1"],"picked":"Predator+1","floor":39.0},{"not_picked":["Reflex+1","Skewer+1"],"picked":"Dash+1","floor":44.0},{"not_picked":["Backflip","Backstab+1"],"picked":"Malaise","floor":45.0},{"not_picked":["Sucker Punch+1","Blade Dance","Dagger Spray+1"],"picked":"SKIP","floor":45.0},{"not_picked":["Masterful Stab+1","Blade Dance","Poisoned Stab+1"],"picked":"SKIP","floor":47.0},{"not_picked":["Dagger Throw+1","Sucker Punch+1"],"picked":"Malaise","floor":48.0}],"player_experience":848486,"relics_obtained":[{"floor":6.0,"key":"Shovel"},{"floor":8.0,"key":"Bronze Scales"},{"floor":9.0,"key":"Happy Flower"},{"floor":10.0,"key":"Anchor"},{"floor":15.0,"key":"Molten Egg 2"},{"floor":21.0,"key":"Necronomicon"},{"floor":24.0,"key":"Art of War"},{"floor":26.0,"key":"Ornamental Fan"},{"floor":31.0,"key":"Blood Vial"},{"floor":32.0,"key":"Prayer Wheel"},{"floor":40.0,"key":"Ancient Tea Set"},{"floor":42.0,"key":"Dead Branch"},{"floor":43.0,"key":"Sundial"},{"floor":44.0,"key":"Boot"},{"floor":46.0,"key":"Torii"},{"floor":47.0,"key":"Blue Candle"},{"floor":48.0,"key":"FossilizedHelix"},{"floor":49.0,"key":"Mummified Hand"}],"event_choices":[{"cards_removed":["Strike_G"],"damage_healed":0.0,"max_hp_gain":0.0,"max_hp_loss":0.0,"gold_gain":0.0,"event_name":"Bonfire Elementals","player_choice":"Offered Basic","floor":3.0,"gold_loss":0.0,"damage_taken":0.0},{"damage_healed":0.0,"max_hp_gain":0.0,"max_hp_loss":0.0,"gold_gain":0.0,"event_name":"Match and Keep!","player_choice":"1 cards matched","floor":19.0,"gold_loss":0.0,"damage_taken":0.0,"cards_obtained":["Adrenaline"]},{"damage_healed":0.0,"max_hp_gain":0.0,"max_hp_loss":0.0,"gold_gain":0.0,"event_name":"Cursed Tome","player_choice":"Obtained Book","floor":21.0,"gold_loss":0.0,"damage_taken":21.0},{"damage_healed":0.0,"max_hp_gain":0.0,"max_hp_loss":0.0,"gold_gain":0.0,"event_name":"Addict","player_choice":"Obtained Relic","floor":27.0,"gold_loss":85.0,"damage_taken":0.0,"relics_obtained":["The Specimen"]},{"damage_healed":0.0,"max_hp_gain":0.0,"max_hp_loss":0.0,"gold_gain":0.0,"event_name":"SensoryStone","player_choice":"Memory 1","floor":37.0,"gold_loss":0.0,"damage_taken":0.0},{"cards_removed":["Strike_G"],"damage_healed":0.0,"max_hp_gain":0.0,"max_hp_loss":0.0,"gold_gain":0.0,"event_name":"Falling","player_choice":"Removed Attack","floor":38.0,"gold_loss":0.0,"damage_taken":0.0},{"damage_healed":0.0,"max_hp_gain":0.0,"max_hp_loss":0.0,"gold_gain":0.0,"event_name":"MindBloom","player_choice":"Fight","floor":46.0,"gold_loss":0.0,"damage_taken":0.0},{"damage_healed":0.0,"max_hp_gain":0.0,"max_hp_loss":0.0,"gold_gain":0.0,"event_name":"Mysterious Sphere","player_choice":"Fight","floor":48.0,"gold_loss":0.0,"damage_taken":0.0}],"is_beta":true,"boss_relics":[{"not_picked":["HoveringKite","Empty Cage"],"picked":"Sozu"},{"not_picked":["Cursed Key","White Beast Statue"],"picked":"Eternal Feather"}],"items_purged_floors":[],"is_endless":false,"potions_floor_spawned":[2,4,6,18,35,39,44],"ascension_level":15}