{"gold_per_floor":[113,288,300,56,56,56,73,131,155,171,196,168,185,66,66,66],"floor_reached":16,"playtime":1319,"items_purged":["Strike_G"],"score":100,"play_id":"0be5b0d9-b9d8-4bff-a8d5-315478c89503","local_time":"20190525155406","is_ascension_mode":false,"campfire_choices":[{"data":"Neutralize","floor":6,"key":"SMITH"},{"floor":15,"key":"REST"}],"neow_cost":"NONE","seed_source_timestamp":240474396141,"circlet_count":0,"master_deck":["Defend_G","Defend_G","Defend_G","Defend_G","Defend_G","Strike_G+1","Strike_G","Strike_G","Strike_G","Survivor","Neutralize+1","Tools of the Trade+1","Doubt","Dagger Spray","Prepared","Quick Slash","Leg Sweep","Footwork+1"],"relics":["Ring of the Snake","Frozen Egg 2","Tiny Chest","PreservedInsect","Smiling Mask"],"potions_floor_usage":[],"damage_taken":[{"damage":0,"enemies":"Small Slimes","floor":1,"turns":4},{"damage":0,"enemies":"2 Louse","floor":3,"turns":3},{"damage":0,"enemies":"Jaw Worm","floor":7,"turns":5},{"damage":42,"enemies":"3 Sentries","floor":8,"turns":12},{"damage":2,"enemies":"Looter","floor":10,"turns":3},{"damage":3,"enemies":"Blue Slaver","floor":13,"turns":4},{"damage":31,"enemies":"The Guardian","floor":16,"turns":24}],"seed_played":"3490261587363191256","potions_obtained":[{"floor":1,"key":"AttackPotion"}],"is_trial":false,"path_per_floor":["M","?","M","$","?","R","M","E","T","M","T","?","M","$","R","B"],"character_chosen":"THE_SILENT","items_purchased":["Frozen Egg 2","Footwork+1"],"campfire_rested":1,"item_purchase_floors":[4,14],"current_hp_per_floor":[70,70,70,70,56,56,56,14,14,12,12,12,9,9,30,0],"gold":66,"neow_bonus":"ONE_RANDOM_RARE_CARD","is_prod":false,"is_daily":false,"chose_seed":false,"campfire_upgraded":1,"win_rate":0,"timestamp":1558824846,"path_taken":["M","?","M","$","?","R","M","E","T","M","?","?","M","$","R","BOSS"],"build_version":"2019-01-23","purchased_purges":1,"victory":false,"max_hp_per_floor":[70,70,70,70,70,70,70,70,70,70,70,70,70,70,70,70],"card_choices":[{"not_picked":["Catalyst","Concentrate","Expertise"],"picked":"SKIP","floor":1},{"not_picked":["Cloak And Dagger","Poisoned Stab","Bane"],"picked":"SKIP","floor":3},{"not_picked":["Expertise","Poisoned Stab"],"picked":"Dagger Spray","floor":7},{"not_picked":["Well Laid Plans+1","Expertise"],"picked":"Prepared","floor":8},{"not_picked":["Endless Agony","Bouncing Flask"],"picked":"Quick Slash","floor":10},{"not_picked":["After Image+1","Blade Dance"],"picked":"Leg Sweep","floor":13}],"player_experience":156345,"relics_obtained":[{"floor":8,"key":"Tiny Chest"},{"floor":9,"key":"PreservedInsect"},{"floor":11,"key":"Smiling Mask"}],"event_choices":[{"damage_healed":0,"gold_gain":175,"player_choice":"AGREE","damage_taken":0,"max_hp_gain":0,"max_hp_loss":0,"event_name":"Liars Game","floor":2,"gold_loss":0,"cards_obtained":["Doubt"]},{"damage_healed":0,"gold_gain":0,"player_choice":"Entered Light","damage_taken":14,"max_hp_gain":0,"max_hp_loss":0,"event_name":"Shining Light","floor":5,"gold_loss":0,"cards_upgraded":["Strike_G","Tools of the Trade"]},{"damage_healed":0,"gold_gain":0,"player_choice":"Left Gold","damage_taken":0,"max_hp_gain":0,"max_hp_loss":0,"event_name":"World of Goop","floor":12,"gold_loss":28}],"is_beta":false,"boss_relics":[],"items_purged_floors":[14],"is_endless":false,"potions_floor_spawned":[1],"killed_by":"The Guardian","ascension_level":0}