{"gold_per_floor":[112,112,33,33,53,53,71,85,108,108,126,37,53,78,78,78],"floor_reached":16,"playtime":1056,"items_purged":[],"score":94,"play_id":"54823193-6dd3-41c3-9493-d293f042435a","local_time":"20190423232003","is_ascension_mode":false,"campfire_choices":[{"data":"Hologram","floor":6,"key":"SMITH"},{"data":"Zap","floor":10,"key":"SMITH"},{"floor":15,"key":"REST"}],"neow_cost":"NONE","seed_source_timestamp":96556044205,"circlet_count":0,"master_deck":["Strike_B","Strike_B","Strike_B","Strike_B","Defend_B","Defend_B","Defend_B","Defend_B","Zap+1","Hologram+1","Leap","Self Repair","Redo","Amplify","Storm","Self Repair","Gash","White Noise"],"relics":["Cracked Core","Golden Idol","CultistMask","Juzu Bracelet"],"potions_floor_usage":[],"damage_taken":[{"damage":9,"enemies":"2 Louse","floor":1,"turns":3},{"damage":2,"enemies":"Small Slimes","floor":5,"turns":4},{"damage":4,"enemies":"Cultist","floor":7,"turns":4},{"damage":8,"enemies":"Red Slaver","floor":8,"turns":5},{"damage":3,"enemies":"3 Louse","floor":11,"turns":4},{"damage":4,"enemies":"Blue Slaver","floor":13,"turns":3},{"damage":56,"enemies":"Gremlin Gang","floor":14,"turns":6},{"damage":63,"enemies":"The Guardian","floor":16,"turns":13}],"seed_played":"219935956301054041","potions_obtained":[{"floor":13,"key":"LiquidBronze"},{"floor":14,"key":"GamblersBrew"}],"is_trial":false,"path_per_floor":["M","?","$","?","M","R","M","M","T","R","M","$","M","M","R","B"],"character_chosen":"DEFECT","items_purchased":["Self Repair","Self Repair","Gash"],"campfire_rested":1,"item_purchase_floors":[3,12,12],"current_hp_per_floor":[66,48,48,48,53,53,56,55,55,55,59,59,75,40,62,0],"gold":78,"neow_bonus":"TRANSFORM_CARD","is_prod":false,"is_daily":false,"chose_seed":false,"campfire_upgraded":2,"win_rate":0.0,"timestamp":1556086803,"path_taken":["M","?","$","?","M","R","M","?","T","R","M","$","M","M","R","BOSS"],"build_version":"2019-01-23","purchased_purges":0,"victory":false,"max_hp_per_floor":[75,75,75,75,75,75,75,75,75,75,75,75,75,75,75,75],"card_choices":[{"not_picked":["Go for the Eyes","Beam Cell"],"picked":"Leap","floor":1},{"not_picked":["Reprogram","Beam Cell"],"picked":"Redo","floor":5},{"not_picked":["Go for the Eyes","Redo","Cold Snap"],"picked":"SKIP","floor":7},{"not_picked":["BootSequence","Coolheaded"],"picked":"Amplify","floor":8},{"not_picked":["Streamline","BootSequence"],"picked":"Storm","floor":11},{"not_picked":["Coolheaded","Conserve Battery"],"picked":"White Noise","floor":13},{"not_picked":["Hologram","Redo","Hello World"],"picked":"SKIP","floor":14}],"player_experience":80234,"relics_obtained":[{"floor":9,"key":"Juzu Bracelet"}],"event_choices":[{"damage_healed":0,"gold_gain":0,"player_choice":"Take Damage","damage_taken":18,"relics_obtained":["Golden Idol"],"max_hp_gain":0,"max_hp_loss":0,"event_name":"Golden Idol","floor":2,"gold_loss":0},{"damage_healed":0,"gold_gain":0,"player_choice":"Trade","damage_taken":0,"relics_obtained":["CultistMask"],"max_hp_gain":0,"max_hp_loss":0,"event_name":"FaceTrader","floor":4,"gold_loss":0}],"is_beta":false,"boss_relics":[],"items_purged_floors":[],"is_endless":false,"potions_floor_spawned":[13,14],"killed_by":"The Guardian","ascension_level":0}