{"gold_per_floor":[115,115,115,115,132,161,236,269,269,269,288,288,288,288,288,384,384,396,396,409,409,166,166,182,214,214,214,226,226,239,239,239,340,340,359,372,372,426,445,445,471,471,471,471,7,27,39,39,39,39],"floor_reached":50,"playtime":3885,"items_purged":["Decay"],"score":651,"play_id":"a0c14ced-1987-477a-9841-eabcadfd01f3","local_time":"20190731011223","is_ascension_mode":true,"campfire_choices":[{"data":"1","floor":10.0,"key":"LIFT"},{"floor":13.0,"key":"REST"},{"data":"2","floor":15.0,"key":"LIFT"},{"data":"3","floor":23.0,"key":"LIFT"},{"floor":29.0,"key":"REST"},{"data":"Perfected Strike","floor":32.0,"key":"SMITH"},{"floor":40,"key":"REST"},{"floor":49,"key":"REST"}],"neow_cost":"NONE","seed_source_timestamp":1642545387467011,"circlet_count":0,"master_deck":["Strike_R+1","Strike_R+1","Strike_R+1","Strike_R+1","Strike_R+1","Defend_R+1","Defend_R+1","Defend_R+1","Bash","Perfected Strike+1","Perfected Strike+1","Wild Strike+1","Rampage+1","Anger+1","Feed+1","Headbutt+1","Anger+1","Flex+1","Armaments+1","Heavy Blade+1","Demon Form","Perfected Strike+1","Clash+1","Headbutt+1","Blood for Blood+1","Inflame","Doubt","Blind","Madness","Madness"],"special_seed":0,"relics":["Burning Blood","NeowsBlessing","Molten Egg 2","Girya","Orichalcum","Singing Bowl","Question Card","Busted Crown","Mummified Hand","Gambling Chip","Self Forming Clay","Sozu","Incense Burner","War Paint","Meat on the Bone","Paper Frog","Happy Flower"],"potions_floor_usage":[41,50],"damage_taken":[{"damage":0.0,"enemies":"Small Slimes","floor":1.0,"turns":1.0},{"damage":0.0,"enemies":"2 Louse","floor":5.0,"turns":1.0},{"damage":0.0,"enemies":"Lagavulin","floor":6.0,"turns":1.0},{"damage":30.0,"enemies":"3 Sentries","floor":8.0,"turns":6.0},{"damage":7.0,"enemies":"Jaw Worm","floor":11.0,"turns":2.0},{"damage":45.0,"enemies":"Hexaghost","floor":16.0,"turns":8.0},{"damage":5.0,"enemies":"2 Thieves","floor":18.0,"turns":2.0},{"damage":15.0,"enemies":"3 Byrds","floor":20.0,"turns":4.0},{"damage":4.0,"enemies":"Cultist and Chosen","floor":24.0,"turns":4.0},{"damage":21.0,"enemies":"Book of Stabbing","floor":25.0,"turns":4.0},{"damage":12.0,"enemies":"Snecko","floor":28.0,"turns":3.0},{"damage":0.0,"enemies":"3 Cultists","floor":30.0,"turns":2.0},{"damage":60.0,"enemies":"Automaton","floor":33.0,"turns":8.0},{"damage":5.0,"enemies":"Orb Walker","floor":35.0,"turns":2.0},{"damage":5,"enemies":"3 Darklings","floor":36,"turns":3},{"damage":5,"enemies":"2 Orb Walkers","floor":38,"turns":3},{"damage":27,"enemies":"Sphere and 2 Shapes","floor":39,"turns":3},{"damage":65,"enemies":"Reptomancer","floor":41,"turns":3},{"damage":5,"enemies":"4 Shapes","floor":46,"turns":4},{"damage":10,"enemies":"Transient","floor":47,"turns":5},{"damage":136,"enemies":"Awakened One","floor":50,"turns":10}],"seed_played":"-2625198841150693649","potions_obtained":[{"floor":1.0,"key":"BloodPotion"},{"floor":16.0,"key":"Block Potion"},{"floor":20.0,"key":"Explosive Potion"}],"is_trial":false,"path_per_floor":["M","?","?","$","M","E","?","E","T","R","M","$","R","T","R","B",null,"M","?","M","?","$","R","M","E","T","$","M","R","M","?","R","B",null,"M","M","?","?","M","R","E","?","T","?","$","M","M","?","R","B"],"character_chosen":"IRONCLAD","items_purchased":["Mummified Hand","Paper Frog","Happy Flower"],"campfire_rested":4,"item_purchase_floors":[22,45,45],"current_hp_per_floor":[80,80,73,73,79,80,69,45,45,45,44,44,68,68,68,29,80,80,80,73,73,73,73,79,66,66,66,60,86,92,92,92,38,92,92,92,92,92,71,92,33,92,92,92,92,98,96,83,100,0],"gold":39,"neow_bonus":"THREE_ENEMY_KILL","is_prod":false,"is_daily":false,"chose_seed":false,"campfire_upgraded":1,"win_rate":0,"timestamp":1564553543,"path_taken":["M","?","?","$","M","E","?","E","T","R","M","?","R","?","R","BOSS","M","?","?","?","?","R","M","E","T","$","M","R","M","?","R","BOSS","M","M","?","?","M","R","E","?","T","?","$","?","M","?","R","BOSS"],"build_version":"2019-07-17","purchased_purges":1,"victory":false,"max_hp_per_floor":[80,80,80,80,80,80,80,80,80,80,80,80,80,80,80,80,80,80,80,82,82,82,82,86,88,88,88,88,88,92,92,92,92,92,92,92,92,92,92,92,92,92,92,92,92,98,100,100,100,104],"card_choices":[{"not_picked":["Rage","Heavy Blade"],"picked":"Perfected Strike","floor":1.0},{"not_picked":["Armaments","Heavy Blade+1"],"picked":"Perfected Strike+1","floor":5.0},{"not_picked":["Limit Break","Sword Boomerang+1"],"picked":"Wild Strike+1","floor":6.0},{"not_picked":["Inflame","Thunderclap+1"],"picked":"Rampage+1","floor":8.0},{"not_picked":["Thunderclap+1","Warcry"],"picked":"Anger+1","floor":11.0},{"not_picked":["Fiend Fire+1","Berserk","Reaper+1"],"picked":"Feed+1","floor":16.0},{"not_picked":["Intimidate"],"picked":"Headbutt+1","floor":18.0},{"not_picked":["Warcry","Flame Barrier"],"picked":"Singing Bowl","floor":20.0},{"not_picked":["Armaments"],"picked":"Flex","floor":24.0},{"not_picked":["Bloodletting","Warcry"],"picked":"Singing Bowl","floor":25.0},{"not_picked":["Pummel+1"],"picked":"Armaments+1","floor":28.0},{"not_picked":["Sever Soul+1"],"picked":"Heavy Blade+1","floor":30.0},{"not_picked":["Feed+1"],"picked":"Demon Form","floor":33.0},{"not_picked":["Body Slam+1"],"picked":"Perfected Strike+1","floor":35.0},{"not_picked":["Disarm"],"picked":"Clash+1","floor":36},{"not_picked":["Body Slam+1"],"picked":"Headbutt+1","floor":38},{"not_picked":["Twin Strike+1"],"picked":"Blood for Blood+1","floor":39},{"not_picked":["Havoc"],"picked":"Inflame","floor":41},{"not_picked":["True Grit","Pommel Strike+1"],"picked":"Singing Bowl","floor":46},{"not_picked":["Burning Pact+1","Iron Wave+1"],"picked":"Singing Bowl","floor":47}],"player_experience":246169,"relics_obtained":[{"floor":6.0,"key":"Girya"},{"floor":8.0,"key":"Orichalcum"},{"floor":9.0,"key":"Singing Bowl"},{"floor":14.0,"key":"Question Card"},{"floor":25.0,"key":"Gambling Chip"},{"floor":26.0,"key":"Self Forming Clay"},{"floor":38,"key":"Incense Burner"},{"floor":41,"key":"War Paint"},{"floor":43,"key":"Meat on the Bone"}],"event_choices":[{"damage_healed":0.0,"max_hp_gain":0.0,"max_hp_loss":0.0,"gold_gain":0.0,"event_name":"Golden Wing","player_choice":"Ignored","floor":2.0,"gold_loss":0.0,"damage_taken":0.0},{"damage_healed":0.0,"max_hp_gain":0.0,"max_hp_loss":0.0,"gold_gain":0.0,"event_name":"Scrap Ooze","player_choice":"Success","floor":3.0,"gold_loss":0.0,"damage_taken":7.0,"relics_obtained":["Molten Egg 2"]},{"damage_healed":0.0,"max_hp_gain":0.0,"max_hp_loss":0.0,"gold_gain":75.0,"event_name":"World of Goop","player_choice":"Gather Gold","floor":7.0,"gold_loss":0.0,"damage_taken":11.0},{"damage_healed":0.0,"max_hp_gain":0.0,"max_hp_loss":0.0,"gold_gain":0.0,"event_name":"Duplicator","player_choice":"Copied","floor":19.0,"gold_loss":0.0,"damage_taken":0.0,"cards_obtained":["Anger"]},{"damage_healed":0.0,"max_hp_gain":0.0,"max_hp_loss":0.0,"gold_gain":0.0,"event_name":"Back to Basics","player_choice":"Simplicity","floor":21.0,"gold_loss":0.0,"damage_taken":0.0,"cards_upgraded":["Strike_R","Strike_R","Strike_R","Strike_R","Strike_R","Defend_R","Defend_R","Defend_R","Defend_R"]},{"damage_healed":0.0,"max_hp_gain":0.0,"max_hp_loss":0.0,"gold_gain":0.0,"event_name":"Forgotten Altar","player_choice":"Smashed Altar","floor":31.0,"gold_loss":0.0,"damage_taken":0.0,"cards_obtained":["Decay"]},{"cards_removed":["Defend_R"],"damage_healed":0,"gold_gain":0,"player_choice":"Removed Skill","damage_taken":0,"max_hp_gain":0,"max_hp_loss":0,"event_name":"Falling","floor":37,"gold_loss":0},{"damage_healed":0,"gold_gain":0,"player_choice":"Fight","damage_taken":0,"max_hp_gain":0,"max_hp_loss":0,"event_name":"Mysterious Sphere","floor":38,"gold_loss":0},{"damage_healed":59,"gold_gain":0,"player_choice":"Heal","damage_taken":0,"max_hp_gain":0,"max_hp_loss":0,"event_name":"MindBloom","floor":42,"gold_loss":0,"cards_obtained":["Doubt"]},{"damage_healed":0,"gold_gain":0,"player_choice":"1 cards matched","damage_taken":0,"max_hp_gain":0,"max_hp_loss":0,"event_name":"Match and Keep!","floor":44,"gold_loss":0,"cards_obtained":["Blind"]},{"damage_healed":0,"gold_gain":0,"player_choice":"Embrace Madness","damage_taken":13,"max_hp_gain":0,"max_hp_loss":0,"event_name":"Winding Halls","floor":48,"gold_loss":0,"cards_obtained":["Madness","Madness"]}],"is_beta":false,"boss_relics":[{"not_picked":["Eternal Feather","Mark of Pain"],"picked":"Busted Crown"},{"not_picked":["Velvet Choker","Coffee Dripper"],"picked":"Sozu"}],"items_purged_floors":[45],"is_endless":false,"potions_floor_spawned":[1,16,20,28,30,35,41,46],"killed_by":"Awakened One","ascension_level":2}