{"gold_per_floor":[119,50,50,50,325,351,121,141,141,141,167,181,192,212,212,212],"floor_reached":16,"playtime":651,"items_purged":["Regret"],"score":236,"play_id":"1892c127-395b-4fd1-bdba-e842104a5e52","local_time":"20190804150152","is_ascension_mode":true,"campfire_choices":[{"data":"Neutralize","floor":10,"key":"SMITH"},{"floor":15,"key":"REST"}],"neow_cost":"NONE","seed_source_timestamp":11827746626100,"circlet_count":0,"master_deck":["AscendersBane","Strike_G","Strike_G","Strike_G","Strike_G","Strike_G","Defend_G","Defend_G","Defend_G","Defend_G","Defend_G","Survivor","Neutralize+1","Dagger Spray","Blur","Die Die Die","Crippling Poison","PiercingWail","After Image"],"relics":["Ring of the Snake","NeowsBlessing","Art of War","Happy Flower","Anchor","Question Card","Mercury Hourglass"],"potions_floor_usage":[16],"damage_taken":[{"damage":0,"enemies":"2 Louse","floor":1,"turns":1},{"damage":0,"enemies":"Lagavulin","floor":6,"turns":1},{"damage":0,"enemies":"Cultist","floor":8,"turns":1},{"damage":50,"enemies":"Gremlin Nob","floor":11,"turns":6},{"damage":0,"enemies":"Small Slimes","floor":12,"turns":2},{"damage":0,"enemies":"Red Slaver","floor":13,"turns":2},{"damage":0,"enemies":"Blue Slaver","floor":14,"turns":3},{"damage":30,"enemies":"Hexaghost","floor":16,"turns":16}],"seed_played":"5341482531116190553","potions_obtained":[{"floor":6,"key":"SneckoOil"},{"floor":11,"key":"Swift Potion"},{"floor":14,"key":"FairyPotion"}],"is_trial":false,"path_per_floor":["M","?","$","?","?","E","$","M","T","R","E","M","M","M","R","B"],"character_chosen":"THE_SILENT","items_purchased":["Anchor"],"campfire_rested":1,"item_purchase_floors":[7],"current_hp_per_floor":[59,59,59,59,59,59,59,59,59,59,9,9,9,9,28,6],"gold":212,"neow_bonus":"THREE_ENEMY_KILL","is_prod":false,"is_daily":false,"chose_seed":false,"campfire_upgraded":1,"win_rate":0,"timestamp":1564952512,"path_taken":["M","?","?","?","?","E","$","M","T","R","E","M","?","M","R","BOSS"],"build_version":"2019-07-18","purchased_purges":1,"victory":false,"max_hp_per_floor":[66,66,66,66,66,66,66,66,66,66,66,66,66,66,66,66],"card_choices":[{"not_picked":["PiercingWail","Deadly Poison"],"picked":"Dagger Spray","floor":1},{"not_picked":["PiercingWail","Deadly Poison"],"picked":"Blur","floor":6},{"not_picked":["Flechettes","Expertise","Masterful Stab"],"picked":"SKIP","floor":8},{"not_picked":["Slice","Blade Dance","Deadly Poison"],"picked":"Die Die Die","floor":11},{"not_picked":["Sucker Punch","Dodge and Roll","Slice"],"picked":"Crippling Poison","floor":12},{"not_picked":["Choke","Deadly Poison","Dagger Throw"],"picked":"PiercingWail","floor":13},{"not_picked":["Acrobatics","Choke","Prepared"],"picked":"After Image","floor":14}],"player_experience":840391,"relics_obtained":[{"floor":6,"key":"Happy Flower"},{"floor":9,"key":"Question Card"},{"floor":11,"key":"Mercury Hourglass"}],"event_choices":[{"damage_healed":0,"gold_gain":0,"player_choice":"Paid Gold","damage_taken":0,"relics_obtained":["Art of War"],"max_hp_gain":0,"max_hp_loss":0,"event_name":"WeMeetAgain","floor":2,"gold_loss":69},{"damage_healed":0,"gold_gain":0,"player_choice":"Leave","damage_taken":0,"max_hp_gain":0,"max_hp_loss":0,"event_name":"The Cleric","floor":4,"gold_loss":0},{"damage_healed":0,"gold_gain":275,"player_choice":"Desecrate","damage_taken":0,"max_hp_gain":0,"max_hp_loss":0,"event_name":"Golden Shrine","floor":5,"gold_loss":0,"cards_obtained":["Regret"]}],"is_beta":true,"boss_relics":[],"items_purged_floors":[7],"is_endless":false,"potions_floor_spawned":[6,11,13,14],"killed_by":"Hexaghost","ascension_level":15}