{"gold_per_floor":[117,134,150,150,150,177,193,158,158,170,170,170,170,185,185,287,287,299,312,196,296,308,308,308],"floor_reached":24,"playtime":1513,"items_purged":[],"score":248,"play_id":"4ecda49b-50b6-485f-a279-77529d99fea4","local_time":"20190904205220","is_ascension_mode":true,"campfire_choices":[{"data":"Zap","floor":13,"key":"SMITH"},{"floor":15,"key":"REST"},{"data":"Capacitor","floor":23,"key":"SMITH"}],"neow_cost":"NONE","seed_source_timestamp":371792316043266,"circlet_count":0,"master_deck":["Strike_B","Strike_B","Strike_B+1","Strike_B+1","Defend_B","Defend_B","Defend_B","Defend_B","Zap+1","Dualcast","White Noise+1","Gash","Genetic Algorithm+1","Doom and Gloom","Gash","Capacitor+1","Loop","Machine Learning","Stack+1","Heatsinks"],"relics":["FrozenCore","NeowsBlessing","Whetstone","Lantern","Bottled Lightning","The Courier","Art of War"],"potions_floor_usage":[6,14,16,16,22,22],"damage_taken":[{"damage":0,"enemies":"Small Slimes","floor":1,"turns":1},{"damage":0,"enemies":"Jaw Worm","floor":2,"turns":1},{"damage":0,"enemies":"2 Louse","floor":3,"turns":1},{"damage":40,"enemies":"3 Sentries","floor":6,"turns":10},{"damage":9,"enemies":"Exordium Wildlife","floor":7,"turns":4},{"damage":5,"enemies":"Lots of Slimes","floor":10,"turns":3},{"damage":0,"enemies":"Red Slaver","floor":14,"turns":3},{"damage":30,"enemies":"The Guardian","floor":16,"turns":9},{"damage":8,"enemies":"Spheric Guardian","floor":18,"turns":5},{"damage":1,"enemies":"Chosen","floor":19,"turns":8},{"damage":16,"enemies":"Snake Plant","floor":22,"turns":5},{"damage":38,"enemies":"Book of Stabbing","floor":24,"turns":7}],"seed_played":"-28975187745283933","potions_obtained":[{"floor":1,"key":"Swift Potion"},{"floor":7,"key":"FearPotion"},{"floor":10,"key":"Block Potion"},{"floor":14,"key":"Block Potion"},{"floor":16,"key":"Poison Potion"},{"floor":19,"key":"LiquidBronze"}],"is_trial":false,"path_per_floor":["M","M","M","$","?","E","M","?","T","M","T","T","R","M","R","B",null,"M","M","$","?","M","R","E"],"character_chosen":"DEFECT","items_purchased":["Art of War"],"campfire_rested":1,"item_purchase_floors":[20],"current_hp_per_floor":[75,75,75,75,60,20,11,29,29,24,24,24,24,24,46,16,60,52,51,51,51,35,35,0],"gold":308,"neow_bonus":"THREE_ENEMY_KILL","is_prod":false,"is_daily":false,"chose_seed":false,"campfire_upgraded":2,"win_rate":0,"timestamp":1567644740,"path_taken":["M","M","M","$","?","E","M","?","T","M","?","?","R","M","R","BOSS","M","M","$","?","?","R","E"],"build_version":"2019-07-17","purchased_purges":0,"victory":false,"max_hp_per_floor":[75,75,75,75,75,75,75,75,75,75,75,75,75,75,75,75,75,75,75,75,75,75,75,75],"card_choices":[{"not_picked":["Chill","Leap"],"picked":"White Noise","floor":1},{"not_picked":["Redo","Beam Cell"],"picked":"Gash","floor":2},{"not_picked":["Undo","Lockon"],"picked":"Genetic Algorithm","floor":3},{"not_picked":["Auto Shields","Stack"],"picked":"Doom and Gloom","floor":6},{"not_picked":["Double Energy","Rebound"],"picked":"Gash","floor":7},{"not_picked":["Conserve Battery","Blizzard"],"picked":"Capacitor","floor":10},{"not_picked":["Leap","Rebound"],"picked":"Loop","floor":14},{"not_picked":["Seek","Echo Form"],"picked":"Machine Learning","floor":16},{"not_picked":["Hologram+1","Leap"],"picked":"Stack+1","floor":18},{"not_picked":["Lockon","Sunder+1"],"picked":"Heatsinks","floor":19},{"not_picked":["Undo","Turbo","Hello World"],"picked":"SKIP","floor":22}],"player_experience":206349,"relics_obtained":[{"floor":6,"key":"Whetstone"},{"floor":9,"key":"Lantern"},{"floor":11,"key":"Bottled Lightning"},{"floor":12,"key":"The Courier"}],"event_choices":[{"damage_healed":0,"gold_gain":0,"player_choice":"Entered Light","damage_taken":15,"max_hp_gain":0,"max_hp_loss":0,"event_name":"Shining Light","floor":5,"gold_loss":0,"cards_upgraded":["Genetic Algorithm","White Noise"]},{"damage_healed":18,"gold_gain":0,"player_choice":"Healed","damage_taken":0,"max_hp_gain":0,"max_hp_loss":0,"event_name":"The Cleric","floor":8,"gold_loss":35},{"damage_healed":0,"gold_gain":100,"player_choice":"Pray","damage_taken":0,"max_hp_gain":0,"max_hp_loss":0,"event_name":"Golden Shrine","floor":21,"gold_loss":0}],"is_beta":false,"boss_relics":[{"not_picked":["White Beast Statue","Inserter"],"picked":"FrozenCore"}],"items_purged_floors":[],"is_endless":false,"potions_floor_spawned":[1,7,10,14,16,19],"killed_by":"Book of Stabbing","ascension_level":5}