{"gold_per_floor":[111,130,130,140,140,140,140,140,191,205,222,246,246,266,266,266],"floor_reached":16,"playtime":1200,"items_purged":[],"score":117,"play_id":"027fe15f-441a-42e6-ab81-a8fd2ef049ea","local_time":"20190831234808","is_ascension_mode":false,"campfire_choices":[{"data":"Bash","floor":6,"key":"SMITH"},{"data":"Anger","floor":8,"key":"SMITH"},{"data":"Feed","floor":13,"key":"SMITH"},{"data":"Iron Wave","floor":15,"key":"SMITH"}],"neow_cost":"NONE","seed_source_timestamp":330515609537300,"circlet_count":0,"master_deck":["Strike_R","Strike_R","Strike_R","Strike_R","Strike_R","Defend_R","Defend_R","Defend_R","Defend_R","Bash+1","Anger+1","Warcry+1","Entrench","Feed+1","Thunderclap","Iron Wave+1"],"relics":["Burning Blood","Potion Belt","Odd Mushroom"],"potions_floor_usage":[],"damage_taken":[{"damage":0,"enemies":"Small Slimes","floor":1,"turns":3},{"damage":6,"enemies":"Cultist","floor":2,"turns":4},{"damage":0,"enemies":"2 Louse","floor":4,"turns":2},{"damage":12,"enemies":"Blue Slaver","floor":10,"turns":4},{"damage":14,"enemies":"3 Louse","floor":11,"turns":4},{"damage":32,"enemies":"The Mushroom Lair","floor":12,"turns":6},{"damage":15,"enemies":"Looter","floor":14,"turns":3},{"damage":46,"enemies":"The Guardian","floor":16,"turns":5}],"seed_played":"-6232970531148555897","potions_obtained":[{"floor":2,"key":"EssenceOfSteel"},{"floor":4,"key":"Swift Potion"},{"floor":11,"key":"EntropicBrew"},{"floor":12,"key":"Strength Potion"}],"is_trial":false,"path_per_floor":["M","M","?","M","?","R","?","R","T","M","M","?","R","M","R","B"],"character_chosen":"IRONCLAD","items_purchased":[],"campfire_rested":0,"item_purchase_floors":[],"current_hp_per_floor":[88,88,88,88,88,88,88,88,88,82,74,51,51,46,46,0],"gold":266,"neow_bonus":"TEN_PERCENT_HP_BONUS","is_prod":false,"is_daily":false,"chose_seed":false,"campfire_upgraded":4,"win_rate":0.0,"timestamp":1567309688,"path_taken":["M","M","?","?","?","R","?","R","T","M","M","?","R","M","R","BOSS"],"build_version":"2019-07-17","purchased_purges":0,"victory":false,"max_hp_per_floor":[88,88,88,88,88,88,88,88,88,88,88,91,91,95,95,95],"card_choices":[{"not_picked":["Body Slam","Dropkick"],"picked":"Anger","floor":1},{"not_picked":["Sword Boomerang","Fire Breathing","Pummel"],"picked":"SKIP","floor":2},{"not_picked":["Hemokinesis","Shrug It Off"],"picked":"Warcry","floor":4},{"not_picked":["Heavy Blade","Uppercut"],"picked":"Entrench","floor":10},{"not_picked":["Flex","Iron Wave"],"picked":"Feed","floor":11},{"not_picked":["Dual Wield","Body Slam"],"picked":"Thunderclap","floor":12},{"not_picked":["Armaments","Cleave"],"picked":"Iron Wave","floor":14}],"player_experience":10638,"relics_obtained":[{"floor":9,"key":"Potion Belt"},{"floor":12,"key":"Odd Mushroom"}],"event_choices":[{"damage_healed":0,"gold_gain":0,"player_choice":"Bought 0 Potions","damage_taken":0,"max_hp_gain":0,"max_hp_loss":0,"event_name":"The Woman in Blue","floor":3,"gold_loss":0},{"damage_healed":0,"gold_gain":0,"player_choice":"Ignored","damage_taken":0,"max_hp_gain":0,"max_hp_loss":0,"event_name":"Golden Wing","floor":5,"gold_loss":0},{"damage_healed":0,"gold_gain":0,"player_choice":"Grow","damage_taken":0,"max_hp_gain":0,"max_hp_loss":0,"event_name":"Living Wall","floor":7,"gold_loss":0,"cards_upgraded":["Warcry"]},{"damage_healed":0,"gold_gain":0,"player_choice":"Fought Mushrooms","damage_taken":0,"max_hp_gain":0,"max_hp_loss":0,"event_name":"Mushrooms","floor":12,"gold_loss":0}],"is_beta":false,"boss_relics":[],"items_purged_floors":[],"is_endless":false,"potions_floor_spawned":[2,4,11,12],"killed_by":"The Guardian","ascension_level":0}