{"gold_per_floor":[109,109,184,39,39,39,56,56,56,72,99,99,274,274,274,376,376,396,52,64,64,64,64,84,84,131,163,163,195,195,195,195,291,291,307,307,103,119,1118,1148,44,55,135,135,170,170,170,183,183,183],"floor_reached":51,"playtime":4029,"items_purged":["Doubt","Normality"],"score":814,"play_id":"dac24f87-904f-4449-808f-eef6ec01298a","local_time":"20190726224702","is_ascension_mode":true,"campfire_choices":[{"data":"Rampage","floor":6,"key":"SMITH"},{"data":"Searing Blow","floor":8,"key":"SMITH"},{"floor":15,"key":"REST"},{"floor":23,"key":"DIG"},{"floor":25,"key":"REST"},{"floor":30,"key":"REST"},{"floor":32,"key":"REST"},{"floor":40,"key":"DIG"},{"floor":44,"key":"DIG"},{"floor":47,"key":"DIG"},{"floor":49,"key":"REST"}],"neow_cost":"NONE","seed_source_timestamp":1288109994768044,"circlet_count":0,"master_deck":["Rampage+1","Searing Blow+1","Rage","Pommel Strike","Brutality","Double Tap","Uppercut","Shrug It Off","Sever Soul","Immolate","Shockwave","Impervious","Demon Form","Limit Break+1","Thunderclap+1","Heavy Blade+1","Uppercut+1","Warcry","Reckless Charge+1","J.A.X.","Double Tap","Inflame+1","Injury","Hemokinesis+1","Normality","Flex+1","Flex+1"],"relics":["Burning Blood","Juzu Bracelet","WarpedTongs","The Courier","Shovel","Pandora\u0027s Box","Pen Nib","MealTicket","Self Forming Clay","Pantograph","Vajra","Oddly Smooth Stone","Meat on the Bone","Empty Cage","Paper Frog","Tiny Chest","HandDrill","Ancient Tea Set","Centennial Puzzle","Mango","Bottled Lightning","Frozen Egg 2","Ornamental Fan","Gremlin Horn","Boot","Bottled Tornado"],"potions_floor_usage":[16,16,29,33,45,48,50],"damage_taken":[{"damage":0,"enemies":"Small Slimes","floor":1,"turns":4},{"damage":4,"enemies":"Jaw Worm","floor":7,"turns":4},{"damage":3,"enemies":"Cultist","floor":10,"turns":3},{"damage":42,"enemies":"3 Sentries","floor":11,"turns":7},{"damage":62,"enemies":"Hexaghost","floor":16,"turns":12},{"damage":29,"enemies":"Shell Parasite","floor":18,"turns":7},{"damage":7,"enemies":"Chosen","floor":20,"turns":4},{"damage":27,"enemies":"Shelled Parasite and Fungi","floor":24,"turns":4},{"damage":30,"enemies":"Slavers","floor":27,"turns":4},{"damage":47,"enemies":"Book of Stabbing","floor":29,"turns":7},{"damage":59,"enemies":"Automaton","floor":33,"turns":8},{"damage":18,"enemies":"3 Shapes","floor":35,"turns":3},{"damage":12,"enemies":"3 Darklings","floor":38,"turns":4},{"damage":13,"enemies":"Maw","floor":42,"turns":5},{"damage":26,"enemies":"Giant Head","floor":45,"turns":6},{"damage":21,"enemies":"Spire Growth","floor":48,"turns":3},{"damage":59,"enemies":"Donu and Deca","floor":50,"turns":5}],"seed_played":"8805882544035157729","potions_obtained":[{"floor":7,"key":"Regen Potion"},{"floor":11,"key":"Dexterity Potion"},{"floor":18,"key":"Regen Potion"},{"floor":24,"key":"Poison Potion"},{"floor":33,"key":"EssenceOfSteel"},{"floor":42,"key":"EssenceOfSteel"},{"floor":48,"key":"SkillPotion"}],"is_trial":false,"path_per_floor":["M","?","?","$","?","R","M","R","T","M","E","?","?","?","R","B",null,"M","$","M","?","?","R","M","R","T","E","?","E","R","?","R","B",null,"M","?","$","M","?","R","$","M","T","R","E","?","R","M","R","B",null],"character_chosen":"IRONCLAD","items_purchased":["Juzu Bracelet","Pen Nib","MealTicket","Paper Frog","HandDrill","Ancient Tea Set","Centennial Puzzle","Mango","Bottled Lightning","Frozen Egg 2"],"campfire_rested":5,"item_purchase_floors":[4,19,19,37,41,41,41,41,41,41],"current_hp_per_floor":[88,88,77,77,77,77,79,79,79,82,46,46,46,46,72,31,88,65,65,64,64,64,64,43,69,69,45,45,18,44,44,70,47,88,76,76,88,82,82,82,102,95,95,95,75,75,75,60,90,61],"gold":183,"neow_bonus":"TEN_PERCENT_HP_BONUS","is_prod":false,"is_daily":false,"chose_seed":false,"campfire_upgraded":2,"win_rate":0,"timestamp":1564199222,"path_taken":["M","?","?","$","?","R","M","R","T","M","E","?","?","?","R","BOSS","M","$","M","?","?","R","M","R","T","E","?","E","R","?","R","BOSS","M","?","$","M","?","R","$","M","T","R","E","?","R","M","R","BOSS"],"build_version":"2019-07-17","purchased_purges":2,"victory":true,"max_hp_per_floor":[88,88,88,88,88,88,88,88,88,88,88,88,88,88,88,88,88,88,88,88,88,88,88,88,88,88,88,88,88,88,88,88,88,88,88,88,88,88,88,88,102,102,102,102,102,102,102,102,102,102],"card_choices":[{"not_picked":["Warcry","Sword Boomerang"],"picked":"Rampage","floor":1},{"not_picked":["Spot Weakness","True Grit"],"picked":"Searing Blow","floor":7},{"not_picked":["Thunderclap","Warcry"],"picked":"Rage","floor":10},{"not_picked":["Burning Pact","Feel No Pain"],"picked":"Pommel Strike","floor":11},{"not_picked":["Feed","Fiend Fire"],"picked":"Double Tap","floor":16},{"not_picked":["Wild Strike","Clash"],"picked":"Thunderclap+1","floor":18},{"not_picked":["Headbutt","Flame Barrier"],"picked":"Heavy Blade+1","floor":20},{"not_picked":["Reckless Charge","Iron Wave"],"picked":"Uppercut+1","floor":24},{"not_picked":["Hemokinesis","Thunderclap"],"picked":"Warcry","floor":27},{"not_picked":["Armaments","Fiend Fire"],"picked":"Reckless Charge+1","floor":29},{"not_picked":["Reaper","Brutality"],"picked":"Double Tap","floor":33},{"not_picked":["Cleave+1","Headbutt"],"picked":"Inflame+1","floor":35},{"not_picked":["Searing Blow","Intimidate"],"picked":"Hemokinesis+1","floor":38},{"not_picked":["Body Slam+1","Searing Blow+1"],"picked":"Flex+1","floor":42},{"not_picked":["Power Through+1","Thunderclap"],"picked":"Flex+1","floor":45},{"not_picked":["Shrug It Off+1","Fire Breathing+1","Havoc+1"],"picked":"SKIP","floor":48}],"player_experience":177057,"relics_obtained":[{"floor":9,"key":"The Courier"},{"floor":11,"key":"Shovel"},{"floor":23,"key":"Pantograph"},{"floor":26,"key":"Vajra"},{"floor":27,"key":"Oddly Smooth Stone"},{"floor":29,"key":"Meat on the Bone"},{"floor":40,"key":"Tiny Chest"},{"floor":43,"key":"Ornamental Fan"},{"floor":44,"key":"Gremlin Horn"},{"floor":45,"key":"Boot"},{"floor":47,"key":"Bottled Tornado"}],"event_choices":[{"damage_healed":0,"gold_gain":0,"player_choice":"Ignored","damage_taken":0,"max_hp_gain":0,"max_hp_loss":0,"event_name":"Golden Wing","floor":2,"gold_loss":0},{"damage_healed":0,"gold_gain":75,"player_choice":"Gather Gold","damage_taken":11,"max_hp_gain":0,"max_hp_loss":0,"event_name":"World of Goop","floor":3,"gold_loss":0},{"damage_healed":0,"gold_gain":0,"player_choice":"Rummage","damage_taken":0,"relics_obtained":["WarpedTongs"],"max_hp_gain":0,"max_hp_loss":0,"event_name":"Accursed Blacksmith","floor":5,"gold_loss":0,"cards_obtained":["Pain"]},{"damage_healed":0,"gold_gain":0,"cards_transformed":["Strike_R"],"player_choice":"Transformed","damage_taken":0,"max_hp_gain":0,"max_hp_loss":0,"event_name":"Transmorgrifier","floor":12,"gold_loss":0,"cards_obtained":["Brutality"]},{"damage_healed":0,"gold_gain":175,"player_choice":"AGREE","damage_taken":0,"max_hp_gain":0,"max_hp_loss":0,"event_name":"Liars Game","floor":13,"gold_loss":0,"cards_obtained":["Doubt"]},{"cards_removed":["Pain"],"damage_healed":0,"gold_gain":0,"player_choice":"Purged","damage_taken":0,"max_hp_gain":0,"max_hp_loss":0,"event_name":"Purifier","floor":14,"gold_loss":0},{"damage_healed":0,"gold_gain":0,"player_choice":"Ignored","damage_taken":0,"max_hp_gain":0,"max_hp_loss":0,"event_name":"Vampires","floor":21,"gold_loss":0},{"damage_healed":0,"gold_gain":0,"player_choice":"Stole Relic","damage_taken":0,"relics_obtained":["Self Forming Clay"],"max_hp_gain":0,"max_hp_loss":0,"event_name":"Addict","floor":22,"gold_loss":0,"cards_obtained":["Shame"]},{"damage_healed":0,"gold_gain":0,"player_choice":"Upgraded","damage_taken":0,"max_hp_gain":0,"max_hp_loss":0,"event_name":"Upgrade Shrine","floor":28,"gold_loss":0,"cards_upgraded":["Limit Break"]},{"damage_healed":0,"gold_gain":0,"player_choice":"Obtain J.A.X.","damage_taken":0,"max_hp_gain":0,"max_hp_loss":0,"event_name":"Drug Dealer","floor":31,"gold_loss":0,"cards_obtained":["J.A.X."]},{"damage_healed":0,"gold_gain":0,"player_choice":"1 cards matched","damage_taken":0,"max_hp_gain":0,"max_hp_loss":0,"event_name":"Match and Keep!","floor":36,"gold_loss":0,"cards_obtained":["Injury"]},{"damage_healed":0,"gold_gain":999,"player_choice":"Gold","damage_taken":0,"max_hp_gain":0,"max_hp_loss":0,"event_name":"MindBloom","floor":39,"gold_loss":0,"cards_obtained":["Normality","Normality"]},{"damage_healed":0,"gold_gain":0,"player_choice":"Ignored","damage_taken":0,"max_hp_gain":0,"max_hp_loss":0,"event_name":"SecretPortal","floor":46,"gold_loss":0}],"is_beta":false,"boss_relics":[{"not_picked":["Cursed Key","Velvet Choker"],"picked":"Pandora\u0027s Box"},{"not_picked":["Runic Pyramid","Philosopher\u0027s Stone"],"picked":"Empty Cage"}],"items_purged_floors":[19,41],"is_endless":false,"potions_floor_spawned":[7,11,18,24,33,42,48],"ascension_level":1}