{"gold_per_floor":[114,131,144,119,136,171,188,188,188,74,74,92,92,107,107,237,237,262,286,286,302,341,341,341,366,389,389,405,95,95,118,118,243,243,266,266,266,266,9,9,25,49,72,111,111,127,127,127,127,127],"floor_reached":50,"playtime":7572,"items_purged":["Injury","Decay"],"score":524,"play_id":"f39ad97c-d43e-402a-a4c6-7b3f0e15a2b8","local_time":"20190818022818","is_ascension_mode":true,"campfire_choices":[{"floor":11.0,"key":"REST"},{"floor":15.0,"key":"REST"},{"floor":23.0,"key":"REST"},{"floor":27.0,"key":"REST"},{"floor":30.0,"key":"REST"},{"floor":32.0,"key":"REST"},{"floor":40,"key":"REST"},{"floor":45,"key":"REST"},{"floor":47,"key":"REST"},{"data":"Poisoned Stab","floor":49,"key":"SMITH"}],"neow_cost":"NONE","seed_source_timestamp":0,"circlet_count":0,"master_deck":["Survivor","Neutralize","Poisoned Stab","Backflip","Finisher+1","Poisoned Stab","Caltrops","Poisoned Stab+1","Caltrops","Dagger Throw","Bullet Time","Dagger Throw+1","Endless Agony","Deflect","Endless Agony","Sucker Punch","Dagger Spray","Wraith Form v2","Setup","Glass Knife","Dagger Throw","Slice+1","Blur+1","Crippling Poison","Deflect+1","Riddle With Holes+1","Distraction+1","Die Die Die","Finisher+1","Flash of Steel","Flying Knee","Finisher","Quick Slash+1"],"special_seed":0,"relics":["Ring of the Snake","Kunai","Golden Idol","Ninja Scroll","Pandora\u0027s Box","Red Mask","Blue Candle","Blood Vial","Toy Ornithopter","Black Star","Oddly Smooth Stone","Whetstone","Vajra","StoneCalendar"],"potions_floor_usage":[36,42,44,44,50],"damage_taken":[{"damage":0.0,"enemies":"2 Louse","floor":1.0,"turns":2.0},{"damage":0.0,"enemies":"Jaw Worm","floor":2.0,"turns":3.0},{"damage":0.0,"enemies":"Cultist","floor":3.0,"turns":4.0},{"damage":7.0,"enemies":"Large Slime","floor":5.0,"turns":6.0},{"damage":24.0,"enemies":"Gremlin Nob","floor":6.0,"turns":5.0},{"damage":9.0,"enemies":"Blue Slaver","floor":7.0,"turns":2.0},{"damage":2.0,"enemies":"Looter","floor":12.0,"turns":2.0},{"damage":1.0,"enemies":"Large Slime","floor":14.0,"turns":5.0},{"damage":31.0,"enemies":"Hexaghost","floor":16.0,"turns":9.0},{"damage":15.0,"enemies":"Shell Parasite","floor":18.0,"turns":2.0},{"damage":5.0,"enemies":"Spheric Guardian","floor":19.0,"turns":3.0},{"damage":29.0,"enemies":"Centurion and Healer","floor":21.0,"turns":4.0},{"damage":15.0,"enemies":"Masked Bandits","floor":22.0,"turns":4.0},{"damage":9.0,"enemies":"Snecko","floor":25.0,"turns":3.0},{"damage":36.0,"enemies":"Shelled Parasite and Fungi","floor":28.0,"turns":6.0},{"damage":4.0,"enemies":"Chosen and Byrds","floor":31.0,"turns":3.0},{"damage":52.0,"enemies":"Collector","floor":33.0,"turns":12.0},{"damage":24,"enemies":"3 Shapes","floor":35,"turns":4},{"damage":0,"enemies":"3 Darklings","floor":36,"turns":3},{"damage":10,"enemies":"Jaw Worm Horde","floor":41,"turns":4},{"damage":30,"enemies":"Sphere and 2 Shapes","floor":42,"turns":6},{"damage":33,"enemies":"Reptomancer","floor":44,"turns":6},{"damage":31,"enemies":"3 Darklings","floor":46,"turns":3},{"damage":79,"enemies":"Time Eater","floor":50,"turns":7}],"seed_played":"-1170873364394116185","potions_obtained":[{"floor":2.0,"key":"Strength Potion"},{"floor":7.0,"key":"Block Potion"},{"floor":12.0,"key":"AttackPotion"},{"floor":21.0,"key":"Regen Potion"},{"floor":22.0,"key":"Explosive Potion"},{"floor":31.0,"key":"Regen Potion"},{"floor":33.0,"key":"SmokeBomb"},{"floor":41,"key":"GamblersBrew"},{"floor":44,"key":"Strength Potion"}],"is_trial":false,"path_per_floor":["M","M","M","$","M","E","M","?","T","$","R","M","?","M","R","B",null,"M","M","?","M","?","R","T","M","T","R","M","$","R","M","R","B",null,"M","M","?","?","$","R","M","M","T","E","R","M","R","?","R","B"],"character_chosen":"THE_SILENT","items_purchased":["Poisoned Stab","Caltrops","Toy Ornithopter","Oddly Smooth Stone","PowerPotion","Dexterity Potion"],"campfire_rested":9,"item_purchase_floors":[4,10,29,39,39,39],"current_hp_per_floor":[77,77,77,77,70,46,37,37,37,37,60,58,58,57,77,46,77,62,57,57,28,13,36,36,27,27,50,16,16,39,37,60,56,77,53,60,60,60,60,77,67,44,44,23,46,17,40,67,67,0],"gold":127,"neow_bonus":"TEN_PERCENT_HP_BONUS","is_prod":false,"is_daily":false,"chose_seed":false,"campfire_upgraded":1,"win_rate":0,"timestamp":1566113298,"path_taken":["M","M","M","$","M","E","M","?","T","$","R","M","?","M","R","BOSS","M","M","?","?","?","R","?","M","T","R","M","$","R","M","R","BOSS","M","M","?","?","$","R","M","M","T","E","R","M","R","?","R","BOSS"],"build_version":"2019-07-17","purchased_purges":2,"victory":false,"max_hp_per_floor":[77,77,77,77,77,77,77,77,77,77,77,77,77,77,77,77,77,77,77,77,77,77,77,77,77,77,77,77,77,77,77,77,77,77,77,77,77,77,77,77,77,77,77,77,77,77,77,67,67,67],"card_choices":[{"not_picked":["Flying Knee","Underhanded Strike"],"picked":"Poisoned Stab","floor":1.0},{"not_picked":["Sucker Punch","Outmaneuver"],"picked":"Backflip","floor":2.0},{"not_picked":["Tactician","Setup"],"picked":"Finisher","floor":3.0},{"not_picked":["Dagger Spray","Acrobatics"],"picked":"Caltrops","floor":5.0},{"not_picked":["Prepared","Eviscerate","Backflip"],"picked":"SKIP","floor":6.0},{"not_picked":["Dodge and Roll","Sucker Punch"],"picked":"Poisoned Stab","floor":7.0},{"not_picked":["Concentrate","Riddle With Holes","Expertise"],"picked":"SKIP","floor":12.0},{"not_picked":["Backflip","Distraction"],"picked":"Dagger Throw","floor":14.0},{"not_picked":["Burst","Die Die Die"],"picked":"Bullet Time","floor":16.0},{"not_picked":["Prepared","Dodge and Roll"],"picked":"Dagger Throw","floor":18.0},{"not_picked":["Infinite Blades","After Image"],"picked":"Slice+1","floor":19.0},{"not_picked":["Well Laid Plans+1","Backflip+1"],"picked":"Blur+1","floor":21.0},{"not_picked":["Heel Hook","Acrobatics"],"picked":"Crippling Poison","floor":22.0},{"not_picked":["Quick Slash","Dagger Spray"],"picked":"Deflect+1","floor":25.0},{"not_picked":["Tactician","Dash"],"picked":"Riddle With Holes+1","floor":28.0},{"not_picked":["Bane","Riddle With Holes"],"picked":"Distraction+1","floor":31.0},{"not_picked":["Phantasmal Killer","Wraith Form v2"],"picked":"Die Die Die","floor":33.0},{"not_picked":["Reflex","Escape Plan"],"picked":"Finisher+1","floor":35},{"not_picked":["Thinking Ahead","Mayhem"],"picked":"Flash of Steel","floor":37},{"not_picked":["Outmaneuver+1","PiercingWail"],"picked":"Flying Knee","floor":41},{"not_picked":["Bane","Sucker Punch"],"picked":"Finisher","floor":42},{"not_picked":["Flechettes","Prepared+1"],"picked":"Quick Slash+1","floor":44},{"not_picked":["Blade Dance","Infinite Blades+1","After Image"],"picked":"SKIP","floor":46}],"player_experience":324801,"relics_obtained":[{"floor":6.0,"key":"Kunai"},{"floor":9.0,"key":"Ninja Scroll"},{"floor":22.0,"key":"Red Mask"},{"floor":24.0,"key":"Blue Candle"},{"floor":26.0,"key":"Blood Vial"},{"floor":43,"key":"Whetstone"},{"floor":44,"key":"Vajra"},{"floor":44,"key":"StoneCalendar"}],"event_choices":[{"damage_healed":0.0,"max_hp_gain":0.0,"max_hp_loss":0.0,"gold_gain":0.0,"event_name":"Golden Idol","player_choice":"Take Wound","floor":8.0,"gold_loss":0.0,"damage_taken":0.0,"relics_obtained":["Golden Idol"],"cards_obtained":["Injury"]},{"damage_healed":0.0,"max_hp_gain":0.0,"max_hp_loss":0.0,"gold_gain":0.0,"event_name":"Golden Wing","player_choice":"Ignored","floor":13.0,"gold_loss":0.0,"damage_taken":0.0},{"damage_healed":0.0,"max_hp_gain":0.0,"max_hp_loss":0.0,"gold_gain":0.0,"event_name":"Wheel of Change","player_choice":"Cursed","floor":20.0,"gold_loss":0.0,"damage_taken":0.0,"cards_obtained":["Decay"]},{"damage_healed":0.0,"max_hp_gain":0.0,"max_hp_loss":0.0,"gold_gain":0.0,"event_name":"Masked Bandits","player_choice":"Fought Bandits","floor":22.0,"gold_loss":0.0,"damage_taken":0.0},{"damage_healed":0,"gold_gain":0,"player_choice":"Memory 1","damage_taken":0,"max_hp_gain":0,"max_hp_loss":0,"event_name":"SensoryStone","floor":37,"gold_loss":0},{"cards_removed":["Cloak And Dagger"],"damage_healed":0,"gold_gain":0,"player_choice":"Removed Skill","damage_taken":0,"max_hp_gain":0,"max_hp_loss":0,"event_name":"Falling","floor":38,"gold_loss":0},{"damage_healed":67,"gold_gain":0,"player_choice":"Heal","damage_taken":0,"max_hp_gain":0,"max_hp_loss":10,"event_name":"The Moai Head","floor":48,"gold_loss":0}],"is_beta":false,"boss_relics":[{"not_picked":["WristBlade","Eternal Feather"],"picked":"Pandora\u0027s Box"},{"not_picked":["White Beast Statue","Busted Crown"],"picked":"Black Star"}],"items_purged_floors":[10,29],"is_endless":false,"potions_floor_spawned":[2,7,12,21,22,31,33,41,44],"killed_by":"Time Eater","ascension_level":2}