{"gold_per_floor":[213,67,67,79,79,111,111,136,136,104,104,104,119,136,136,236,236,250,175,191,191,210,210,225,225,252,287,287,300,300,312,312,312],"floor_reached":33,"playtime":1821,"items_purged":["Strike_B"],"score":275,"play_id":"faec342c-981c-4314-be69-a4262c5e4e49","local_time":"20190626141741","is_ascension_mode":false,"campfire_choices":[{"floor":7.0,"key":"REST"},{"floor":12.0,"key":"REST"},{"floor":15.0,"key":"REST"},{"data":"Tempest","floor":23,"key":"SMITH"},{"floor":25,"key":"REST"},{"floor":28,"key":"REST"},{"floor":30,"key":"REST"},{"data":"Barrage","floor":32,"key":"SMITH"}],"neow_cost":"NONE","seed_source_timestamp":0,"circlet_count":0,"master_deck":["Strike_B","Strike_B","Strike_B","Defend_B","Defend_B","Defend_B","Zap","Dualcast","Leap","Capacitor","Tempest+1","Leap","Barrage","Buffer+1","Barrage+1","Static Discharge+1","Decay","Machine Learning+1","Pain","Loop+1"],"special_seed":0,"relics":["Cracked Core","Blood Vial","Orichalcum","Frozen Egg 2","Mummified Hand","Cursed Key","Oddly Smooth Stone","Anchor"],"potions_floor_usage":[22],"damage_taken":[{"damage":1.0,"enemies":"Cultist","floor":1.0,"turns":4.0},{"damage":7.0,"enemies":"2 Louse","floor":4.0,"turns":2.0},{"damage":50.0,"enemies":"Lagavulin","floor":6.0,"turns":7.0},{"damage":26.0,"enemies":"Gremlin Nob","floor":8.0,"turns":5.0},{"damage":0.0,"enemies":"Small Slimes","floor":13.0,"turns":3.0},{"damage":1.0,"enemies":"3 Louse","floor":14.0,"turns":3.0},{"damage":37.0,"enemies":"Slime Boss","floor":16.0,"turns":8.0},{"damage":9,"enemies":"3 Byrds","floor":18,"turns":5},{"damage":1,"enemies":"Shell Parasite","floor":20,"turns":7},{"damage":17,"enemies":"Snake Plant","floor":22,"turns":2},{"damage":9,"enemies":"3 Cultists","floor":24,"turns":4},{"damage":58,"enemies":"Slavers","floor":27,"turns":5},{"damage":7,"enemies":"Chosen and Byrds","floor":29,"turns":5},{"damage":12,"enemies":"Snake Plant","floor":31,"turns":3},{"damage":60,"enemies":"Champ","floor":33,"turns":10}],"seed_played":"-249291336324611641","potions_obtained":[{"floor":4.0,"key":"PowerPotion"},{"floor":8.0,"key":"GamblersBrew"},{"floor":14.0,"key":"Explosive Potion"},{"floor":22,"key":"Fruit Juice"},{"floor":24,"key":"GamblersBrew"}],"is_trial":false,"path_per_floor":["M","$","?","M","?","E","R","E","T","?","?","R","M","M","R","B",null,"M","$","M","?","M","R","M","R","T","E","R","M","R","M","R","B"],"character_chosen":"DEFECT","items_purchased":["Blood Vial"],"campfire_rested":6,"item_purchase_floors":[2],"current_hp_per_floor":[74,74,74,68,68,20,42,18,18,18,18,40,42,43,65,30,75,66,66,67,67,57,57,50,74,74,18,42,37,61,51,51,0],"gold":312,"neow_bonus":"HUNDRED_GOLD","is_prod":false,"is_daily":false,"chose_seed":false,"campfire_upgraded":2,"win_rate":0,"timestamp":1561583861,"path_taken":["M","$","?","?","?","E","R","E","T","?","?","R","M","M","R","BOSS","M","$","M","?","M","R","M","R","T","E","R","M","R","M","R","BOSS"],"build_version":"2019-01-23","purchased_purges":1,"victory":false,"max_hp_per_floor":[75,75,75,75,75,75,75,75,75,75,75,75,75,75,75,75,75,75,75,75,75,80,80,80,80,80,80,80,80,80,80,80,80],"card_choices":[{"not_picked":["Loop","Cold Snap"],"picked":"Leap","floor":1.0},{"not_picked":["Cold Snap","Genetic Algorithm"],"picked":"Capacitor","floor":4.0},{"not_picked":["Heatsinks","Cold Snap"],"picked":"Tempest","floor":6.0},{"not_picked":["Blizzard","Core Surge"],"picked":"Leap","floor":8.0},{"not_picked":["Redo","Hologram"],"picked":"Barrage","floor":13.0},{"not_picked":["Redo","Streamline","Compile Driver"],"picked":"SKIP","floor":14.0},{"not_picked":["Machine Learning+1","Fission"],"picked":"Buffer+1","floor":16.0},{"not_picked":["Turbo","Gash+1"],"picked":"Barrage","floor":18},{"not_picked":["Tempest+1","Hologram"],"picked":"Static Discharge+1","floor":20},{"not_picked":["Beam Cell","Gash+1","Conserve Battery"],"picked":"SKIP","floor":22},{"not_picked":["Ball Lightning","Gash"],"picked":"Machine Learning+1","floor":24},{"not_picked":["Lockon","Cold Snap","Gash"],"picked":"SKIP","floor":27},{"not_picked":["Blizzard","Ball Lightning","Melter"],"picked":"SKIP","floor":29},{"not_picked":["Streamline","Aggregate"],"picked":"Loop+1","floor":31}],"player_experience":228047,"relics_obtained":[{"floor":6.0,"key":"Orichalcum"},{"floor":8.0,"key":"Frozen Egg 2"},{"floor":9.0,"key":"Mummified Hand"},{"floor":26,"key":"Oddly Smooth Stone"},{"floor":27,"key":"Anchor"}],"event_choices":[{"cards_removed":["Defend_B"],"damage_healed":0.0,"max_hp_gain":0.0,"max_hp_loss":0.0,"gold_gain":0.0,"event_name":"Bonfire Elementals","player_choice":"Offered Basic","floor":3.0,"gold_loss":0.0,"damage_taken":0.0},{"damage_healed":0.0,"max_hp_gain":0.0,"max_hp_loss":0.0,"gold_gain":0.0,"event_name":"Liars Game","player_choice":"Ignored","floor":5.0,"gold_loss":0.0,"damage_taken":0.0},{"damage_healed":0.0,"max_hp_gain":0.0,"max_hp_loss":0.0,"gold_gain":0.0,"event_name":"World of Goop","player_choice":"Left Gold","floor":10.0,"gold_loss":32.0,"damage_taken":0.0},{"damage_healed":0.0,"max_hp_gain":0.0,"max_hp_loss":0.0,"gold_gain":0.0,"event_name":"Scrap Ooze","player_choice":"Fled","floor":11.0,"gold_loss":0.0,"damage_taken":0.0},{"damage_healed":0,"gold_gain":0,"player_choice":"Cursed","damage_taken":0,"max_hp_gain":0,"max_hp_loss":0,"event_name":"Wheel of Change","floor":21,"gold_loss":0,"cards_obtained":["Decay"]}],"is_beta":false,"boss_relics":[{"not_picked":["Fusion Hammer","Pandora\u0027s Box"],"picked":"Cursed Key"}],"items_purged_floors":[19],"is_endless":false,"potions_floor_spawned":[1,4,8,14,22,24,31],"killed_by":"Champ","ascension_level":0}