{"gold_per_floor":[114,130,130,153,166,166,41,41,68,95,20,20,44,58,58,179,179,198,238,258,258,258,258,110,123,147,147,185,185,200,221,221,345,345,365,698,698,142,142,142,156,156,229,240,13,13,47,47,47,47],"floor_reached":51,"playtime":2855,"items_purged":["Normality"],"score":1063,"play_id":"b3efff44-e10a-4e95-bac5-91566c66cbdf","local_time":"20190905025028","is_ascension_mode":true,"campfire_choices":[{"data":"Zap","floor":6.0,"key":"SMITH"},{"data":"Dualcast","floor":12.0,"key":"SMITH"},{"data":"Coolheaded","floor":15.0,"key":"SMITH"},{"data":"Redo","floor":23.0,"key":"SMITH"},{"floor":29.0,"key":"REST"},{"data":"Loop","floor":32.0,"key":"SMITH"},{"data":"Electrodynamics","floor":40.0,"key":"SMITH"},{"data":"Steam","floor":42.0,"key":"SMITH"},{"floor":46.0,"key":"REST"},{"floor":49.0,"key":"REST"}],"neow_cost":"CURSE","seed_source_timestamp":302299231835792,"circlet_count":0,"master_deck":["AscendersBane","Strike_B","Strike_B","Strike_B","Defend_B","Defend_B","Defend_B","Defend_B","Zap+1","Dualcast+1","Gash","Self Repair","Redo+1","Steam+1","FTL","Coolheaded+1","Electrodynamics+1","Sweeping Beam","Sweeping Beam","Echo Form","Loop+1","FTL","Reprogram+1","FTL+1","Blizzard"],"special_seed":0,"relics":["Cracked Core","Emotion Chip","Tiny Chest","Ancient Tea Set","Boot","Anchor","Cursed Key","Red Mask","Omamori","Regal Pillow","Peace Pipe","Philosopher\u0027s Stone","Runic Capacitor","Meat on the Bone","Pantograph","Pen Nib","Bag of Marbles"],"potions_floor_usage":[50,50],"damage_taken":[{"damage":3.0,"enemies":"Small Slimes","floor":1.0,"turns":3.0},{"damage":7.0,"enemies":"2 Louse","floor":2.0,"turns":2.0},{"damage":13.0,"enemies":"Jaw Worm","floor":4.0,"turns":4.0},{"damage":14.0,"enemies":"Large Slime","floor":5.0,"turns":6.0},{"damage":0.0,"enemies":"2 Fungi Beasts","floor":13.0,"turns":4.0},{"damage":0.0,"enemies":"3 Louse","floor":14.0,"turns":2.0},{"damage":27.0,"enemies":"The Guardian","floor":16.0,"turns":10.0},{"damage":11.0,"enemies":"Chosen","floor":18.0,"turns":5.0},{"damage":7.0,"enemies":"Masked Bandits","floor":19.0,"turns":3.0},{"damage":8.0,"enemies":"Shell Parasite","floor":20.0,"turns":5.0},{"damage":14.0,"enemies":"Centurion and Healer","floor":25.0,"turns":4.0},{"damage":43.0,"enemies":"Book of Stabbing","floor":28.0,"turns":6.0},{"damage":0.0,"enemies":"Chosen and Byrds","floor":30.0,"turns":4.0},{"damage":16.0,"enemies":"Sentry and Sphere","floor":31.0,"turns":5.0},{"damage":49.0,"enemies":"Automaton","floor":33.0,"turns":11.0},{"damage":14.0,"enemies":"Orb Walker","floor":35.0,"turns":4.0},{"damage":0.0,"enemies":"3 Darklings","floor":41.0,"turns":2.0},{"damage":35.0,"enemies":"Maw","floor":44.0,"turns":7.0},{"damage":45.0,"enemies":"Reptomancer","floor":47.0,"turns":6.0},{"damage":57,"enemies":"Donu and Deca","floor":50,"turns":7}],"seed_played":"-477511089273384026","potions_obtained":[{"floor":1.0,"key":"Ancient Potion"},{"floor":4.0,"key":"LiquidBronze"},{"floor":5.0,"key":"SkillPotion"},{"floor":18.0,"key":"SkillPotion"},{"floor":19.0,"key":"AttackPotion"},{"floor":28.0,"key":"Fire Potion"},{"floor":31.0,"key":"GamblersBrew"}],"is_trial":false,"path_per_floor":["M","M","?","M","M","R","$","?","T","T","$","R","M","M","R","B",null,"M","?","M","?","?","R","$","M","T","$","E","R","M","M","R","B",null,"M","?","?","$","?","R","M","R","T","M","$","R","E","?","R","B",null],"character_chosen":"DEFECT","items_purchased":["Tiny Chest","Omamori","FTL","Runic Capacitor","Meat on the Bone","FocusPotion","Pen Nib","Blizzard"],"campfire_rested":3,"item_purchase_floors":[7,24,38,38,38,38,45,45],"current_hp_per_floor":[65,58,58,52,45,45,45,45,45,45,45,45,52,52,52,32,60,56,56,55,55,55,55,55,48,48,48,12,47,54,52,52,10,54,54,54,54,54,54,54,54,54,54,38,38,69,43,43,66,28],"gold":47,"neow_bonus":"ONE_RARE_RELIC","is_prod":false,"is_daily":false,"chose_seed":false,"campfire_upgraded":7,"win_rate":0,"timestamp":1567630228,"path_taken":["M","M","?","M","M","R","$","?","T","?","?","R","M","M","R","BOSS","M","?","M","?","?","R","$","?","T","$","E","R","M","M","R","BOSS","M","?","?","$","?","R","M","R","T","M","$","R","E","?","R","BOSS"],"build_version":"2019-07-05","purchased_purges":1,"victory":true,"max_hp_per_floor":[75,75,69,69,69,69,69,69,69,69,69,69,69,69,69,69,69,69,69,69,69,69,69,69,69,69,69,69,69,69,69,69,69,69,69,69,69,69,69,69,69,69,69,69,69,69,69,66,66,66],"card_choices":[{"not_picked":["Streamline","Fusion"],"picked":"Gash","floor":1.0},{"not_picked":["Conserve Battery","Hello World"],"picked":"Self Repair","floor":2.0},{"not_picked":["Streamline","Leap"],"picked":"Redo","floor":4.0},{"not_picked":["Stack","Streamline"],"picked":"Steam","floor":5.0},{"not_picked":["Go for the Eyes","Force Field"],"picked":"FTL","floor":13.0},{"not_picked":["Steam","Sweeping Beam"],"picked":"Coolheaded","floor":14.0},{"not_picked":["Multi-Cast","Core Surge"],"picked":"Electrodynamics","floor":16.0},{"not_picked":["Reinforced Body+1","Melter"],"picked":"Sweeping Beam","floor":18.0},{"not_picked":["Turbo","Redo","Sunder"],"picked":"SKIP","floor":20.0},{"not_picked":["Aggregate","Beam Cell"],"picked":"Sweeping Beam","floor":25.0},{"not_picked":["Aggregate","Stack"],"picked":"Echo Form","floor":28.0},{"not_picked":["Doom and Gloom","Stack","Barrage"],"picked":"SKIP","floor":30.0},{"not_picked":["Go for the Eyes","Auto Shields"],"picked":"Loop","floor":31.0},{"not_picked":["Stack+1","Reinforced Body+1","Doom and Gloom"],"picked":"SKIP","floor":35.0},{"not_picked":["Lockon","Turbo+1"],"picked":"Reprogram+1","floor":41.0},{"not_picked":["Compile Driver","Loop"],"picked":"FTL+1","floor":44.0},{"not_picked":["Go for the Eyes+1","Chaos","Beam Cell"],"picked":"SKIP","floor":47.0}],"player_experience":471015,"relics_obtained":[{"floor":9.0,"key":"Boot"},{"floor":10.0,"key":"Anchor"},{"floor":19.0,"key":"Red Mask"},{"floor":26.0,"key":"Regal Pillow"},{"floor":28.0,"key":"Peace Pipe"},{"floor":43.0,"key":"Pantograph"},{"floor":47.0,"key":"Bag of Marbles"}],"event_choices":[{"damage_healed":0.0,"max_hp_gain":0.0,"max_hp_loss":6.0,"gold_gain":0.0,"event_name":"Golden Idol","player_choice":"Lose Max HP","floor":3.0,"gold_loss":0.0,"damage_taken":0.0,"relics_obtained":["Golden Idol"]},{"damage_healed":0.0,"max_hp_gain":0.0,"max_hp_loss":0.0,"gold_gain":0.0,"event_name":"Dead Adventurer","player_choice":"Searched \u00271\u0027 times","floor":8.0,"gold_loss":0.0,"damage_taken":0.0,"relics_obtained":["Ancient Tea Set"]},{"damage_healed":0.0,"max_hp_gain":0.0,"max_hp_loss":0.0,"gold_gain":0.0,"event_name":"Masked Bandits","player_choice":"Fought Bandits","floor":19.0,"gold_loss":0.0,"damage_taken":0.0},{"damage_healed":0.0,"max_hp_gain":0.0,"max_hp_loss":0.0,"gold_gain":0.0,"event_name":"Ghosts","player_choice":"Ignored","floor":21.0,"gold_loss":0.0,"damage_taken":0.0},{"damage_healed":0.0,"max_hp_gain":0.0,"max_hp_loss":0.0,"gold_gain":0.0,"event_name":"Vampires","player_choice":"Ignored","floor":22.0,"gold_loss":0.0,"damage_taken":0.0},{"damage_healed":0.0,"max_hp_gain":0.0,"max_hp_loss":0.0,"gold_gain":333.0,"event_name":"The Moai Head","player_choice":"Gave Idol","floor":36.0,"relics_lost":["Golden Idol"],"gold_loss":0.0,"damage_taken":0.0},{"cards_removed":["Strike_B"],"damage_healed":0.0,"max_hp_gain":0.0,"max_hp_loss":0.0,"gold_gain":0.0,"event_name":"Falling","player_choice":"Removed Attack","floor":37.0,"gold_loss":0.0,"damage_taken":0.0},{"damage_healed":0.0,"max_hp_gain":0.0,"max_hp_loss":0.0,"gold_gain":0.0,"event_name":"SensoryStone","player_choice":"Memory 1","floor":39.0,"gold_loss":0.0,"damage_taken":0.0},{"damage_healed":0.0,"max_hp_gain":0.0,"max_hp_loss":3.0,"gold_gain":0.0,"event_name":"Winding Halls","player_choice":"Max HP","floor":48.0,"gold_loss":0.0,"damage_taken":0.0}],"is_beta":false,"boss_relics":[{"not_picked":["Fusion Hammer","Snecko Eye"],"picked":"Cursed Key"},{"not_picked":["Astrolabe","Lizard Tail"],"picked":"Philosopher\u0027s Stone"}],"items_purged_floors":[11],"is_endless":false,"potions_floor_spawned":[1,4,5,18,19,28,31,47],"ascension_level":12}