{"gold_per_floor":[119,135,135,152,71,105,105,205,232,243,254,271,346,366,366,470,470,470,470,317,257,257,257,211,161,161,161,161,161,161,161,161,161,161,161,161,161,161,161,161],"floor_reached":40,"playtime":2360,"items_purged":["Writhe"],"score":392,"play_id":"f8339fcb-b37f-4f0c-923d-097cc54d0adb","local_time":"20190424000733","is_ascension_mode":false,"campfire_choices":[{"data":"Barrage","floor":7,"key":"SMITH"},{"floor":15,"key":"REST"},{"data":"Amplify","floor":23,"key":"SMITH"},{"floor":28,"key":"REST"},{"data":"Barrage","floor":32,"key":"SMITH"}],"neow_cost":"NONE","seed_source_timestamp":1640215550919,"circlet_count":0,"master_deck":["Strike_B","Strike_B","Strike_B","Strike_B","Defend_B","Defend_B","Defend_B","Defend_B","Zap","Dualcast","Leap","Barrage+1","Self Repair","Capacitor","Electrodynamics","Self Repair","Barrage+1","Amplify+1","Capacitor","Undo+1","Ball Lightning","Conserve Battery+1","Buffer","Parasite"],"relics":["Cracked Core","NeowsBlessing","Vajra","Centennial Puzzle","Ectoplasm","Sundial","Bronze Scales","Busted Crown","Bird Faced Urn"],"potions_floor_usage":[38],"damage_taken":[{"damage":0,"enemies":"Cultist","floor":1,"turns":1},{"damage":0,"enemies":"Small Slimes","floor":2,"turns":1},{"damage":0,"enemies":"2 Louse","floor":4,"turns":1},{"damage":51,"enemies":"Gremlin Nob","floor":6,"turns":5},{"damage":4,"enemies":"2 Fungi Beasts","floor":10,"turns":3},{"damage":8,"enemies":"Red Slaver","floor":11,"turns":3},{"damage":7,"enemies":"Gremlin Gang","floor":12,"turns":4},{"damage":6,"enemies":"Looter","floor":14,"turns":3},{"damage":20,"enemies":"The Guardian","floor":16,"turns":10},{"damage":13,"enemies":"3 Byrds","floor":18,"turns":4},{"damage":22,"enemies":"2 Thieves","floor":21,"turns":4},{"damage":21,"enemies":"Shelled Parasite and Fungi","floor":27,"turns":3},{"damage":22,"enemies":"Chosen and Byrds","floor":29,"turns":4},{"damage":22,"enemies":"3 Cultists","floor":30,"turns":4},{"damage":11,"enemies":"Shelled Parasite and Fungi","floor":31,"turns":4},{"damage":47,"enemies":"Automaton","floor":33,"turns":9},{"damage":1,"enemies":"3 Shapes","floor":35,"turns":3},{"damage":16,"enemies":"Orb Walker","floor":36,"turns":4},{"damage":45,"enemies":"Writhing Mass","floor":37,"turns":6},{"damage":45,"enemies":"2 Orb Walkers","floor":38,"turns":4},{"damage":20,"enemies":"Sphere and 2 Shapes","floor":40,"turns":3}],"seed_played":"-2807010831136942053","potions_obtained":[{"floor":2,"key":"LiquidBronze"},{"floor":10,"key":"FairyPotion"},{"floor":12,"key":"Strength Potion"},{"floor":21,"key":"FocusPotion"},{"floor":33,"key":"Explosive Potion"},{"floor":38,"key":"Energy Potion"}],"is_trial":false,"path_per_floor":["M","M","$","M","$","E","R","?","T","M","M","M","?","M","R","B",null,"M","?","$","M","?","R","$","?","T","M","R","M","M","M","R","B",null,"M","M","M","?","?","M"],"character_chosen":"DEFECT","items_purchased":["Self Repair","Capacitor","Ball Lightning"],"campfire_rested":2,"item_purchase_floors":[5,20,24],"current_hp_per_floor":[75,75,75,75,75,31,31,31,31,34,33,26,15,23,45,32,75,69,69,69,54,40,40,40,40,40,19,43,35,34,44,44,8,80,80,78,47,9,9,0],"gold":161,"neow_bonus":"THREE_ENEMY_KILL","is_prod":false,"is_daily":false,"chose_seed":false,"campfire_upgraded":3,"win_rate":0.0,"timestamp":1556089653,"path_taken":["M","M","$","M","$","E","R","?","T","?","?","M","?","M","R","BOSS","M","?","$","M","?","R","$","?","T","M","R","?","M","M","R","BOSS","M","M","?","?","?","?"],"build_version":"2019-01-23","purchased_purges":1,"victory":false,"max_hp_per_floor":[75,75,75,75,75,75,75,75,75,75,75,75,75,75,75,75,75,75,75,75,75,80,80,80,80,80,80,80,80,80,80,80,80,80,80,80,80,80,80,80],"card_choices":[{"not_picked":["Compile Driver","Genetic Algorithm"],"picked":"Leap","floor":1},{"not_picked":["Compile Driver","Darkness","Beam Cell"],"picked":"SKIP","floor":2},{"not_picked":["Multi-Cast","Streamline"],"picked":"Barrage","floor":4},{"not_picked":["Leap","Beam Cell"],"picked":"Capacitor","floor":6},{"not_picked":["Gash","Beam Cell"],"picked":"Electrodynamics","floor":10},{"not_picked":["Compile Driver","Cold Snap"],"picked":"Self Repair","floor":11},{"not_picked":["Undo","Steam"],"picked":"Barrage","floor":12},{"not_picked":["Skim","Go for the Eyes","FTL"],"picked":"SKIP","floor":14},{"not_picked":["Rainbow","Biased Cognition"],"picked":"Amplify","floor":16},{"not_picked":["Hologram+1","Scrape","Gash"],"picked":"SKIP","floor":18},{"not_picked":["Streamline","Rebound"],"picked":"Undo+1","floor":21},{"not_picked":["Hologram","Cold Snap+1"],"picked":"Conserve Battery+1","floor":27},{"not_picked":["Barrage","Tempest","Self Repair"],"picked":"SKIP","floor":29},{"not_picked":["Steam","Tempest","Go for the Eyes"],"picked":"SKIP","floor":30},{"not_picked":["Cold Snap+1","Beam Cell","FTL"],"picked":"SKIP","floor":31},{"not_picked":["Creative AI","Electrodynamics"],"picked":"Buffer","floor":33},{"not_picked":["Rebound"],"picked":"SKIP","floor":35},{"not_picked":["Turbo+1"],"picked":"SKIP","floor":36},{"not_picked":["Streamline"],"picked":"SKIP","floor":37},{"not_picked":["Streamline"],"picked":"SKIP","floor":37}],"player_experience":81739,"relics_obtained":[{"floor":6,"key":"Vajra"},{"floor":9,"key":"Centennial Puzzle"},{"floor":26,"key":"Bronze Scales"},{"floor":38,"key":"Bird Faced Urn"}],"event_choices":[{"damage_healed":0,"gold_gain":100,"player_choice":"Gold","damage_taken":0,"max_hp_gain":0,"max_hp_loss":0,"event_name":"Wheel of Change","floor":8,"gold_loss":0},{"damage_healed":0,"gold_gain":75,"player_choice":"Gather Gold","damage_taken":11,"max_hp_gain":0,"max_hp_loss":0,"event_name":"World of Goop","floor":13,"gold_loss":0},{"damage_healed":0,"gold_gain":0,"player_choice":"Opened","damage_taken":0,"relics_obtained":["Sundial"],"max_hp_gain":0,"max_hp_loss":0,"event_name":"The Mausoleum","floor":19,"gold_loss":0,"cards_obtained":["Writhe"]},{"damage_healed":0,"gold_gain":0,"player_choice":"Shed Blood","damage_taken":19,"max_hp_gain":5,"max_hp_loss":0,"event_name":"Forgotten Altar","floor":22,"gold_loss":0},{"damage_healed":0,"gold_gain":0,"player_choice":"Bet on Owner","damage_taken":0,"max_hp_gain":0,"max_hp_loss":0,"event_name":"The Joust","floor":25,"gold_loss":50},{"damage_healed":0,"gold_gain":0,"player_choice":"Fight","damage_taken":0,"max_hp_gain":0,"max_hp_loss":0,"event_name":"Mysterious Sphere","floor":38,"gold_loss":0},{"damage_healed":0,"gold_gain":0,"player_choice":"Leave","damage_taken":0,"max_hp_gain":0,"max_hp_loss":0,"event_name":"FaceTrader","floor":39,"gold_loss":0}],"is_beta":false,"boss_relics":[{"not_picked":["Philosopher\u0027s Stone","Coffee Dripper"],"picked":"Ectoplasm"},{"not_picked":["Cursed Key","Nuclear Battery"],"picked":"Busted Crown"}],"items_purged_floors":[20],"is_endless":false,"potions_floor_spawned":[2,10,12,14,21,30,31,33,35,38],"killed_by":"Sphere and 2 Shapes","ascension_level":0}