{"gold_per_floor":[111,186,200,218,235,235,261,280,280,261,261,296,296,325,325,420,420,440,440,456,468,72,106,126,126,126,126,126,126,155,165,165,262,262,272,272,13,13,23,23,38,68,68,68,78,78,94,107,107,107],"floor_reached":51,"playtime":6026,"items_purged":[],"score":921,"play_id":"f23e01b2-1891-4706-b016-875f70499180","local_time":"20190902091836","is_ascension_mode":true,"campfire_choices":[{"data":"Bash","floor":6,"key":"SMITH"},{"data":"Flame Barrier","floor":11,"key":"SMITH"},{"floor":15,"key":"REST"},{"data":"Flame Barrier","floor":27,"key":"SMITH"},{"data":"Heavy Blade","floor":29,"key":"SMITH"},{"data":"Heavy Blade","floor":32,"key":"SMITH"},{"data":"Spot Weakness","floor":40,"key":"SMITH"},{"floor":44,"key":"REST"},{"floor":49,"key":"REST"}],"neow_cost":"NONE","seed_source_timestamp":446290262653000,"circlet_count":0,"master_deck":["Defend_R","Defend_R","Defend_R","Defend_R","Bash+1","Headbutt","Flame Barrier+1","Heavy Blade+1","Cleave","Spot Weakness+1","Flame Barrier+1","Reaper","Battle Trance+1","Iron Wave+1","Heavy Blade+1","Bite","Bite","Bite","Bite","Infernal Blade+1","Brutality","Clothesline+1","Metallicize+1","Rampage+1","Heavy Blade+1","Heavy Blade+1","Flame Barrier+1"],"relics":["Burning Blood","Pear","Question Card","Ice Cream","Snecko Eye","Nilry\u0027s Codex","Self Forming Clay","Lantern","Orichalcum","Prayer Wheel","Strawberry","Darkstone Periapt","Philosopher\u0027s Stone","Bottled Tornado","Bottled Lightning","Toxic Egg 2"],"potions_floor_usage":[7,12,14,50],"damage_taken":[{"damage":6,"enemies":"2 Louse","floor":1,"turns":3},{"damage":9,"enemies":"Jaw Worm","floor":3,"turns":4},{"damage":3,"enemies":"Small Slimes","floor":4,"turns":3},{"damage":3,"enemies":"Looter","floor":5,"turns":4},{"damage":14,"enemies":"Gremlin Nob","floor":7,"turns":5},{"damage":11,"enemies":"Large Slime","floor":8,"turns":5},{"damage":25,"enemies":"Exordium Thugs","floor":10,"turns":6},{"damage":25,"enemies":"3 Sentries","floor":12,"turns":7},{"damage":31,"enemies":"Lagavulin","floor":14,"turns":9},{"damage":49,"enemies":"Slime Boss","floor":16,"turns":12},{"damage":0,"enemies":"Spheric Guardian","floor":18,"turns":3},{"damage":1,"enemies":"2 Thieves","floor":20,"turns":4},{"damage":15,"enemies":"Cultist and Chosen","floor":21,"turns":5},{"damage":34,"enemies":"Book of Stabbing","floor":23,"turns":7},{"damage":9,"enemies":"Snecko","floor":24,"turns":4},{"damage":18,"enemies":"Gremlin Leader","floor":30,"turns":6},{"damage":0,"enemies":"Centurion and Healer","floor":31,"turns":2},{"damage":78,"enemies":"Automaton","floor":33,"turns":11},{"damage":14,"enemies":"Orb Walker","floor":35,"turns":3},{"damage":2,"enemies":"3 Shapes","floor":39,"turns":2},{"damage":8,"enemies":"Maw","floor":41,"turns":5},{"damage":34,"enemies":"Giant Head","floor":42,"turns":7},{"damage":22,"enemies":"4 Shapes","floor":45,"turns":3},{"damage":3,"enemies":"Spire Growth","floor":47,"turns":3},{"damage":33,"enemies":"Writhing Mass","floor":48,"turns":2},{"damage":32,"enemies":"Time Eater","floor":50,"turns":12}],"seed_played":"-7564920029573385939","potions_obtained":[{"floor":1,"key":"Block Potion"},{"floor":3,"key":"SteroidPotion"},{"floor":5,"key":"GamblersBrew"},{"floor":12,"key":"LiquidBronze"},{"floor":21,"key":"Ancient Potion"},{"floor":30,"key":"FearPotion"},{"floor":42,"key":"Energy Potion"}],"is_trial":false,"path_per_floor":["M","?","M","M","M","R","E","M","T","M","R","E","?","E","R","B",null,"M","?","M","M","$","E","M","?","T","R","?","R","E","M","R","B",null,"M","?","$","?","M","R","M","E","T","R","M","?","M","M","R","B",null],"character_chosen":"IRONCLAD","items_purchased":["Self Forming Clay","Lantern","Bottled Tornado"],"campfire_rested":3,"item_purchase_floors":[22,22,37],"current_hp_per_floor":[88,77,74,77,80,80,82,77,77,58,58,39,44,21,51,10,103,103,87,98,98,98,78,83,83,90,90,90,90,94,110,110,58,110,102,102,102,102,110,110,110,84,84,110,110,110,110,85,110,88],"gold":107,"neow_bonus":"TEN_PERCENT_HP_BONUS","is_prod":false,"is_daily":false,"chose_seed":false,"campfire_upgraded":6,"win_rate":0,"timestamp":1567430316,"path_taken":["M","?","M","M","M","R","E","M","T","M","R","E","?","E","R","BOSS","M","?","M","M","$","E","M","?","T","R","?","R","E","M","R","BOSS","M","?","$","?","M","R","?","E","T","R","M","?","?","?","R","BOSS"],"build_version":"2019-07-17","purchased_purges":0,"victory":true,"max_hp_per_floor":[88,88,88,88,88,88,98,98,98,98,98,98,103,103,103,103,103,103,103,103,103,103,103,103,103,110,110,110,110,110,110,110,110,110,110,110,110,110,110,110,110,110,110,110,110,110,110,110,110,110],"card_choices":[{"not_picked":["Entrench","Pommel Strike","Combust"],"picked":"SKIP","floor":1},{"not_picked":["Sword Boomerang","Twin Strike"],"picked":"Headbutt","floor":3},{"not_picked":["Pommel Strike","Infernal Blade"],"picked":"Flame Barrier","floor":4},{"not_picked":["Clash","Headbutt","Flex"],"picked":"SKIP","floor":5},{"not_picked":["Brutality","Second Wind","Wild Strike"],"picked":"SKIP","floor":7},{"not_picked":["Wild Strike","Twin Strike"],"picked":"Heavy Blade","floor":8},{"not_picked":["Flex","Perfected Strike","Searing Blow"],"picked":"Cleave","floor":10},{"not_picked":["Headbutt","Heavy Blade","Searing Blow"],"picked":"Spot Weakness","floor":12},{"not_picked":["Sword Boomerang","Rupture","Whirlwind"],"picked":"Flame Barrier","floor":14},{"not_picked":["Juggernaut","Demon Form","Feed"],"picked":"Reaper","floor":16},{"not_picked":["Clash","Pummel","Anger"],"picked":"Battle Trance+1","floor":18},{"not_picked":["Armaments","Barricade","Warcry","Cleave"],"picked":"SKIP","floor":20},{"not_picked":["Twin Strike+1","Combust","Armaments"],"picked":"Iron Wave+1","floor":21},{"not_picked":["Armaments","Dropkick","True Grit"],"picked":"Heavy Blade","floor":23},{"not_picked":["Body Slam","Clash","Havoc","Sword Boomerang"],"picked":"SKIP","floor":24},{"not_picked":["Perfected Strike","Iron Wave","Dark Embrace","Rage"],"picked":"SKIP","floor":30},{"not_picked":["Perfected Strike","Sentinel+1","Armaments+1"],"picked":"Infernal Blade+1","floor":31},{"not_picked":["Thunderclap","Perfected Strike","Sword Boomerang","Rage"],"picked":"SKIP","floor":31},{"not_picked":["Feed","Bludgeon","Dark Embrace"],"picked":"Brutality","floor":33},{"not_picked":["Cleave","Warcry+1","Rupture"],"picked":"Clothesline+1","floor":35},{"not_picked":["Evolve+1","Intimidate","Clothesline","Body Slam+1"],"picked":"SKIP","floor":35},{"not_picked":["Clothesline","Blood for Blood+1","Corruption"],"picked":"Metallicize+1","floor":39},{"not_picked":["Thunderclap","Metallicize+1","Clothesline+1"],"picked":"Rampage+1","floor":39},{"not_picked":["Wild Strike","Iron Wave","Shockwave+1"],"picked":"Heavy Blade+1","floor":41},{"not_picked":["Bloodletting","Wild Strike+1","Shrug It Off","Sword Boomerang+1"],"picked":"SKIP","floor":41},{"not_picked":["Pummel+1","Intimidate+1","Demon Form"],"picked":"Heavy Blade+1","floor":42},{"not_picked":["Intimidate+1","Clash+1","Anger"],"picked":"Flame Barrier+1","floor":45},{"not_picked":["Sword Boomerang+1","Entrench+1","Combust","Burning Pact+1"],"picked":"SKIP","floor":45},{"not_picked":["Iron Wave","Wild Strike","Armaments+1","Sword Boomerang"],"picked":"SKIP","floor":47},{"not_picked":["Warcry+1","Clothesline+1","Wild Strike","Fiend Fire"],"picked":"SKIP","floor":47},{"not_picked":["Twin Strike","Clothesline","Perfected Strike","Rupture+1"],"picked":"SKIP","floor":48},{"not_picked":["Shrug It Off+1","Iron Wave","Clothesline","Body Slam"],"picked":"SKIP","floor":48}],"player_experience":124764,"relics_obtained":[{"floor":7,"key":"Pear"},{"floor":9,"key":"Question Card"},{"floor":12,"key":"Blood Vial"},{"floor":14,"key":"Ice Cream"},{"floor":19,"key":"Nilry\u0027s Codex"},{"floor":23,"key":"Orichalcum"},{"floor":26,"key":"Strawberry"},{"floor":30,"key":"Darkstone Periapt"},{"floor":42,"key":"Bottled Lightning"},{"floor":43,"key":"Toxic Egg 2"}],"event_choices":[{"damage_healed":0,"gold_gain":75,"player_choice":"Gather Gold","damage_taken":11,"max_hp_gain":0,"max_hp_loss":0,"event_name":"World of Goop","floor":2,"gold_loss":0},{"damage_healed":0,"gold_gain":0,"player_choice":"Donut","damage_taken":0,"max_hp_gain":5,"max_hp_loss":0,"event_name":"Big Fish","floor":13,"gold_loss":0},{"damage_healed":0,"gold_gain":0,"player_choice":"Obtained Book","damage_taken":16,"max_hp_gain":0,"max_hp_loss":0,"event_name":"Cursed Tome","floor":19,"gold_loss":0},{"damage_healed":0,"gold_gain":0,"player_choice":"Opened","damage_taken":0,"relics_obtained":["Prayer Wheel"],"max_hp_gain":0,"max_hp_loss":0,"event_name":"The Mausoleum","floor":25,"gold_loss":0},{"damage_healed":0,"gold_gain":0,"player_choice":"Became a vampire (Vial)","damage_taken":0,"max_hp_gain":0,"max_hp_loss":0,"event_name":"Vampires","floor":28,"relics_lost":["Blood Vial"],"gold_loss":0,"cards_obtained":["Bite","Bite","Bite","Bite","Bite"]},{"damage_healed":0,"gold_gain":0,"player_choice":"Ignored","damage_taken":0,"max_hp_gain":0,"max_hp_loss":0,"event_name":"Tomb of Lord Red Mask","floor":36,"gold_loss":0},{"cards_removed":["Bite"],"damage_healed":0,"gold_gain":0,"player_choice":"Removed Attack","damage_taken":0,"max_hp_gain":0,"max_hp_loss":0,"event_name":"Falling","floor":38,"gold_loss":0},{"damage_healed":0,"gold_gain":0,"player_choice":"Bought 0 Potions","damage_taken":0,"max_hp_gain":0,"max_hp_loss":0,"event_name":"The Woman in Blue","floor":46,"gold_loss":0}],"is_beta":false,"boss_relics":[{"not_picked":["Runic Pyramid","Sozu"],"picked":"Snecko Eye"},{"not_picked":["Lizard Tail","Tiny House"],"picked":"Philosopher\u0027s Stone"}],"items_purged_floors":[],"is_endless":false,"potions_floor_spawned":[1,3,5,12,21,30,41,42,45,48],"ascension_level":3}