{"gold_per_floor":[216,229,229,229,229,229,194,194,244,258,269,284,284,300,300,300],"floor_reached":16,"playtime":622,"items_purged":[],"score":161,"play_id":"d65d8eed-1e7a-4923-b700-aaa2434991e7","local_time":"20190827210419","is_ascension_mode":true,"campfire_choices":[{"data":"Crippling Poison","floor":6.0,"key":"SMITH"},{"data":"Strike_G","floor":8.0,"key":"SMITH"},{"data":"Bane","floor":13.0,"key":"SMITH"},{"floor":15.0,"key":"REST"}],"neow_cost":"NONE","seed_source_timestamp":13617796415300,"circlet_count":0,"master_deck":["AscendersBane","Strike_G","Strike_G","Strike_G","Strike_G","Strike_G+1","Defend_G+1","Defend_G","Defend_G","Defend_G","Defend_G","Survivor","Neutralize+1","Crippling Poison+1","Bane+1","Backflip","Dagger Spray","Deadly Poison"],"special_seed":0,"relics":["Ring of the Snake","PreservedInsect"],"potions_floor_usage":[16],"damage_taken":[{"damage":8.0,"enemies":"Cultist","floor":1.0,"turns":5.0},{"damage":0.0,"enemies":"2 Louse","floor":2.0,"turns":2.0},{"damage":5.0,"enemies":"Jaw Worm","floor":10.0,"turns":4.0},{"damage":10.0,"enemies":"Exordium Wildlife","floor":11.0,"turns":4.0},{"damage":3.0,"enemies":"Looter","floor":12.0,"turns":3.0},{"damage":17.0,"enemies":"Large Slime","floor":14.0,"turns":9.0},{"damage":47,"enemies":"Slime Boss","floor":16,"turns":9}],"seed_played":"1453522641246057289","potions_obtained":[{"floor":1.0,"key":"SkillPotion"},{"floor":2.0,"key":"Strength Potion"}],"is_trial":false,"path_per_floor":["M","M","?","?","$","R","?","R","T","M","M","M","R","M","R","B"],"character_chosen":"THE_SILENT","items_purchased":[],"campfire_rested":1,"item_purchase_floors":[],"current_hp_per_floor":[51,51,56,35,35,35,52,52,52,47,37,34,34,17,38,0],"gold":300,"neow_bonus":"HUNDRED_GOLD","is_prod":false,"is_daily":false,"chose_seed":false,"campfire_upgraded":3,"win_rate":0,"timestamp":1566961459,"path_taken":["M","?","?","?","?","R","?","R","T","M","M","M","R","M","R","BOSS"],"build_version":"2019-08-26","purchased_purges":0,"victory":false,"max_hp_per_floor":[66,66,71,71,71,71,71,71,71,71,71,71,71,71,71,71],"card_choices":[{"not_picked":["Prepared","Outmaneuver","Deflect"],"picked":"SKIP","floor":1.0},{"not_picked":["Deadly Poison","Blur"],"picked":"Crippling Poison","floor":2.0},{"not_picked":["Prepared","Dagger Throw"],"picked":"Bane","floor":10.0},{"not_picked":["Expertise","PiercingWail"],"picked":"Backflip","floor":11.0},{"not_picked":["PiercingWail","Eviscerate"],"picked":"Dagger Spray","floor":12.0},{"not_picked":["Dagger Throw","Heel Hook"],"picked":"Deadly Poison","floor":14.0}],"player_experience":841055,"relics_obtained":[{"floor":9.0,"key":"PreservedInsect"}],"event_choices":[{"damage_healed":0.0,"max_hp_gain":5.0,"max_hp_loss":0.0,"gold_gain":0.0,"event_name":"Big Fish","player_choice":"Donut","floor":3.0,"gold_loss":0.0,"damage_taken":0.0},{"damage_healed":0.0,"max_hp_gain":0.0,"max_hp_loss":0.0,"gold_gain":0.0,"event_name":"Shining Light","player_choice":"Entered Light","floor":4.0,"gold_loss":0.0,"damage_taken":21.0,"cards_upgraded":["Neutralize","Defend_G"]},{"damage_healed":17.0,"max_hp_gain":0.0,"max_hp_loss":0.0,"gold_gain":0.0,"event_name":"The Cleric","player_choice":"Healed","floor":7.0,"gold_loss":35.0,"damage_taken":0.0}],"is_beta":true,"boss_relics":[],"items_purged_floors":[],"is_endless":false,"potions_floor_spawned":[1,2,10],"killed_by":"Slime Boss","ascension_level":15}