{"gold_per_floor":[111,10,23,23,41,41,73,83,83,83,83,115,115,58,58,135,135,150,50,70,70,90,90,90,90,90,121,121,121],"floor_reached":29,"playtime":836,"items_purged":["Strike_B"],"score":498,"play_id":"d4182ed5-d63a-45b9-906c-b44fc69bdaec","local_time":"20190808104540","is_ascension_mode":true,"campfire_choices":[{"data":"Defragment","floor":6.0,"key":"SMITH"},{"data":"Zap","floor":10.0,"key":"SMITH"},{"data":"Dualcast","floor":13.0,"key":"SMITH"},{"data":"Consume","floor":15.0,"key":"SMITH"},{"data":"Self Repair","floor":23.0,"key":"SMITH"},{"floor":25.0,"key":"RECALL"}],"neow_cost":"NONE","seed_source_timestamp":926544537431015,"circlet_count":0,"master_deck":["AscendersBane","Strike_B","Strike_B","Strike_B","Defend_B","Defend_B","Defend_B","Defend_B","Zap+1","Dualcast+1","Ball Lightning","Self Repair+1","Conserve Battery","Defragment+1","Consume+1","Ball Lightning","Meteor Strike","Redo+1","Seek+1","Glacier+1","Hologram+1","Turbo+1","Ghostly+1","Ghostly+1","Ghostly+1","Glacier+1","Reboot+1"],"special_seed":0,"relics":["Cracked Core","NeowsBlessing","Centennial Puzzle","Oddly Smooth Stone","Toxic Egg 2","Nuclear Battery","Prayer Wheel"],"potions_floor_usage":[27,27],"damage_taken":[{"damage":0.0,"enemies":"Cultist","floor":1.0,"turns":1.0},{"damage":0.0,"enemies":"2 Louse","floor":3.0,"turns":1.0},{"damage":0.0,"enemies":"Jaw Worm","floor":5.0,"turns":1.0},{"damage":30.0,"enemies":"Gremlin Nob","floor":7.0,"turns":4.0},{"damage":8.0,"enemies":"Blue Slaver","floor":8.0,"turns":4.0},{"damage":12.0,"enemies":"3 Sentries","floor":12.0,"turns":6.0},{"damage":32.0,"enemies":"Slime Boss","floor":16.0,"turns":5.0},{"damage":26.0,"enemies":"Shell Parasite","floor":18.0,"turns":4.0},{"damage":0.0,"enemies":"Chosen","floor":20.0,"turns":3.0},{"damage":1.0,"enemies":"Centurion and Healer","floor":22.0,"turns":8.0},{"damage":31,"enemies":"Gremlin Leader","floor":27,"turns":15},{"damage":0,"enemies":"Slavers","floor":29,"turns":1}],"seed_played":"7127047100761941332","potions_obtained":[{"floor":1.0,"key":"Ancient Potion"},{"floor":3.0,"key":"EssenceOfSteel"},{"floor":11.0,"key":"Explosive Potion"},{"floor":11.0,"key":"SteroidPotion"},{"floor":16.0,"key":"LiquidBronze"}],"is_trial":false,"path_per_floor":["M","$","M","$","M","R","E","M","T","R","?","E","R","$","R","B",null,"M","$","M","?","M","R","?","R","T","E","?","E"],"character_chosen":"DEFECT","items_purchased":["Ball Lightning","Self Repair","Redo+1","Hologram+1"],"campfire_rested":0,"item_purchase_floors":[2,2,14,19],"current_hp_per_floor":[64,64,71,71,71,71,48,47,47,47,47,35,35,35,35,10,56,37,37,44,35,35,35,35,35,35,14,14,14],"gold":121,"neow_bonus":"THREE_ENEMY_KILL","is_prod":false,"is_daily":false,"chose_seed":false,"campfire_upgraded":5,"win_rate":0,"timestamp":1565232340,"path_taken":["M","$","?","?","?","R","E","M","T","R","?","E","R","?","R","BOSS","M","$","?","?","M","R","?","R","T","E","?","E"],"build_version":"2019-07-17","purchased_purges":1,"victory":false,"max_hp_per_floor":[71,71,71,71,71,71,71,71,71,71,71,71,71,71,71,71,71,71,71,71,35,35,35,35,35,35,35,35,35],"card_choices":[{"not_picked":["Steam Power","Redo","Steam"],"picked":"SKIP","floor":1.0},{"not_picked":["Hologram","Sweeping Beam"],"picked":"Conserve Battery","floor":3.0},{"not_picked":["Turbo","Conserve Battery"],"picked":"Defragment","floor":5.0},{"not_picked":["Compile Driver","Doom and Gloom"],"picked":"Consume","floor":7.0},{"not_picked":["Conserve Battery","Redo"],"picked":"Ball Lightning","floor":8.0},{"not_picked":["Scrape","Ball Lightning"],"picked":"Meteor Strike","floor":12.0},{"not_picked":["Rainbow+1","All For One"],"picked":"Seek+1","floor":16.0},{"not_picked":["Turbo+1","Stack+1"],"picked":"Glacier+1","floor":18.0},{"not_picked":["Hologram+1","Doom and Gloom"],"picked":"Turbo+1","floor":20.0},{"not_picked":["Steam+1","Sweeping Beam"],"picked":"Glacier+1","floor":22.0},{"not_picked":["Self Repair","Rebound+1"],"picked":"Reboot+1","floor":27}],"player_experience":2113645,"relics_obtained":[{"floor":7.0,"key":"Centennial Puzzle"},{"floor":9.0,"key":"Oddly Smooth Stone"},{"floor":12.0,"key":"Toxic Egg 2"},{"floor":27,"key":"Prayer Wheel"}],"event_choices":[{"damage_healed":0.0,"max_hp_gain":0.0,"max_hp_loss":0.0,"gold_gain":0.0,"event_name":"Lab","player_choice":"Got Potions","floor":11.0,"gold_loss":0.0,"damage_taken":0.0},{"damage_healed":0.0,"max_hp_gain":0.0,"max_hp_loss":36.0,"gold_gain":0.0,"event_name":"Ghosts","player_choice":"Became a Ghost","floor":21.0,"gold_loss":0.0,"damage_taken":0.0,"cards_obtained":["Ghostly","Ghostly","Ghostly"]},{"damage_healed":0.0,"max_hp_gain":0.0,"max_hp_loss":0.0,"gold_gain":0.0,"event_name":"Vampires","player_choice":"Ignored","floor":24.0,"gold_loss":0.0,"damage_taken":0.0},{"damage_healed":0,"gold_gain":0,"player_choice":"Ignored","damage_taken":0,"max_hp_gain":0,"max_hp_loss":0,"event_name":"The Mausoleum","floor":28,"gold_loss":0}],"is_beta":false,"boss_relics":[{"not_picked":["Inserter","Fusion Hammer"],"picked":"Nuclear Battery"}],"items_purged_floors":[19],"is_endless":false,"potions_floor_spawned":[1,3,16,22],"killed_by":"Slavers","ascension_level":20}