{"gold_per_floor":[111,286,303,315,315,315,329,343,368,368,382,382,392,404,404,404],"floor_reached":16,"playtime":1287,"items_purged":[],"score":96,"play_id":"65c79c43-1f21-477b-999f-1da4de03a969","local_time":"20190831220554","is_ascension_mode":false,"campfire_choices":[{"data":"Twin Strike","floor":6,"key":"SMITH"},{"data":"Pommel Strike","floor":10,"key":"SMITH"},{"data":"Bash","floor":15,"key":"SMITH"}],"neow_cost":"NONE","seed_source_timestamp":324293467759500,"circlet_count":0,"master_deck":["Strike_R","Strike_R","Strike_R","Strike_R","Strike_R","Defend_R","Defend_R","Bash+1","Combust","Twin Strike+1","Clothesline","Sword Boomerang","Pommel Strike+1","Perfected Strike","Anger","Perfected Strike","Shrug It Off"],"relics":["Burning Blood","Potion Belt"],"potions_floor_usage":[],"damage_taken":[{"damage":7,"enemies":"2 Louse","floor":1,"turns":3},{"damage":0,"enemies":"Small Slimes","floor":3,"turns":3},{"damage":4,"enemies":"Cultist","floor":4,"turns":3},{"damage":17,"enemies":"Looter","floor":7,"turns":3},{"damage":5,"enemies":"3 Louse","floor":8,"turns":3},{"damage":16,"enemies":"2 Fungi Beasts","floor":11,"turns":3},{"damage":13,"enemies":"Gremlin Gang","floor":13,"turns":4},{"damage":6,"enemies":"Exordium Thugs","floor":14,"turns":3},{"damage":48,"enemies":"Hexaghost","floor":16,"turns":9}],"seed_played":"-5167811723748243018","potions_obtained":[{"floor":4,"key":"Ancient Potion"},{"floor":7,"key":"Block Potion"},{"floor":13,"key":"BloodPotion"}],"is_trial":false,"path_per_floor":["M","?","M","M","?","R","M","M","T","R","M","?","M","M","R","B"],"character_chosen":"IRONCLAD","items_purchased":[],"campfire_rested":0,"item_purchase_floors":[],"current_hp_per_floor":[79,79,80,80,80,80,69,70,70,70,60,53,46,46,46,0],"gold":404,"neow_bonus":"TRANSFORM_CARD","is_prod":false,"is_daily":false,"chose_seed":false,"campfire_upgraded":3,"win_rate":0.0,"timestamp":1567303554,"path_taken":["M","?","M","M","?","R","M","M","T","R","M","?","M","M","R","BOSS"],"build_version":"2019-07-17","purchased_purges":0,"victory":false,"max_hp_per_floor":[80,80,80,80,80,80,80,80,80,80,80,80,80,80,80,80],"card_choices":[{"not_picked":["Iron Wave","Second Wind"],"picked":"Twin Strike","floor":1},{"not_picked":["Anger","Power Through"],"picked":"Clothesline","floor":3},{"not_picked":["Shrug It Off","Cleave"],"picked":"Sword Boomerang","floor":4},{"not_picked":["Body Slam","Clothesline"],"picked":"Pommel Strike","floor":7},{"not_picked":["Pommel Strike","Sword Boomerang"],"picked":"Perfected Strike","floor":8},{"not_picked":["Sword Boomerang","Warcry"],"picked":"Anger","floor":11},{"not_picked":["Pummel","Clothesline"],"picked":"Perfected Strike","floor":13},{"not_picked":["Flame Barrier","Body Slam"],"picked":"Shrug It Off","floor":14}],"player_experience":4629,"relics_obtained":[{"floor":9,"key":"Potion Belt"}],"event_choices":[{"damage_healed":0,"gold_gain":175,"player_choice":"AGREE","damage_taken":0,"max_hp_gain":0,"max_hp_loss":0,"event_name":"Liars Game","floor":2,"gold_loss":0,"cards_obtained":["Doubt"]},{"cards_removed":["Doubt"],"damage_healed":0,"gold_gain":0,"player_choice":"Forget","damage_taken":0,"max_hp_gain":0,"max_hp_loss":0,"event_name":"Living Wall","floor":5,"gold_loss":0},{"cards_removed":["Defend_R"],"damage_healed":0,"gold_gain":0,"player_choice":"Card Removal","damage_taken":7,"max_hp_gain":0,"max_hp_loss":0,"event_name":"Golden Wing","floor":12,"gold_loss":0}],"is_beta":false,"boss_relics":[],"items_purged_floors":[],"is_endless":false,"potions_floor_spawned":[4,7,13],"killed_by":"Hexaghost","ascension_level":0}