{"gold_per_floor":[212,212,230,230,230,230,247,422,469,479,492,492,492,502,502,607,607,626,350,360,360,111,111,123,123,149,166,166,20,20,20],"floor_reached":31,"playtime":3060,"items_purged":["Pain","Decay"],"score":259,"play_id":"37d971d9-de1d-4200-b840-ffa8e1849007","local_time":"20190720003439","is_ascension_mode":true,"campfire_choices":[{"data":"Zap","floor":6,"key":"SMITH"},{"floor":13,"key":"REST"},{"floor":15,"key":"REST"},{"floor":23,"key":"REST"},{"floor":25,"key":"REST"},{"floor":28,"key":"REST"}],"neow_cost":"NONE","seed_source_timestamp":690733667519392,"circlet_count":0,"master_deck":["Strike_B","Strike_B","Strike_B","Strike_B","Defend_B","Defend_B","Defend_B","Defend_B","Zap+1","Dualcast","Leap","Go for the Eyes","Darkness","Doubt","Sweeping Beam","Gash","Conserve Battery","Go for the Eyes","Redo","Beam Cell","Leap"],"relics":["Cracked Core","Turnip","Potion Belt","WarpedTongs","Black Star","Sling","Membership Card","Art of War","Bird Faced Urn","Smiling Mask"],"potions_floor_usage":[18,18,18,18,18],"damage_taken":[{"damage":0,"enemies":"Cultist","floor":1,"turns":4},{"damage":1,"enemies":"2 Louse","floor":3,"turns":3},{"damage":1,"enemies":"Small Slimes","floor":7,"turns":3},{"damage":23,"enemies":"Exordium Thugs","floor":10,"turns":6},{"damage":8,"enemies":"Large Slime","floor":11,"turns":6},{"damage":17,"enemies":"Red Slaver","floor":14,"turns":4},{"damage":27,"enemies":"Slime Boss","floor":16,"turns":10},{"damage":34,"enemies":"3 Byrds","floor":18,"turns":6},{"damage":20,"enemies":"Shell Parasite","floor":20,"turns":6},{"damage":52,"enemies":"Snecko","floor":24,"turns":7},{"damage":20,"enemies":"Centurion and Healer","floor":27,"turns":12},{"damage":51,"enemies":"Cultist and Chosen","floor":31,"turns":8}],"seed_played":"-8660275606206832294","potions_obtained":[{"floor":3,"key":"Ancient Potion"},{"floor":10,"key":"EntropicBrew"},{"floor":14,"key":"Block Potion"},{"floor":16,"key":"AttackPotion"},{"floor":24,"key":"SteroidPotion"}],"is_trial":false,"path_per_floor":["M","$","M","$","?","R","M","?","T","M","M","?","R","M","R","B",null,"M","$","M","?","$","R","M","R","T","M","R","$","?","M"],"character_chosen":"DEFECT","items_purchased":["Sling","Membership Card","Bird Faced Urn"],"campfire_rested":5,"item_purchase_floors":[19,22,29],"current_hp_per_floor":[75,75,74,74,71,71,70,70,70,47,39,39,61,44,66,39,75,41,41,21,21,21,43,7,29,29,9,31,31,31,0],"gold":20,"neow_bonus":"HUNDRED_GOLD","is_prod":false,"is_daily":false,"chose_seed":false,"campfire_upgraded":1,"win_rate":0,"timestamp":1563600879,"path_taken":["M","$","M","$","?","R","M","?","T","M","M","?","R","M","R","BOSS","M","$","M","?","$","R","M","R","T","M","R","$","?","M"],"build_version":"2019-07-17","purchased_purges":2,"victory":false,"max_hp_per_floor":[75,75,75,75,75,75,75,75,75,75,75,75,75,75,75,75,75,75,75,75,75,75,75,75,75,75,75,75,75,75,75],"card_choices":[{"not_picked":["Stack","Heatsinks"],"picked":"Leap","floor":1},{"not_picked":["Steam Power","Fusion"],"picked":"Go for the Eyes","floor":3},{"not_picked":["Gash","FTL"],"picked":"Darkness","floor":7},{"not_picked":["Coolheaded","Redo"],"picked":"Sweeping Beam","floor":10},{"not_picked":["Steam","Barrage"],"picked":"Gash","floor":11},{"not_picked":["Cold Snap","Turbo"],"picked":"Conserve Battery","floor":14},{"not_picked":["Leap","Ball Lightning"],"picked":"Go for the Eyes","floor":18},{"not_picked":["Coolheaded","Thunder Strike"],"picked":"Redo","floor":20},{"not_picked":["Streamline","Skim"],"picked":"Beam Cell","floor":24},{"not_picked":["Glacier+1","Cold Snap"],"picked":"Leap","floor":27}],"player_experience":172579,"relics_obtained":[{"floor":9,"key":"Potion Belt"},{"floor":26,"key":"Art of War"}],"event_choices":[{"damage_healed":0,"gold_gain":0,"player_choice":"Success","damage_taken":3,"relics_obtained":["Turnip"],"max_hp_gain":0,"max_hp_loss":0,"event_name":"Scrap Ooze","floor":5,"gold_loss":0},{"damage_healed":0,"gold_gain":175,"player_choice":"AGREE","damage_taken":0,"max_hp_gain":0,"max_hp_loss":0,"event_name":"Liars Game","floor":8,"gold_loss":0,"cards_obtained":["Doubt"]},{"damage_healed":0,"gold_gain":0,"player_choice":"Rummage","damage_taken":0,"relics_obtained":["WarpedTongs"],"max_hp_gain":0,"max_hp_loss":0,"event_name":"Accursed Blacksmith","floor":12,"gold_loss":0,"cards_obtained":["Pain"]},{"damage_healed":0,"gold_gain":0,"player_choice":"Smashed Altar","damage_taken":0,"max_hp_gain":0,"max_hp_loss":0,"event_name":"Forgotten Altar","floor":21,"gold_loss":0,"cards_obtained":["Decay"]},{"damage_healed":0,"gold_gain":0,"player_choice":"Gave Potion","damage_taken":0,"relics_obtained":["Smiling Mask"],"max_hp_gain":0,"max_hp_loss":0,"event_name":"WeMeetAgain","floor":30,"gold_loss":0}],"is_beta":false,"boss_relics":[{"not_picked":["Runic Dome","Fusion Hammer"],"picked":"Black Star"}],"items_purged_floors":[19,22],"is_endless":false,"potions_floor_spawned":[3,10,14,16,24],"killed_by":"Cultist and Chosen","ascension_level":3}