{"gold_per_floor":[115,115,115,134,145,145,157,186,186,186,211,211,240,240],"floor_reached":14,"playtime":362,"items_purged":[],"score":216,"play_id":"bff60ced-82e5-4041-9a19-b3445048209a","local_time":"20190405203717","daily_mods":["Elite Swarm"],"is_ascension_mode":true,"campfire_choices":[{"data":"Uppercut","floor":6.0,"key":"SMITH"},{"data":"Double Tap","floor":10.0,"key":"SMITH"},{"floor":12.0,"key":"REST"}],"neow_cost":"","seed_source_timestamp":9107696339100,"circlet_count":0,"master_deck":["AscendersBane","Strike_R","Strike_R","Strike_R","Strike_R","Strike_R","Defend_R","Defend_R","Defend_R","Bash","Carnage","Uppercut+1","Barricade","Double Tap+1","Demon Form","Reaper"],"special_seed":0,"relics":["Burning Blood","infinitespire:Broken Mirror","Bottled Flame","Regal Pillow","Potion Belt"],"potions_floor_usage":[],"damage_taken":[{"damage":6.0,"enemies":"2 Louse","floor":1.0,"turns":5.0},{"damage":16.0,"enemies":"Small Slimes","floor":4.0,"turns":3.0},{"damage":1.0,"enemies":"Cultist","floor":5.0,"turns":3.0},{"damage":18.0,"enemies":"2 Fungi Beasts","floor":7.0,"turns":4.0},{"damage":24.0,"enemies":"Gremlin Nob","floor":8.0,"turns":4.0},{"damage":30.0,"enemies":"3 Sentries","floor":11.0,"turns":7.0},{"damage":44.0,"enemies":"Gremlin Nob","floor":13.0,"turns":4.0},{"damage":9,"enemies":"Blue Slaver","floor":14,"turns":1}],"seed_played":"4804013475857233335","potions_obtained":[{"floor":5.0,"key":"Energy Potion"},{"floor":7.0,"key":"SkillPotion"},{"floor":8.0,"key":"AttackPotion"}],"is_trial":true,"path_per_floor":["M","?","$","M","M","R","M","E","T","R","E","R","E","M"],"character_chosen":"IRONCLAD","items_purchased":[],"campfire_rested":1,"item_purchase_floors":[],"current_hp_per_floor":[68,68,68,58,63,63,51,33,33,33,9,46,8,0],"gold":240,"neow_bonus":"","is_prod":false,"is_daily":false,"chose_seed":false,"campfire_upgraded":2,"win_rate":0,"timestamp":1554518237,"path_taken":["M","?","$","M","M","R","M","E","T","R","E","R","E","M"],"build_version":"2019-01-23","purchased_purges":0,"victory":false,"max_hp_per_floor":[75,75,75,75,75,75,75,75,75,75,75,75,75,75],"card_choices":[{"not_picked":["Thunderclap","Flex"],"picked":"Carnage","floor":1.0},{"not_picked":["Cleave","Power Through"],"picked":"Uppercut","floor":4.0},{"not_picked":["Clothesline","Dual Wield","Clash"],"picked":"SKIP","floor":5.0},{"not_picked":["Perfected Strike","Iron Wave"],"picked":"Barricade","floor":7.0},{"not_picked":["Dark Embrace","Hemogenesis"],"picked":"Double Tap","floor":8.0},{"not_picked":["Double Tap","Brutality"],"picked":"Demon Form","floor":11.0},{"not_picked":["Brutality","Offering"],"picked":"Reaper","floor":13.0}],"player_experience":371216,"relics_obtained":[{"floor":8.0,"key":"infinitespire:Broken Mirror"},{"floor":9.0,"key":"Bottled Flame"},{"floor":11.0,"key":"Regal Pillow"},{"floor":13.0,"key":"Potion Belt"}],"event_choices":[],"is_beta":false,"boss_relics":[],"items_purged_floors":[],"is_endless":false,"potions_floor_spawned":[5,7,8],"killed_by":"Blue Slaver","ascension_level":20}