{"gold_per_floor":[112,62,11,21,36,66,66,96,96,196,196],"floor_reached":11,"playtime":356,"items_purged":[],"score":130,"play_id":"9135e8c6-eec6-418c-8dc8-774497a8a9cc","local_time":"20190405192703","is_ascension_mode":true,"campfire_choices":[{"data":"Bash","floor":7.0,"key":"SMITH"}],"neow_cost":"TEN_PERCENT_HP_LOSS","seed_source_timestamp":8601312900800,"circlet_count":0,"master_deck":["AscendersBane","Strike_R","Strike_R","Strike_R","Strike_R","Defend_R","Defend_R","Defend_R","Defend_R","Bash+1","ReplayTheSpireMod:Stacked","Uppercut+1","Ghostly Armor","Whirlwind"],"special_seed":0,"relics":["Burning Blood","Magic Flower","Pantograph","ReplayTheSpireMod:Lightbulb","Bag of Preparation","Peace Pipe"],"potions_floor_usage":[11],"damage_taken":[{"damage":13.0,"enemies":"Small Slimes","floor":1.0,"turns":4.0},{"damage":0.0,"enemies":"Cultist","floor":4.0,"turns":3.0},{"damage":1.0,"enemies":"2 Louse","floor":5.0,"turns":3.0},{"damage":30.0,"enemies":"Gremlin Nob","floor":6.0,"turns":5.0},{"damage":40.0,"enemies":"3 Sentries","floor":8.0,"turns":11.0},{"damage":30,"enemies":"Lagavulin","floor":11,"turns":4}],"seed_played":"1136310485182952543","potions_obtained":[{"floor":1.0,"key":"EntropicBrew"}],"is_trial":false,"path_per_floor":["M","?","$","M","M","E","R","E","T","?","E"],"character_chosen":"IRONCLAD","items_purchased":["Uppercut+1"],"campfire_rested":0,"item_purchase_floors":[3],"current_hp_per_floor":[68,68,68,72,72,51,51,20,20,20,0],"gold":196,"neow_bonus":"ONE_RARE_RELIC","is_prod":false,"is_daily":false,"chose_seed":false,"campfire_upgraded":1,"win_rate":0,"timestamp":1554514023,"path_taken":["M","?","$","M","M","E","R","E","T","?","E"],"build_version":"2019-01-23","purchased_purges":0,"victory":false,"max_hp_per_floor":[72,72,72,72,72,72,72,72,72,72,72],"card_choices":[{"not_picked":["Flex","True Grit"],"picked":"ReplayTheSpireMod:Stacked","floor":1.0},{"not_picked":["Warcry","Run Through","Sword Boomerang"],"picked":"SKIP","floor":4.0},{"not_picked":["Havoc","Sword Boomerang","Warcry"],"picked":"SKIP","floor":5.0},{"not_picked":["Headbutt","ReplayTheSpireMod:Limb From Limb"],"picked":"Ghostly Armor","floor":6.0},{"not_picked":["Feed","infinitespire:OneForAll"],"picked":"Whirlwind","floor":8.0}],"player_experience":367863,"relics_obtained":[{"floor":6.0,"key":"Pantograph"},{"floor":8.0,"key":"ReplayTheSpireMod:Lightbulb"},{"floor":9.0,"key":"Peace Pipe"}],"event_choices":[{"cards_removed":["Strike_R"],"damage_healed":0.0,"max_hp_gain":0.0,"max_hp_loss":0.0,"gold_gain":0.0,"event_name":"The Cleric","player_choice":"Card Removal","floor":2.0,"gold_loss":50.0,"damage_taken":0.0},{"damage_healed":0.0,"max_hp_gain":0.0,"max_hp_loss":0.0,"gold_gain":100.0,"event_name":"Wheel of Change","player_choice":"Gold","floor":10.0,"gold_loss":0.0,"damage_taken":0.0}],"is_beta":false,"boss_relics":[],"items_purged_floors":[],"is_endless":false,"potions_floor_spawned":[1],"killed_by":"Lagavulin","ascension_level":12}