{"gold_per_floor":[312,326,338,263,273,273,307,318,318,393,393],"floor_reached":11,"playtime":607,"items_purged":[],"score":131,"play_id":"82d94efa-c71c-46c2-a1f0-151a76d466e1","local_time":"20190830161835","is_ascension_mode":true,"campfire_choices":[{"data":"Neutralize","floor":6.0,"key":"SMITH"}],"neow_cost":"NO_GOLD","seed_source_timestamp":0,"circlet_count":0,"master_deck":["AscendersBane","Strike_G","Strike_G","Strike_G","Strike_G","Strike_G","Defend_G","Defend_G","Defend_G","Defend_G","Survivor","Neutralize+1","Cloak And Dagger","Choke","Endless Agony","Heel Hook","Blur","Cloak And Dagger"],"special_seed":0,"relics":["Ring of the Snake","Old Coin","Singing Bowl","Thread and Needle"],"potions_floor_usage":[11],"damage_taken":[{"damage":5.0,"enemies":"Cultist","floor":1.0,"turns":5.0},{"damage":6.0,"enemies":"2 Louse","floor":2.0,"turns":3.0},{"damage":4.0,"enemies":"Jaw Worm","floor":3.0,"turns":3.0},{"damage":0.0,"enemies":"3 Louse","floor":5.0,"turns":3.0},{"damage":31.0,"enemies":"3 Sentries","floor":7.0,"turns":11.0},{"damage":8.0,"enemies":"2 Fungi Beasts","floor":8.0,"turns":3.0},{"damage":11,"enemies":"Gremlin Nob","floor":11,"turns":4}],"seed_played":"1661970546944648735","potions_obtained":[{"floor":2.0,"key":"SpeedPotion"}],"is_trial":false,"path_per_floor":["M","M","M","?","M","R","E","M","T","?","E"],"character_chosen":"THE_SILENT","items_purchased":[],"campfire_rested":0,"item_purchase_floors":[],"current_hp_per_floor":[54,48,44,44,44,44,13,5,5,5,0],"gold":393,"neow_bonus":"ONE_RARE_RELIC","is_prod":false,"is_daily":false,"chose_seed":false,"campfire_upgraded":1,"win_rate":0,"timestamp":1567203515,"path_taken":["M","?","M","?","M","R","E","M","T","?","E"],"build_version":"2019-08-26","purchased_purges":0,"victory":false,"max_hp_per_floor":[66,66,66,66,66,66,66,66,66,66,66],"card_choices":[{"not_picked":["Deflect","Quick Slash"],"picked":"Cloak And Dagger","floor":1.0},{"not_picked":["Skewer","Backflip"],"picked":"Choke","floor":2.0},{"not_picked":["PiercingWail","Slice"],"picked":"Endless Agony","floor":3.0},{"not_picked":["Flechettes","Dagger Throw"],"picked":"Heel Hook","floor":5.0},{"not_picked":["Dagger Spray","Setup"],"picked":"Blur","floor":7.0},{"not_picked":["Slice","Masterful Stab"],"picked":"Cloak And Dagger","floor":8.0}],"player_experience":846043,"relics_obtained":[{"floor":7.0,"key":"Singing Bowl"},{"floor":9.0,"key":"Thread and Needle"}],"event_choices":[{"cards_removed":["Defend_G"],"damage_healed":0.0,"max_hp_gain":0.0,"max_hp_loss":0.0,"gold_gain":0.0,"event_name":"The Cleric","player_choice":"Card Removal","floor":4.0,"gold_loss":75.0,"damage_taken":0.0},{"damage_healed":0.0,"max_hp_gain":0.0,"max_hp_loss":0.0,"gold_gain":75.0,"event_name":"Golden Wing","player_choice":"Gained Gold","floor":10.0,"gold_loss":0.0,"damage_taken":0.0}],"is_beta":true,"boss_relics":[],"items_purged_floors":[],"is_endless":false,"potions_floor_spawned":[2],"killed_by":"Gremlin Nob","ascension_level":15}