{"gold_per_floor":[212,222,222,233,252,282,282,317,317,344,354,318,75,40,40,145,145,157,136,150,249,266,266,266,278,278,278],"floor_reached":27,"playtime":2076,"items_purged":[],"score":268,"play_id":"a107f67f-ba92-4c37-91fb-66d3b43fd36e","local_time":"20190801214515","is_ascension_mode":true,"campfire_choices":[{"floor":7,"key":"REST"},{"floor":15,"key":"REST"},{"floor":23,"key":"REST"}],"neow_cost":"NONE","seed_source_timestamp":1804792033571379,"circlet_count":0,"master_deck":["Strike_B","Strike_B","Strike_B","Strike_B","Defend_B","Defend_B","Defend_B","Defend_B","Zap","Dualcast","Gash","Leap","Cold Snap","Barrage","Conserve Battery","Gash","Capacitor","FTL","All For One","Streamline","Gash","Barrage","Darkness","Sunder"],"relics":["Cracked Core","Orichalcum","The Courier","Darkstone Periapt","Mercury Hourglass","Nunchaku","Black Star","Dodecahedron"],"potions_floor_usage":[],"damage_taken":[{"damage":8,"enemies":"Jaw Worm","floor":1,"turns":4},{"damage":0,"enemies":"Cultist","floor":2,"turns":4},{"damage":10,"enemies":"2 Louse","floor":4,"turns":3},{"damage":5,"enemies":"2 Fungi Beasts","floor":5,"turns":3},{"damage":10,"enemies":"3 Sentries","floor":6,"turns":9},{"damage":42,"enemies":"Gremlin Nob","floor":8,"turns":5},{"damage":32,"enemies":"Lagavulin","floor":10,"turns":7},{"damage":0,"enemies":"Large Slime","floor":11,"turns":5},{"damage":25,"enemies":"Slime Boss","floor":16,"turns":10},{"damage":24,"enemies":"Shell Parasite","floor":18,"turns":6},{"damage":14,"enemies":"Spheric Guardian","floor":20,"turns":4},{"damage":26,"enemies":"3 Cultists","floor":22,"turns":5},{"damage":45,"enemies":"Snake Plant","floor":25,"turns":5},{"damage":25,"enemies":"Slavers","floor":27,"turns":2}],"seed_played":"5627850541251920775","potions_obtained":[{"floor":3,"key":"FairyPotion"},{"floor":3,"key":"LiquidBronze"},{"floor":3,"key":"GamblersBrew"},{"floor":4,"key":"Block Potion"},{"floor":10,"key":"Regen Potion"},{"floor":22,"key":"FairyPotion"}],"is_trial":false,"path_per_floor":["M","M","?","M","M","E","R","E","T","E","M","?","$","?","R","B",null,"M","$","M","?","M","R","?","M","T","E"],"character_chosen":"DEFECT","items_purchased":["Nunchaku","Gash"],"campfire_rested":3,"item_purchase_floors":[13,19],"current_hp_per_floor":[67,67,67,57,52,42,64,22,22,1,1,1,1,19,41,16,75,51,51,37,37,11,33,58,13,13,0],"gold":278,"neow_bonus":"HUNDRED_GOLD","is_prod":false,"is_daily":false,"chose_seed":false,"campfire_upgraded":0,"win_rate":0,"timestamp":1564713915,"path_taken":["M","M","?","?","M","E","R","E","T","E","M","?","$","?","R","BOSS","M","$","M","?","M","R","?","M","T","E"],"build_version":"2019-07-17","purchased_purges":0,"victory":false,"max_hp_per_floor":[75,75,75,75,75,75,75,75,75,75,75,75,75,75,75,75,75,75,75,75,75,75,75,75,75,75,75],"card_choices":[{"not_picked":["Stack","Capacitor"],"picked":"Gash","floor":1},{"not_picked":["BootSequence","Reprogram"],"picked":"Leap","floor":2},{"not_picked":["Storm","Recycle"],"picked":"Cold Snap","floor":4},{"not_picked":["Turbo","Steam"],"picked":"Barrage","floor":5},{"not_picked":["Stack","Leap"],"picked":"Conserve Battery","floor":6},{"not_picked":["Melter","Amplify"],"picked":"Gash","floor":8},{"not_picked":["Biased Cognition","Storm"],"picked":"Capacitor","floor":10},{"not_picked":["Stack","Hello World"],"picked":"FTL","floor":11},{"not_picked":["Machine Learning","Reboot"],"picked":"All For One","floor":16},{"not_picked":["Blizzard","Skim"],"picked":"Streamline","floor":18},{"not_picked":["Go for the Eyes","Hologram+1"],"picked":"Barrage","floor":20},{"not_picked":["Conserve Battery","Reprogram+1"],"picked":"Darkness","floor":22},{"not_picked":["Steam","Lockon"],"picked":"Sunder","floor":25}],"player_experience":260917,"relics_obtained":[{"floor":6,"key":"Orichalcum"},{"floor":8,"key":"The Courier"},{"floor":9,"key":"Darkstone Periapt"},{"floor":10,"key":"Mercury Hourglass"},{"floor":26,"key":"Dodecahedron"}],"event_choices":[{"damage_healed":0,"gold_gain":0,"player_choice":"Got Potions","damage_taken":0,"max_hp_gain":0,"max_hp_loss":0,"event_name":"Lab","floor":3,"gold_loss":0},{"damage_healed":0,"gold_gain":0,"player_choice":"Left Gold","damage_taken":0,"max_hp_gain":0,"max_hp_loss":0,"event_name":"World of Goop","floor":12,"gold_loss":36},{"damage_healed":18,"gold_gain":0,"player_choice":"Healed","damage_taken":0,"max_hp_gain":0,"max_hp_loss":0,"event_name":"The Cleric","floor":14,"gold_loss":35},{"damage_healed":0,"gold_gain":99,"player_choice":"Stole From Cult","damage_taken":0,"max_hp_gain":0,"max_hp_loss":0,"event_name":"Nest","floor":21,"gold_loss":0},{"damage_healed":25,"gold_gain":0,"player_choice":"Heal","damage_taken":0,"max_hp_gain":0,"max_hp_loss":0,"event_name":"The Library","floor":24,"gold_loss":0}],"is_beta":false,"boss_relics":[{"not_picked":["Sozu","Velvet Choker"],"picked":"Black Star"}],"items_purged_floors":[],"is_endless":false,"potions_floor_spawned":[4,6,8,10,11,18,20,22],"killed_by":"Slavers","ascension_level":3}