{"gold_per_floor":[110,127,146,166,341,341,375,375,375,375,375,393,393,393,393,491,491,510,510,510,530,543,543,543],"floor_reached":24,"playtime":2534,"items_purged":[],"score":216,"play_id":"ed95c96f-556d-4d96-bf40-83ee50b1a083","local_time":"20190726234657","is_ascension_mode":true,"campfire_choices":[{"data":"Heavy Blade","floor":6,"key":"SMITH"},{"floor":10,"key":"REST"},{"floor":13,"key":"REST"},{"data":"Bash","floor":15,"key":"SMITH"},{"floor":23,"key":"REST"}],"neow_cost":"NONE","seed_source_timestamp":1293222407046638,"circlet_count":0,"master_deck":["Bash+1","Flex+1","Heavy Blade+1","Inflame+1","Warcry","Doubt","Demon Form","Immolate","Double Tap+1","Armaments+1","Reckless Charge","Evolve","Juggernaut","Dropkick","Dual Wield+1","Rupture","Seeing Red+1","Reckless Charge+1","Armaments+1"],"relics":["Burning Blood","Toxic Egg 2","Ornamental Fan","Pandora\u0027s Box"],"potions_floor_usage":[16,18],"damage_taken":[{"damage":1,"enemies":"Cultist","floor":1,"turns":3},{"damage":10,"enemies":"Jaw Worm","floor":2,"turns":6},{"damage":0,"enemies":"Small Slimes","floor":3,"turns":3},{"damage":18,"enemies":"3 Louse","floor":4,"turns":5},{"damage":25,"enemies":"Gremlin Nob","floor":7,"turns":4},{"damage":21,"enemies":"Exordium Thugs","floor":12,"turns":5},{"damage":40,"enemies":"The Guardian","floor":16,"turns":6},{"damage":39,"enemies":"2 Thieves","floor":18,"turns":4},{"damage":47,"enemies":"3 Byrds","floor":21,"turns":5},{"damage":34,"enemies":"Cultist and Chosen","floor":22,"turns":5},{"damage":45,"enemies":"Book of Stabbing","floor":24,"turns":3}],"seed_played":"-7664129676571781690","potions_obtained":[{"floor":2,"key":"Energy Potion"},{"floor":12,"key":"Swift Potion"}],"is_trial":false,"path_per_floor":["M","M","M","M","?","R","E","?","T","R","?","M","R","?","R","B",null,"M","?","?","M","M","R","E"],"character_chosen":"IRONCLAD","items_purchased":[],"campfire_rested":3,"item_purchase_floors":[],"current_hp_per_floor":[88,84,88,76,76,76,57,57,57,83,65,50,76,76,76,42,88,55,84,84,43,15,41,0],"gold":543,"neow_bonus":"TEN_PERCENT_HP_BONUS","is_prod":false,"is_daily":false,"chose_seed":false,"campfire_upgraded":2,"win_rate":0,"timestamp":1564202817,"path_taken":["M","M","M","?","?","R","E","?","T","R","?","?","R","?","R","BOSS","M","?","?","M","M","R","E"],"build_version":"2019-07-17","purchased_purges":0,"victory":false,"max_hp_per_floor":[88,88,88,88,88,88,88,88,88,88,88,88,88,88,88,88,88,88,88,88,88,88,88,88],"card_choices":[{"not_picked":["Clothesline","Clash"],"picked":"Flex","floor":1},{"not_picked":["Dropkick","Thunderclap"],"picked":"Heavy Blade","floor":2},{"not_picked":["Carnage","Battle Trance"],"picked":"Inflame","floor":3},{"not_picked":["Flame Barrier","True Grit"],"picked":"Warcry","floor":4},{"not_picked":["Body Slam","Brutality"],"picked":"Demon Form","floor":7},{"not_picked":["Clash","Metallicize","Clothesline"],"picked":"SKIP","floor":12},{"not_picked":["Berserk","Exhume+1"],"picked":"Immolate","floor":16},{"not_picked":["Wild Strike","Spot Weakness+1"],"picked":"Reckless Charge+1","floor":18},{"not_picked":["Body Slam+1","Warcry+1","Thunderclap"],"picked":"SKIP","floor":21},{"not_picked":["Metallicize+1","Dropkick+1"],"picked":"Armaments+1","floor":22}],"player_experience":181086,"relics_obtained":[{"floor":7,"key":"Toxic Egg 2"},{"floor":9,"key":"Ornamental Fan"}],"event_choices":[{"damage_healed":0,"gold_gain":175,"player_choice":"AGREE","damage_taken":0,"max_hp_gain":0,"max_hp_loss":0,"event_name":"Liars Game","floor":5,"gold_loss":0,"cards_obtained":["Doubt"]},{"damage_healed":0,"gold_gain":0,"player_choice":"Grow","damage_taken":0,"max_hp_gain":0,"max_hp_loss":0,"event_name":"Living Wall","floor":8,"gold_loss":0,"cards_upgraded":["Inflame"]},{"damage_healed":0,"gold_gain":0,"player_choice":"Entered Light","damage_taken":18,"max_hp_gain":0,"max_hp_loss":0,"event_name":"Shining Light","floor":11,"gold_loss":0,"cards_upgraded":["Flex","Defend_R"]},{"damage_healed":0,"gold_gain":0,"player_choice":"Leave","damage_taken":0,"max_hp_gain":0,"max_hp_loss":0,"event_name":"The Cleric","floor":14,"gold_loss":0},{"damage_healed":29,"gold_gain":0,"player_choice":"Heal","damage_taken":0,"max_hp_gain":0,"max_hp_loss":0,"event_name":"The Library","floor":19,"gold_loss":0},{"damage_healed":0,"gold_gain":0,"player_choice":"Ignored","damage_taken":0,"max_hp_gain":0,"max_hp_loss":0,"event_name":"Vampires","floor":20,"gold_loss":0}],"is_beta":false,"boss_relics":[{"not_picked":["Fusion Hammer","Sozu"],"picked":"Pandora\u0027s Box"}],"items_purged_floors":[],"is_endless":false,"potions_floor_spawned":[2,12],"killed_by":"Book of Stabbing","ascension_level":2}