{"gold_per_floor":[109,125,125,50,60,92,92,92,143,143,163,182,182],"floor_reached":13,"playtime":423,"items_purged":["Parasite"],"score":170,"play_id":"f7c5a927-50ab-4318-9243-b2af4fe9dd39","local_time":"20190702203347","is_ascension_mode":true,"campfire_choices":[{"floor":8.0,"key":"REST"},{"data":"Static Discharge","floor":10.0,"key":"SMITH"}],"neow_cost":"CURSE","seed_source_timestamp":96038302740500,"circlet_count":0,"master_deck":["AscendersBane","Strike_B","Strike_B","Strike_B","Strike_B","Defend_B","Defend_B","Defend_B","Defend_B","Zap","Dualcast","Dramatic Entrance","Violence","Melter","Tempest","Beam Cell","Static Discharge+1","Cold Snap","Hologram"],"special_seed":0,"relics":["Cracked Core","Smiling Mask","FaceOfCleric","Oddly Smooth Stone"],"potions_floor_usage":[13,13],"damage_taken":[{"damage":7.0,"enemies":"2 Louse","floor":1.0,"turns":3.0},{"damage":1.0,"enemies":"Cultist","floor":2.0,"turns":3.0},{"damage":7.0,"enemies":"Small Slimes","floor":5.0,"turns":3.0},{"damage":30.0,"enemies":"Lagavulin","floor":6.0,"turns":6.0},{"damage":20.0,"enemies":"Gremlin Gang","floor":11.0,"turns":3.0},{"damage":14.0,"enemies":"3 Louse","floor":12.0,"turns":2.0},{"damage":29,"enemies":"Gremlin Nob","floor":13,"turns":3}],"seed_played":"6126224861560796147","potions_obtained":[{"floor":2.0,"key":"Swift Potion"},{"floor":5.0,"key":"SkillPotion"},{"floor":12.0,"key":"LiquidBronze"}],"is_trial":false,"path_per_floor":["M","M","?","$","M","E","?","R","T","R","M","M","E"],"character_chosen":"DEFECT","items_purchased":[],"campfire_rested":1,"item_purchase_floors":[],"current_hp_per_floor":[57,56,61,61,54,24,24,45,45,45,26,13,0],"gold":182,"neow_bonus":"RANDOM_COLORLESS_2","is_prod":false,"is_daily":false,"chose_seed":false,"campfire_upgraded":1,"win_rate":0,"timestamp":1562121227,"path_taken":["M","M","?","$","M","E","?","R","T","R","M","?","E"],"build_version":"2019-06-30","purchased_purges":1,"victory":false,"max_hp_per_floor":[71,71,76,73,73,73,73,73,73,73,74,75,75],"card_choices":[{"not_picked":["Turbo","Sweeping Beam"],"picked":"Melter","floor":1.0},{"not_picked":["Redo","Leap"],"picked":"Tempest","floor":2.0},{"not_picked":["Steam Power","Turbo"],"picked":"Beam Cell","floor":5.0},{"not_picked":["Stack","Chaos"],"picked":"Static Discharge","floor":6.0},{"not_picked":["Go for the Eyes","Hologram"],"picked":"Cold Snap","floor":11.0},{"not_picked":["Gash","Beam Cell"],"picked":"Hologram","floor":12.0}],"player_experience":825336,"relics_obtained":[{"floor":6.0,"key":"Smiling Mask"},{"floor":9.0,"key":"Oddly Smooth Stone"}],"event_choices":[{"damage_healed":0.0,"max_hp_gain":5.0,"max_hp_loss":0.0,"gold_gain":0.0,"event_name":"Big Fish","player_choice":"Donut","floor":3.0,"gold_loss":0.0,"damage_taken":0.0},{"damage_healed":0.0,"max_hp_gain":0.0,"max_hp_loss":0.0,"gold_gain":0.0,"event_name":"FaceTrader","player_choice":"Trade","floor":7.0,"gold_loss":0.0,"damage_taken":0.0,"relics_obtained":["FaceOfCleric"]}],"is_beta":true,"boss_relics":[],"items_purged_floors":[4],"is_endless":false,"potions_floor_spawned":[2,5,6,12],"killed_by":"Gremlin Nob","ascension_level":20}