{"gold_per_floor":[115,133,143,162,162,197,209,255,294,317,344,371,191,202,202,306,306,316,316,316,316,331,331],"floor_reached":23,"playtime":1541,"items_purged":[],"score":236,"play_id":"4ec5928f-0e2f-4c72-a84d-5ac5cfadf8f1","local_time":"20190901171322","is_ascension_mode":true,"campfire_choices":[{"floor":7,"key":"REST"},{"floor":15,"key":"REST"}],"neow_cost":"NONE","seed_source_timestamp":307745487716900,"circlet_count":0,"master_deck":["Bash","Combust","Flame Barrier","Perfected Strike","Dropkick","Rage","Anger","Combust","Perfected Strike","Infernal Blade","Inflame","Iron Wave","Juggernaut","Clash","Ghostly Armor","Bloodletting","Berserk","Pommel Strike","Uppercut","Battle Trance","Carnage","Cleave","Wild Strike+1","Decay","Intimidate"],"relics":["Burning Blood","NeowsBlessing","MawBank","Bronze Scales","Red Skull","Oddly Smooth Stone","Pandora\u0027s Box","MutagenicStrength"],"potions_floor_usage":[8,8,18,18,23],"damage_taken":[{"damage":0,"enemies":"Jaw Worm","floor":1,"turns":1},{"damage":0,"enemies":"Small Slimes","floor":2,"turns":1},{"damage":0,"enemies":"2 Louse","floor":3,"turns":1},{"damage":24,"enemies":"Exordium Wildlife","floor":4,"turns":4},{"damage":24,"enemies":"Gremlin Nob","floor":6,"turns":4},{"damage":30,"enemies":"Lagavulin","floor":8,"turns":6},{"damage":2,"enemies":"Gremlin Gang","floor":10,"turns":3},{"damage":16,"enemies":"3 Louse","floor":11,"turns":2},{"damage":0,"enemies":"Blue Slaver","floor":12,"turns":2},{"damage":2,"enemies":"2 Fungi Beasts","floor":14,"turns":2},{"damage":24,"enemies":"Slime Boss","floor":16,"turns":8},{"damage":16,"enemies":"Chosen","floor":18,"turns":3},{"damage":29,"enemies":"2 Thieves","floor":22,"turns":3},{"damage":47,"enemies":"Book of Stabbing","floor":23,"turns":3}],"seed_played":"-5272289070172962724","potions_obtained":[{"floor":1,"key":"FearPotion"},{"floor":2,"key":"Swift Potion"},{"floor":6,"key":"PowerPotion"},{"floor":12,"key":"SpeedPotion"},{"floor":14,"key":"Weak Potion"},{"floor":22,"key":"Weak Potion"}],"is_trial":false,"path_per_floor":["M","M","M","M","?","E","R","E","T","M","M","M","$","M","R","B",null,"M","?","?","?","M","E"],"character_chosen":"IRONCLAD","items_purchased":["Oddly Smooth Stone","Inflame"],"campfire_rested":2,"item_purchase_floors":[13,13],"current_hp_per_floor":[80,80,80,62,62,44,68,44,44,48,38,44,44,48,72,54,80,70,70,70,70,47,0],"gold":331,"neow_bonus":"THREE_ENEMY_KILL","is_prod":false,"is_daily":false,"chose_seed":false,"campfire_upgraded":0,"win_rate":0,"timestamp":1567376002,"path_taken":["M","M","M","M","?","E","R","E","T","M","M","M","$","M","R","BOSS","M","?","?","?","M","E"],"build_version":"2019-07-17","purchased_purges":0,"victory":false,"max_hp_per_floor":[80,80,80,80,80,80,80,80,80,80,80,80,80,80,80,80,80,80,80,80,80,80,80],"card_choices":[{"not_picked":["Intimidate","Reckless Charge"],"picked":"Combust","floor":1},{"not_picked":["Disarm","Power Through"],"picked":"Flame Barrier","floor":2},{"not_picked":["Havoc","Shrug It Off"],"picked":"Perfected Strike","floor":3},{"not_picked":["Battle Trance","Hemokinesis"],"picked":"Dropkick","floor":4},{"not_picked":["Flame Barrier","Wild Strike"],"picked":"Rage","floor":6},{"not_picked":["Feed","Twin Strike"],"picked":"Anger","floor":8},{"not_picked":["Intimidate","Evolve"],"picked":"Combust","floor":10},{"not_picked":["Twin Strike","Dual Wield"],"picked":"Perfected Strike","floor":11},{"not_picked":["Brutality","Shrug It Off"],"picked":"Infernal Blade","floor":12},{"not_picked":["Perfected Strike","Havoc"],"picked":"Iron Wave","floor":14},{"not_picked":["Offering","Impervious"],"picked":"Juggernaut","floor":16},{"not_picked":["True Grit","Havoc"],"picked":"Wild Strike+1","floor":18},{"not_picked":["Thunderclap","Flex"],"picked":"Intimidate","floor":22}],"player_experience":388595,"relics_obtained":[{"floor":6,"key":"MawBank"},{"floor":8,"key":"Bronze Scales"},{"floor":9,"key":"Red Skull"}],"event_choices":[{"damage_healed":0,"gold_gain":0,"player_choice":"Ignored","damage_taken":0,"max_hp_gain":0,"max_hp_loss":0,"event_name":"Golden Wing","floor":5,"gold_loss":0},{"damage_healed":0,"gold_gain":0,"player_choice":"Smashed Altar","damage_taken":0,"max_hp_gain":0,"max_hp_loss":0,"event_name":"Forgotten Altar","floor":19,"gold_loss":0,"cards_obtained":["Decay"]},{"damage_healed":0,"gold_gain":0,"player_choice":"Ignored","damage_taken":0,"max_hp_gain":0,"max_hp_loss":0,"event_name":"Vampires","floor":20,"gold_loss":0},{"damage_healed":0,"gold_gain":0,"player_choice":"Inject Mutagens","damage_taken":0,"relics_obtained":["MutagenicStrength"],"max_hp_gain":0,"max_hp_loss":0,"event_name":"Drug Dealer","floor":21,"gold_loss":0}],"is_beta":false,"boss_relics":[{"not_picked":["White Beast Statue","Orrery"],"picked":"Pandora\u0027s Box"}],"items_purged_floors":[],"is_endless":false,"potions_floor_spawned":[1,2,6,12,14,22],"killed_by":"Book of Stabbing","ascension_level":3}