{"gold_per_floor":[110,185,212,229,245,245,245,245,269,86,97,97,97,113,113,187,187,202,213,40,40,40,40,40,72,125,125,144,161,186,196,196,272,322,335,335,345,345,363,363,396,423,449,478,506,537,48,61,61,61],"floor_reached":50,"playtime":2855,"items_purged":["Regret","Defend_B+1"],"score":1033,"play_id":"209cf4c7-b1c4-4549-a69a-b87d1d08e5b0","local_time":"20190701233148","is_ascension_mode":true,"campfire_choices":[{"floor":6.0,"key":"REST"},{"data":"Apotheosis","floor":8.0,"key":"SMITH"},{"data":"Chill","floor":12.0,"key":"SMITH"},{"data":"Trip","floor":15.0,"key":"SMITH"},{"data":"Machine Learning","floor":23.0,"key":"SMITH"},{"floor":27.0,"key":"REST"},{"floor":32.0,"key":"REST"},{"data":"Madness","floor":40.0,"key":"SMITH"},{"floor":49.0,"key":"REST"}],"neow_cost":"PERCENT_DAMAGE","seed_source_timestamp":17338186270100,"circlet_count":0,"master_deck":["AscendersBane","Strike_B+1","Strike_B+1","Strike_B+1","Strike_B+1","Defend_B+1","Defend_B+1","Defend_B+1","Zap","Dualcast","Trip+1","Apotheosis+1","Compile Driver+1","Go for the Eyes","Chill+1","Go for the Eyes","Self Repair","FTL","Conserve Battery","Machine Learning+1","Melter","Scrape+1","Conserve Battery","Glacier","Sweeping Beam+1","Tempest","Echo Form","Heatsinks","Skim","Madness+1","Madness","Stack+1","Hologram","Heatsinks+1","Coolheaded+1","Reboot","Sunder"],"special_seed":0,"relics":["Cracked Core","Happy Flower","StoneCalendar","Orichalcum","Nuclear Battery","Omamori","Dream Catcher","Art of War","Bag of Marbles","Mummified Hand","Tiny House","Question Card","Regal Pillow","MawBank","Unceasing Top"],"potions_floor_usage":[],"damage_taken":[{"damage":2.0,"enemies":"Jaw Worm","floor":1.0,"turns":4.0},{"damage":6.0,"enemies":"Cultist","floor":4.0,"turns":3.0},{"damage":10.0,"enemies":"Small Slimes","floor":5.0,"turns":3.0},{"damage":0.0,"enemies":"Looter","floor":11.0,"turns":3.0},{"damage":0.0,"enemies":"3 Louse","floor":14.0,"turns":4.0},{"damage":43.0,"enemies":"The Guardian","floor":16.0,"turns":10.0},{"damage":13.0,"enemies":"Shell Parasite","floor":18.0,"turns":5.0},{"damage":25.0,"enemies":"Chosen","floor":19.0,"turns":6.0},{"damage":7.0,"enemies":"Slavers","floor":25.0,"turns":6.0},{"damage":3.0,"enemies":"3 Cultists","floor":28.0,"turns":5.0},{"damage":3.0,"enemies":"Centurion and Healer","floor":29.0,"turns":6.0},{"damage":48.0,"enemies":"Book of Stabbing","floor":30.0,"turns":7.0},{"damage":1.0,"enemies":"Chosen and Byrds","floor":31.0,"turns":7.0},{"damage":46.0,"enemies":"Collector","floor":33.0,"turns":9.0},{"damage":1.0,"enemies":"Orb Walker","floor":35.0,"turns":3.0},{"damage":19.0,"enemies":"3 Shapes","floor":37.0,"turns":5.0},{"damage":16.0,"enemies":"Maw","floor":39.0,"turns":8.0},{"damage":31.0,"enemies":"Giant Head","floor":41.0,"turns":7.0},{"damage":8.0,"enemies":"Transient","floor":44.0,"turns":6.0},{"damage":25.0,"enemies":"Jaw Worm Horde","floor":45.0,"turns":6.0},{"damage":4.0,"enemies":"4 Shapes","floor":46.0,"turns":7.0},{"damage":8.0,"enemies":"Writhing Mass","floor":48.0,"turns":7.0},{"damage":52,"enemies":"Awakened One","floor":50,"turns":3}],"seed_played":"8392020794686205604","potions_obtained":[{"floor":1.0,"key":"SteroidPotion"},{"floor":14.0,"key":"Regen Potion"},{"floor":19.0,"key":"FearPotion"},{"floor":29.0,"key":"Dexterity Potion"},{"floor":33.0,"key":"Ancient Potion"},{"floor":34.0,"key":"Dexterity Potion"},{"floor":35.0,"key":"PowerPotion"},{"floor":44.0,"key":"SteroidPotion"}],"is_trial":false,"path_per_floor":["M","?","T","M","M","R","?","R","T","$","M","R","?","M","R","B",null,"M","M","$","?","?","R","?","E","T","R","M","M","E","M","R","B",null,"M","?","M","?","M","R","E","T","T","M","M","M","$","M","R","B"],"character_chosen":"DEFECT","items_purchased":["Go for the Eyes","Self Repair","Omamori","Unceasing Top","Fire Potion"],"campfire_rested":4,"item_purchase_floors":[10,10,20,47,47],"current_hp_per_floor":[44,33,33,27,17,38,38,38,38,38,48,48,48,58,58,37,63,57,39,39,39,39,39,39,42,42,63,67,71,30,36,57,21,64,73,59,60,60,54,54,33,33,33,32,17,13,13,15,52,0],"gold":61,"neow_bonus":"RANDOM_COLORLESS_2","is_prod":false,"is_daily":false,"chose_seed":false,"campfire_upgraded":5,"win_rate":0,"timestamp":1562045508,"path_taken":["M","?","?","?","M","R","?","R","T","$","M","R","?","M","R","BOSS","M","M","$","?","?","R","?","E","T","R","M","?","E","M","R","BOSS","M","?","M","?","M","R","E","?","T","M","M","M","$","M","R","BOSS"],"build_version":"2019-06-30","purchased_purges":2,"victory":false,"max_hp_per_floor":[71,71,71,71,71,71,71,71,71,71,71,71,71,71,71,71,71,71,71,71,71,71,71,71,71,71,71,71,71,71,71,71,71,76,76,76,76,76,76,76,76,76,76,76,76,76,76,76,76,76],"card_choices":[{"not_picked":["Barrage","Turbo"],"picked":"Compile Driver","floor":1.0},{"not_picked":["Gash","Melter"],"picked":"Go for the Eyes","floor":4.0},{"not_picked":["Streamline","Turbo"],"picked":"Chill","floor":5.0},{"not_picked":["Doom and Gloom","Biased Cognition"],"picked":"FTL","floor":11.0},{"not_picked":["Steam Power","Go for the Eyes"],"picked":"Conserve Battery","floor":14.0},{"not_picked":["Creative AI","Multi-Cast"],"picked":"Machine Learning","floor":16.0},{"not_picked":["Conserve Battery","Ball Lightning"],"picked":"Melter","floor":18.0},{"not_picked":["Beam Cell","Rebound"],"picked":"Scrape+1","floor":19.0},{"not_picked":["Chaos","Hello World","Turbo"],"picked":"SKIP","floor":25.0},{"not_picked":["Go for the Eyes","Barrage"],"picked":"Conserve Battery","floor":27.0},{"not_picked":["Heatsinks","Aggregate","Leap"],"picked":"SKIP","floor":28.0},{"not_picked":["Hologram","Gash"],"picked":"Glacier","floor":29.0},{"not_picked":["Recycle","Force Field","Scrape+1"],"picked":"SKIP","floor":30.0},{"not_picked":["Double Energy+1","Consume"],"picked":"Sweeping Beam+1","floor":31.0},{"not_picked":["Meteor Strike","Gash"],"picked":"Tempest","floor":32.0},{"not_picked":["Creative AI","Buffer"],"picked":"Echo Form","floor":33.0},{"not_picked":["Double Energy","Hello World"],"picked":"Heatsinks","floor":34.0},{"not_picked":["Double Energy","Fusion"],"picked":"Skim","floor":35.0},{"not_picked":["Leap","Hello World+1","Tempest"],"picked":"SKIP","floor":37.0},{"not_picked":["Steam","Conserve Battery","Barrage"],"picked":"SKIP","floor":39.0},{"not_picked":["Fusion","Compile Driver"],"picked":"Stack+1","floor":41.0},{"not_picked":["Cold Snap","Rebound","Conserve Battery"],"picked":"Hologram","floor":44.0},{"not_picked":["Ball Lightning","Compile Driver","BootSequence+1"],"picked":"Heatsinks+1","floor":45.0},{"not_picked":["Turbo","Leap","Gash+1"],"picked":"Coolheaded+1","floor":46.0},{"not_picked":["Reprogram","Hologram","Rip and Tear"],"picked":"Reboot","floor":48.0},{"not_picked":["Hello World","Coolheaded","Cold Snap"],"picked":"Sunder","floor":49.0}],"player_experience":822481,"relics_obtained":[{"floor":3.0,"key":"Happy Flower"},{"floor":9.0,"key":"Orichalcum"},{"floor":25.0,"key":"Art of War"},{"floor":26.0,"key":"Bag of Marbles"},{"floor":30.0,"key":"Mummified Hand"},{"floor":41.0,"key":"Question Card"},{"floor":42.0,"key":"Regal Pillow"},{"floor":43.0,"key":"MawBank"}],"event_choices":[{"damage_healed":0.0,"max_hp_gain":0.0,"max_hp_loss":0.0,"gold_gain":75.0,"event_name":"World of Goop","player_choice":"Gather Gold","floor":2.0,"gold_loss":0.0,"damage_taken":11.0},{"damage_healed":0.0,"max_hp_gain":0.0,"max_hp_loss":0.0,"gold_gain":0.0,"event_name":"Big Fish","player_choice":"Box","floor":7.0,"gold_loss":0.0,"damage_taken":0.0,"relics_obtained":["StoneCalendar"],"cards_obtained":["Regret"]},{"damage_healed":0.0,"max_hp_gain":0.0,"max_hp_loss":0.0,"gold_gain":0.0,"event_name":"Liars Game","player_choice":"Ignored","floor":13.0,"gold_loss":0.0,"damage_taken":0.0},{"damage_healed":0.0,"max_hp_gain":0.0,"max_hp_loss":0.0,"gold_gain":0.0,"event_name":"The Mausoleum","player_choice":"Opened","floor":21.0,"gold_loss":0.0,"damage_taken":0.0,"relics_obtained":["Dream Catcher"],"cards_obtained":["Writhe"]},{"damage_healed":0.0,"max_hp_gain":0.0,"max_hp_loss":0.0,"gold_gain":0.0,"event_name":"Ghosts","player_choice":"Ignored","floor":22.0,"gold_loss":0.0,"damage_taken":0.0},{"damage_healed":0.0,"max_hp_gain":0.0,"max_hp_loss":0.0,"gold_gain":0.0,"event_name":"Back to Basics","player_choice":"Simplicity","floor":24.0,"gold_loss":0.0,"damage_taken":0.0,"cards_upgraded":["Strike_B","Strike_B","Strike_B","Strike_B","Defend_B","Defend_B","Defend_B","Defend_B"]},{"damage_healed":0.0,"max_hp_gain":0.0,"max_hp_loss":0.0,"gold_gain":0.0,"event_name":"Winding Halls","player_choice":"Embrace Madness","floor":36.0,"gold_loss":0.0,"damage_taken":14.0,"cards_obtained":["Madness","Madness"]},{"damage_healed":0.0,"max_hp_gain":0.0,"max_hp_loss":0.0,"gold_gain":0.0,"event_name":"Tomb of Lord Red Mask","player_choice":"Ignored","floor":38.0,"gold_loss":0.0,"damage_taken":0.0}],"is_beta":true,"boss_relics":[{"not_picked":["Ectoplasm","Snecko Eye"],"picked":"Nuclear Battery"},{"not_picked":["Astrolabe","Empty Cage"],"picked":"Tiny House"}],"items_purged_floors":[10,47],"is_endless":false,"potions_floor_spawned":[1,14,19,29,33,35,44,48],"killed_by":"Awakened One","ascension_level":20}