{"gold_per_floor":[219,236,247,193,204,204,223,223,223,112,145,145,159,109,109,210,210,230,240,257,257,282,282,282],"floor_reached":24,"playtime":2451,"items_purged":[],"score":198,"play_id":"9973577c-e957-4634-825f-85a22fc2adbb","local_time":"20190831232608","is_ascension_mode":false,"campfire_choices":[{"data":"Armaments","floor":6,"key":"SMITH"},{"data":"Iron Wave","floor":8,"key":"SMITH"},{"data":"Mind Blast","floor":12,"key":"SMITH"},{"data":"Bash","floor":15,"key":"SMITH"},{"data":"Pommel Strike","floor":23,"key":"SMITH"}],"neow_cost":"NONE","seed_source_timestamp":327936703719400,"circlet_count":0,"master_deck":["Strike_R+1","Strike_R+1","Strike_R+1","Strike_R+1","Strike_R+1","Defend_R+1","Defend_R+1","Defend_R+1","Bash+1","Pommel Strike","Twin Strike","Shrug It Off","Armaments+1","Iron Wave+1","Combust","Shrug It Off+1","Mind Blast+1","Entrench+1","Pommel Strike+1","Impervious+1","Decay","Decay","Writhe","Dual Wield+1","True Grit+1","Clothesline+1"],"relics":["Burning Blood","Toxic Egg 2","Thread and Needle","Calling Bell","Nunchaku","Dodecahedron","Bag of Marbles","Pen Nib"],"potions_floor_usage":[],"damage_taken":[{"damage":1,"enemies":"Cultist","floor":1,"turns":4},{"damage":10,"enemies":"Jaw Worm","floor":2,"turns":4},{"damage":0,"enemies":"Small Slimes","floor":3,"turns":3},{"damage":4,"enemies":"Exordium Thugs","floor":5,"turns":6},{"damage":3,"enemies":"Lots of Slimes","floor":7,"turns":5},{"damage":6,"enemies":"Gremlin Nob","floor":11,"turns":4},{"damage":2,"enemies":"Gremlin Gang","floor":13,"turns":3},{"damage":37,"enemies":"Slime Boss","floor":16,"turns":13},{"damage":16,"enemies":"3 Byrds","floor":18,"turns":5},{"damage":8,"enemies":"Chosen","floor":19,"turns":3},{"damage":5,"enemies":"3 Cultists","floor":20,"turns":6},{"damage":71,"enemies":"Gremlin Leader","floor":24,"turns":3}],"seed_played":"7536784895658123855","potions_obtained":[{"floor":1,"key":"SteroidPotion"},{"floor":11,"key":"SkillPotion"},{"floor":16,"key":"PowerPotion"},{"floor":18,"key":"Energy Potion"},{"floor":20,"key":"Explosive Potion"}],"is_trial":false,"path_per_floor":["M","M","M","$","M","R","M","R","T","$","E","R","M","?","R","B",null,"M","M","M","?","T","R","E"],"character_chosen":"IRONCLAD","items_purchased":["Armaments","Shrug It Off+1","Mind Blast"],"campfire_rested":0,"item_purchase_floors":[4,10,10],"current_hp_per_floor":[80,76,80,80,80,80,80,80,80,80,80,80,80,80,80,49,80,70,68,69,69,69,69,0],"gold":282,"neow_bonus":"HUNDRED_GOLD","is_prod":false,"is_daily":false,"chose_seed":false,"campfire_upgraded":5,"win_rate":0.0,"timestamp":1567308368,"path_taken":["M","M","M","$","?","R","M","R","T","$","E","R","M","?","R","BOSS","M","M","M","?","?","R","E"],"build_version":"2019-07-17","purchased_purges":0,"victory":false,"max_hp_per_floor":[80,80,80,80,80,80,80,80,80,80,80,80,80,80,80,80,80,80,80,80,80,80,80,80],"card_choices":[{"not_picked":["Intimidate","Body Slam"],"picked":"Pommel Strike","floor":1},{"not_picked":["Spot Weakness","Inflame"],"picked":"Twin Strike","floor":2},{"not_picked":["Clothesline","Heavy Blade"],"picked":"Shrug It Off","floor":3},{"not_picked":["Perfected Strike","True Grit"],"picked":"Iron Wave","floor":5},{"not_picked":["Burning Pact","Reckless Charge"],"picked":"Combust","floor":7},{"not_picked":["Demon Form","True Grit+1"],"picked":"Entrench+1","floor":11},{"not_picked":["Armaments+1","Second Wind+1"],"picked":"Pommel Strike","floor":13},{"not_picked":["Juggernaut","Bludgeon"],"picked":"Impervious+1","floor":16},{"not_picked":["Feel No Pain","Iron Wave"],"picked":"Dual Wield+1","floor":18},{"not_picked":["Body Slam","Heavy Blade"],"picked":"True Grit+1","floor":19},{"not_picked":["Feel No Pain+1","Heavy Blade"],"picked":"Clothesline+1","floor":20}],"player_experience":8165,"relics_obtained":[{"floor":9,"key":"Toxic Egg 2"},{"floor":11,"key":"Thread and Needle"},{"floor":17,"key":"Nunchaku"},{"floor":17,"key":"Dodecahedron"},{"floor":17,"key":"Bag of Marbles"},{"floor":22,"key":"Pen Nib"}],"event_choices":[{"cards_removed":["Defend_R"],"damage_healed":0,"gold_gain":0,"player_choice":"Card Removal","damage_taken":0,"max_hp_gain":0,"max_hp_loss":0,"event_name":"The Cleric","floor":14,"gold_loss":50},{"damage_healed":0,"gold_gain":0,"player_choice":"Simplicity","damage_taken":0,"max_hp_gain":0,"max_hp_loss":0,"event_name":"Back to Basics","floor":21,"gold_loss":0,"cards_upgraded":["Strike_R","Strike_R","Strike_R","Strike_R","Strike_R","Defend_R","Defend_R","Defend_R"]}],"is_beta":false,"boss_relics":[{"not_picked":["Runic Dome","Runic Pyramid"],"picked":"Calling Bell"}],"items_purged_floors":[],"is_endless":false,"potions_floor_spawned":[1,11,16,18,20],"killed_by":"Gremlin Leader","ascension_level":0}