{"gold_per_floor":[99,174,174,189,203,237,237,256,280,280,280,280,344,43,43,142,142,161,175,3,20,20,52,52,52],"floor_reached":25,"playtime":1383,"items_purged":["Hello World"],"score":219,"play_id":"9a808f01-f430-43e5-b6f0-2a3e7acca752","local_time":"20190520150816","is_ascension_mode":false,"campfire_choices":[{"data":"Zap","floor":7.0,"key":"SMITH"},{"data":"Beam Cell","floor":10.0,"key":"SMITH"},{"floor":15.0,"key":"REST"}],"neow_cost":"NONE","seed_source_timestamp":0,"circlet_count":0,"master_deck":["Zap+1","Dualcast","Ball Lightning","Conserve Battery","Beam Cell+1","All For One","All For One","Skim","Chill","Force Field","Turbo","Storm","Double Energy","BootSequence","Sweeping Beam","Leap","Ball Lightning","Loop+1","Hologram"],"special_seed":0,"relics":["Cracked Core","NeowsBlessing","NlothsMask","Regal Pillow","Centennial Puzzle","Turnip","Pandora\u0027s Box","Bottled Lightning"],"potions_floor_usage":[],"damage_taken":[{"damage":0.0,"enemies":"Jaw Worm","floor":1.0,"turns":1.0},{"damage":0.0,"enemies":"Cultist","floor":4.0,"turns":1.0},{"damage":0.0,"enemies":"2 Louse","floor":5.0,"turns":1.0},{"damage":21.0,"enemies":"3 Sentries","floor":6.0,"turns":6.0},{"damage":0.0,"enemies":"Large Slime","floor":8.0,"turns":4.0},{"damage":1.0,"enemies":"Gremlin Nob","floor":13.0,"turns":3.0},{"damage":27.0,"enemies":"The Guardian","floor":16.0,"turns":7.0},{"damage":9.0,"enemies":"Spheric Guardian","floor":18.0,"turns":4.0},{"damage":25.0,"enemies":"Shell Parasite","floor":19.0,"turns":5.0},{"damage":5,"enemies":"Centurion and Healer","floor":21,"turns":7},{"damage":35,"enemies":"Gremlin Leader","floor":23,"turns":4},{"damage":2,"enemies":"Snecko","floor":25,"turns":2}],"seed_played":"-1306907306017040625","potions_obtained":[{"floor":4.0,"key":"GamblersBrew"},{"floor":5.0,"key":"GamblersBrew"},{"floor":21,"key":"SteroidPotion"},{"floor":23,"key":"Weak Potion"}],"is_trial":false,"path_per_floor":["M","?","?","M","M","E","R","M","T","R","?","?","?","$","R","B",null,"M","M","$","M","?","E","?","M"],"character_chosen":"DEFECT","items_purchased":["Turnip","Leap","Ball Lightning"],"campfire_rested":1,"item_purchase_floors":[14,20,20],"current_hp_per_floor":[75,64,64,64,64,43,43,43,43,43,43,28,27,27,64,37,75,66,41,41,36,36,1,1,0],"gold":52,"neow_bonus":"THREE_ENEMY_KILL","is_prod":false,"is_daily":false,"chose_seed":false,"campfire_upgraded":2,"win_rate":0,"timestamp":1558390096,"path_taken":["M","?","?","?","M","E","R","M","T","R","?","?","?","$","R","BOSS","M","M","$","M","?","E","?","M"],"build_version":"2019-01-23","purchased_purges":1,"victory":false,"max_hp_per_floor":[75,75,75,75,75,75,75,75,75,75,75,75,75,75,75,75,75,75,75,75,75,75,75,75,75],"card_choices":[{"not_picked":["Beam Cell","Gash","Capacitor"],"picked":"SKIP","floor":1.0},{"not_picked":["Barrage","Rebound"],"picked":"Ball Lightning","floor":4.0},{"not_picked":["Glacier","Fusion","Redo"],"picked":"SKIP","floor":5.0},{"not_picked":["FTL","Skim"],"picked":"Conserve Battery","floor":6.0},{"not_picked":["Glacier","Heatsinks"],"picked":"Beam Cell","floor":8.0},{"not_picked":["Gash","Sunder"],"picked":"All For One","floor":13.0},{"not_picked":["Rainbow","Echo Form"],"picked":"All For One","floor":16.0},{"not_picked":["Rebound+1","Stack","Streamline"],"picked":"SKIP","floor":18.0},{"not_picked":["Ball Lightning","Leap"],"picked":"Sweeping Beam","floor":19.0},{"not_picked":["Chill","Skim"],"picked":"Loop+1","floor":21},{"not_picked":["Rebound","Coolheaded"],"picked":"Hologram","floor":23}],"player_experience":138999,"relics_obtained":[{"floor":6.0,"key":"Regal Pillow"},{"floor":13.0,"key":"Centennial Puzzle"},{"floor":23,"key":"Bottled Lightning"}],"event_choices":[{"damage_healed":0.0,"max_hp_gain":0.0,"max_hp_loss":0.0,"gold_gain":75.0,"event_name":"World of Goop","player_choice":"Gather Gold","floor":2.0,"gold_loss":0.0,"damage_taken":11.0},{"damage_healed":0.0,"max_hp_gain":0.0,"max_hp_loss":0.0,"gold_gain":0.0,"event_name":"FaceTrader","player_choice":"Trade","floor":3.0,"gold_loss":0.0,"damage_taken":0.0,"relics_obtained":["NlothsMask"]},{"damage_healed":0.0,"max_hp_gain":0.0,"max_hp_loss":0.0,"gold_gain":0.0,"event_name":"Liars Game","player_choice":"Ignored","floor":11.0,"gold_loss":0.0,"damage_taken":0.0},{"damage_healed":0.0,"max_hp_gain":0.0,"max_hp_loss":0.0,"gold_gain":0.0,"event_name":"Shining Light","player_choice":"Entered Light","floor":12.0,"gold_loss":0.0,"damage_taken":15.0,"cards_upgraded":["Defend_B","Strike_B"]},{"damage_healed":0.0,"max_hp_gain":0.0,"max_hp_loss":0.0,"gold_gain":30.0,"event_name":"Dead Adventurer","player_choice":"Searched \u00272\u0027 times","floor":13.0,"gold_loss":0.0,"damage_taken":0.0},{"damage_healed":0,"gold_gain":0,"player_choice":"Ignored","damage_taken":0,"max_hp_gain":0,"max_hp_loss":0,"event_name":"Cursed Tome","floor":22,"gold_loss":0},{"damage_healed":0,"gold_gain":0,"player_choice":"Ignored","damage_taken":0,"max_hp_gain":0,"max_hp_loss":0,"event_name":"Ghosts","floor":24,"gold_loss":0}],"is_beta":false,"boss_relics":[{"not_picked":["FrozenCore","Coffee Dripper"],"picked":"Pandora\u0027s Box"}],"items_purged_floors":[20],"is_endless":false,"potions_floor_spawned":[4,5,21,23],"killed_by":"Snecko","ascension_level":0}