{"gold_per_floor":[116,116,128,140,163,175,199,211,223,251,438,467,511,536,548,656,668,691,703,715,737,764,776,799,811,871,894,906,931,961,991,1003,1015],"floor_reached":33,"playtime":2839,"items_purged":[],"score":278,"play_id":"305af534-2a69-40bc-aa0e-51cfc7a73ba7","local_time":"20190701213819","is_ascension_mode":false,"campfire_choices":[{"data":"Inflame","floor":6,"key":"SMITH"},{"data":"Headbutt","floor":8,"key":"SMITH"},{"floor":15,"key":"REST"},{"floor":23,"key":"REST"},{"floor":25,"key":"REST"},{"floor":28,"key":"REST"},{"floor":32,"key":"REST"}],"neow_cost":"NONE","seed_source_timestamp":1170863799110564,"circlet_count":0,"master_deck":["Strike_R","Strike_R","Strike_R","Strike_R","Strike_R","Defend_R","Defend_R","Defend_R","Defend_R","Bash","Sever Soul","Regret","Inflame+1","Headbutt+1","Twin Strike","Doubt","Twin Strike","Cleave","Uppercut","Demon Form","Cleave","RitualDagger","Armaments+1","Cleave","Shrug It Off+1","Shame","Hemokinesis+1","Clothesline+1","Flex","Anger"],"relics":["Burning Blood","NeowsBlessing","MawBank","Charon\u0027s Ashes","Ancient Tea Set","Cursed Key","Happy Flower"],"potions_floor_usage":[13,13,16,27,30,33,33,33],"damage_taken":[{"damage":0,"enemies":"Small Slimes","floor":1,"turns":1},{"damage":0,"enemies":"2 Louse","floor":5,"turns":1},{"damage":0,"enemies":"Cultist","floor":7,"turns":1},{"damage":9,"enemies":"Large Slime","floor":10,"turns":6},{"damage":17,"enemies":"Exordium Wildlife","floor":12,"turns":4},{"damage":2,"enemies":"Gremlin Nob","floor":13,"turns":3},{"damage":2,"enemies":"3 Louse","floor":14,"turns":3},{"damage":77,"enemies":"The Guardian","floor":16,"turns":10},{"damage":18,"enemies":"Chosen","floor":18,"turns":5},{"damage":20,"enemies":"Shell Parasite","floor":21,"turns":5},{"damage":42,"enemies":"Snake Plant","floor":22,"turns":4},{"damage":7,"enemies":"Centurion and Healer","floor":24,"turns":4},{"damage":58,"enemies":"Snecko","floor":27,"turns":6},{"damage":2,"enemies":"Snake Plant","floor":29,"turns":2},{"damage":10,"enemies":"Cultist and Chosen","floor":30,"turns":4},{"damage":36,"enemies":"Centurion and Healer","floor":31,"turns":4},{"damage":86,"enemies":"Collector","floor":33,"turns":5}],"seed_played":"-3046505136486670248","potions_obtained":[{"floor":1,"key":"SteroidPotion"},{"floor":4,"key":"Strength Potion"},{"floor":4,"key":"BloodPotion"},{"floor":13,"key":"BloodPotion"},{"floor":14,"key":"Block Potion"},{"floor":22,"key":"Energy Potion"},{"floor":27,"key":"Fruit Juice"},{"floor":29,"key":"FearPotion"},{"floor":31,"key":"Weak Potion"}],"is_trial":false,"path_per_floor":["M","?","$","?","M","R","M","R","T","M","?","M","E","M","R","B",null,"M","?","?","M","M","R","M","R","T","M","R","M","M","M","R","B"],"character_chosen":"IRONCLAD","items_purchased":[],"campfire_rested":5,"item_purchase_floors":[],"current_hp_per_floor":[80,80,80,80,80,80,80,80,80,77,77,66,70,74,80,9,80,68,68,62,48,12,36,35,59,59,12,37,41,37,7,32,0],"gold":1015,"neow_bonus":"THREE_ENEMY_KILL","is_prod":false,"is_daily":false,"chose_seed":false,"campfire_upgraded":2,"win_rate":0.0,"timestamp":1562035099,"path_taken":["M","?","$","?","M","R","M","R","T","?","?","M","E","M","R","BOSS","M","?","?","M","?","R","M","R","T","M","R","M","M","M","R","BOSS"],"build_version":"2019-07-01","purchased_purges":0,"victory":false,"max_hp_per_floor":[80,80,80,80,80,80,80,80,80,80,80,80,80,80,80,80,80,80,80,80,80,80,80,80,80,80,85,85,85,85,85,85,85],"card_choices":[{"not_picked":["Thunderclap","True Grit"],"picked":"Sever Soul","floor":1},{"not_picked":["Rupture","Body Slam"],"picked":"Inflame","floor":5},{"not_picked":["Body Slam","Armaments"],"picked":"Headbutt","floor":7},{"not_picked":["Searing Blow","Dark Embrace"],"picked":"Twin Strike","floor":10},{"not_picked":["Second Wind","Rampage"],"picked":"Twin Strike","floor":12},{"not_picked":["Clothesline","Wild Strike"],"picked":"Cleave","floor":13},{"not_picked":["Corruption","Rupture"],"picked":"Uppercut","floor":14},{"not_picked":["Berserk","Offering"],"picked":"Demon Form","floor":16},{"not_picked":["Sword Boomerang","Seeing Red"],"picked":"Cleave","floor":18},{"not_picked":["Body Slam+1","Thunderclap"],"picked":"Armaments+1","floor":21},{"not_picked":["Whirlwind","Uppercut"],"picked":"Cleave","floor":22},{"not_picked":["Wild Strike","Entrench"],"picked":"Shrug It Off+1","floor":24},{"not_picked":["Armaments","Battle Trance"],"picked":"Hemokinesis+1","floor":27},{"not_picked":["Dark Embrace","Shrug It Off"],"picked":"Clothesline+1","floor":29},{"not_picked":["Pommel Strike","Heavy Blade"],"picked":"Flex","floor":30},{"not_picked":["Bloodletting","Dropkick+1"],"picked":"Anger","floor":31}],"player_experience":69469,"relics_obtained":[{"floor":9,"key":"Charon\u0027s Ashes"},{"floor":13,"key":"Ancient Tea Set"},{"floor":26,"key":"Happy Flower"}],"event_choices":[{"damage_healed":0,"gold_gain":0,"player_choice":"Box","damage_taken":0,"relics_obtained":["MawBank"],"max_hp_gain":0,"max_hp_loss":0,"event_name":"Big Fish","floor":2,"gold_loss":0,"cards_obtained":["Regret"]},{"damage_healed":0,"gold_gain":0,"player_choice":"Got Potions","damage_taken":0,"max_hp_gain":0,"max_hp_loss":0,"event_name":"Lab","floor":4,"gold_loss":0},{"damage_healed":0,"gold_gain":175,"player_choice":"AGREE","damage_taken":0,"max_hp_gain":0,"max_hp_loss":0,"event_name":"Liars Game","floor":11,"gold_loss":0,"cards_obtained":["Doubt"]},{"damage_healed":0,"gold_gain":0,"player_choice":"Ignored","damage_taken":0,"max_hp_gain":0,"max_hp_loss":0,"event_name":"Ghosts","floor":19,"gold_loss":0},{"damage_healed":0,"gold_gain":0,"player_choice":"Joined the Cult","damage_taken":6,"max_hp_gain":0,"max_hp_loss":0,"event_name":"Nest","floor":20,"gold_loss":0,"cards_obtained":["RitualDagger"]}],"is_beta":false,"boss_relics":[{"not_picked":["Snecko Eye","Sozu"],"picked":"Cursed Key"}],"items_purged_floors":[],"is_endless":false,"potions_floor_spawned":[1,10,13,14,22,27,29,31],"killed_by":"Collector","ascension_level":0}