{"gold_per_floor":[114,114,125,125,144,171,171,191,191,13,25,25,54,74,74,150,150,168,126,142,142,142,142,160,160,160,77,77,93,111,126,126,197,197,210,220,145,145,145,145,164,164,189,189,189,189,189,189],"floor_reached":48,"playtime":2255,"items_purged":["Writhe"],"score":792,"play_id":"db80fa7b-eee3-442d-aafb-7b90db21e0b0","local_time":"20190830185701","is_ascension_mode":true,"campfire_choices":[{"data":"Infinite Blades","floor":7.0,"key":"SMITH"},{"data":"A Thousand Cuts","floor":12.0,"key":"SMITH"},{"data":"Doppelganger","floor":15.0,"key":"SMITH"},{"data":"After Image","floor":23.0,"key":"SMITH"},{"data":"Well Laid Plans","floor":28.0,"key":"SMITH"},{"data":"Leg Sweep","floor":32.0,"key":"SMITH"},{"data":"After Image","floor":40.0,"key":"SMITH"},{"floor":44,"key":"RECALL"}],"neow_cost":"NONE","seed_source_timestamp":263271551309100,"circlet_count":0,"master_deck":["AscendersBane","Survivor+1","Neutralize+1","Poisoned Stab+1","Infinite Blades+1","Terror+1","Blur+1","Escape Plan+1","Flying Knee+1","A Thousand Cuts+1","Doppelganger+1","Leg Sweep+1","Escape Plan+1","Tools of the Trade+1","Poisoned Stab+1","Grand Finale+1","Deflect+1","Unload+1","After Image+1","Blur+1","Caltrops+1","Caltrops+1","Infinite Blades+1","Cloak And Dagger+1","Well Laid Plans+1","Prepared+1","Noxious Fumes+1","Glass Knife+1","Deflect+1","After Image+1","Accuracy+1"],"special_seed":0,"relics":["Coffee Dripper","Dream Catcher","Bronze Scales","Meat on the Bone","Pandora\u0027s Box","Anchor","Letter Opener","Eternal Feather","Mark of the Bloom","Happy Flower"],"potions_floor_usage":[],"damage_taken":[{"damage":1.0,"enemies":"Small Slimes","floor":1.0,"turns":4.0},{"damage":2.0,"enemies":"Cultist","floor":3.0,"turns":4.0},{"damage":0.0,"enemies":"2 Louse","floor":5.0,"turns":3.0},{"damage":11.0,"enemies":"3 Sentries","floor":6.0,"turns":12.0},{"damage":4.0,"enemies":"Looter","floor":8.0,"turns":3.0},{"damage":1.0,"enemies":"Exordium Thugs","floor":11.0,"turns":3.0},{"damage":16.0,"enemies":"Gremlin Nob","floor":13.0,"turns":3.0},{"damage":10.0,"enemies":"Exordium Wildlife","floor":14.0,"turns":5.0},{"damage":22.0,"enemies":"The Guardian","floor":16.0,"turns":11.0},{"damage":8.0,"enemies":"Shell Parasite","floor":18.0,"turns":4.0},{"damage":38.0,"enemies":"2 Thieves","floor":20.0,"turns":4.0},{"damage":2.0,"enemies":"Snecko","floor":24.0,"turns":5.0},{"damage":13.0,"enemies":"Snake Plant","floor":29.0,"turns":4.0},{"damage":10.0,"enemies":"3 Cultists","floor":30.0,"turns":4.0},{"damage":0.0,"enemies":"Cultist and Chosen","floor":31.0,"turns":5.0},{"damage":25.0,"enemies":"Collector","floor":33.0,"turns":9.0},{"damage":0.0,"enemies":"3 Darklings","floor":35.0,"turns":5.0},{"damage":0.0,"enemies":"3 Shapes","floor":36.0,"turns":5.0},{"damage":3,"enemies":"Writhing Mass","floor":41,"turns":7},{"damage":72,"enemies":"Time Eater","floor":48,"turns":7}],"seed_played":"3012047298829610259","potions_obtained":[{"floor":5.0,"key":"Regen Potion"},{"floor":6.0,"key":"Dexterity Potion"},{"floor":11.0,"key":"AttackPotion"},{"floor":13.0,"key":"Poison Potion"},{"floor":14.0,"key":"Explosive Potion"},{"floor":20.0,"key":"AttackPotion"},{"floor":24.0,"key":"LiquidBronze"},{"floor":30.0,"key":"Poison Potion"},{"floor":31.0,"key":"EssenceOfSteel"},{"floor":36.0,"key":"Explosive Potion"}],"is_trial":false,"path_per_floor":["M","?","M","?","M","E","R","M","T","$","M","R","E","M","R","B",null,"M","$","M","?","?","R","M","?","T","$","R","M","M","M","R","B",null,"M","M","$","?","?","R","M","?","T","R","$","R","?","B"],"character_chosen":"THE_SILENT","items_purchased":["A Thousand Cuts","Well Laid Plans","Noxious Fumes"],"campfire_rested":0,"item_purchase_floors":[10,19,27],"current_hp_per_floor":[58,58,56,56,56,45,45,41,41,41,40,40,24,26,26,30,57,49,49,23,23,23,23,33,33,33,33,33,32,34,34,34,21,55,55,55,55,55,55,66,63,63,63,63,63,63,63,0],"gold":189,"neow_bonus":"BOSS_RELIC","is_prod":false,"is_daily":false,"chose_seed":false,"campfire_upgraded":7,"win_rate":0,"timestamp":1567213021,"path_taken":["M","?","?","?","M","E","R","M","T","$","M","R","E","M","R","BOSS","M","$","M","?","?","R","M","?","T","?","R","M","?","M","R","BOSS","M","M","$","?","?","R","M","?","T","R","?","R","?","BOSS"],"build_version":"2019-08-26","purchased_purges":1,"victory":false,"max_hp_per_floor":[66,66,66,66,66,66,66,66,66,66,66,66,66,66,66,66,66,66,66,66,66,66,66,66,66,66,66,66,66,66,66,66,66,66,66,66,66,66,66,66,66,66,66,66,66,66,66,66],"card_choices":[{"not_picked":["Prepared","Dagger Throw"],"picked":"Poisoned Stab","floor":1.0},{"not_picked":["Slice","Deflect"],"picked":"Terror","floor":3.0},{"not_picked":["Escape Plan","Outmaneuver"],"picked":"Blur","floor":5.0},{"not_picked":["Prepared","Quick Slash"],"picked":"Escape Plan","floor":6.0},{"not_picked":["Prepared","Bane"],"picked":"Flying Knee","floor":8.0},{"not_picked":["PiercingWail","Deadly Poison"],"picked":"Doppelganger","floor":11.0},{"not_picked":["Slice","Dagger Spray"],"picked":"Leg Sweep","floor":13.0},{"not_picked":["Backflip","Poisoned Stab"],"picked":"Escape Plan","floor":14.0},{"not_picked":["Die Die Die","Malaise"],"picked":"Tools of the Trade","floor":16.0},{"not_picked":["Skewer","Prepared"],"picked":"Cloak And Dagger","floor":18.0},{"not_picked":["Flechettes","Dagger Throw","Infinite Blades"],"picked":"SKIP","floor":20.0},{"not_picked":["Acrobatics","Poisoned Stab"],"picked":"Prepared+1","floor":24.0},{"not_picked":["Outmaneuver","Dash","Flying Knee"],"picked":"SKIP","floor":29.0},{"not_picked":["Bane","Deadly Poison"],"picked":"Glass Knife","floor":30.0},{"not_picked":["Acrobatics","Poisoned Stab"],"picked":"Deflect+1","floor":31.0},{"not_picked":["Bullet Time","Envenom"],"picked":"After Image","floor":33.0},{"not_picked":["Skewer","Calculated Gamble","Deadly Poison+1"],"picked":"SKIP","floor":35.0},{"not_picked":["Deadly Poison","Deflect+1"],"picked":"Accuracy","floor":36.0},{"not_picked":["Outmaneuver+1","Predator","Dagger Spray"],"picked":"SKIP","floor":41}],"player_experience":851367,"relics_obtained":[{"floor":6.0,"key":"Dream Catcher"},{"floor":9.0,"key":"Bronze Scales"},{"floor":13.0,"key":"Meat on the Bone"},{"floor":26.0,"key":"Letter Opener"},{"floor":43,"key":"Happy Flower"}],"event_choices":[{"damage_healed":0.0,"max_hp_gain":0.0,"max_hp_loss":0.0,"gold_gain":0.0,"event_name":"Match and Keep!","player_choice":"1 cards matched","floor":2.0,"gold_loss":0.0,"damage_taken":0.0,"cards_obtained":["Infinite Blades"]},{"damage_healed":0.0,"max_hp_gain":0.0,"max_hp_loss":0.0,"gold_gain":0.0,"event_name":"Scrap Ooze","player_choice":"Fled","floor":4.0,"gold_loss":0.0,"damage_taken":0.0},{"cards_removed":["Grand Finale"],"damage_healed":0.0,"max_hp_gain":0.0,"max_hp_loss":0.0,"gold_gain":0.0,"event_name":"Back to Basics","player_choice":"Elegance","floor":21.0,"gold_loss":0.0,"damage_taken":0.0},{"damage_healed":0.0,"max_hp_gain":0.0,"max_hp_loss":0.0,"gold_gain":0.0,"event_name":"Ghosts","player_choice":"Ignored","floor":22.0,"gold_loss":0.0,"damage_taken":0.0},{"damage_healed":0.0,"max_hp_gain":0.0,"max_hp_loss":0.0,"gold_gain":0.0,"event_name":"The Mausoleum","player_choice":"Opened","floor":25.0,"gold_loss":0.0,"damage_taken":0.0,"relics_obtained":["Anchor"],"cards_obtained":["Writhe"]},{"damage_healed":0.0,"max_hp_gain":0.0,"max_hp_loss":0.0,"gold_gain":0.0,"event_name":"Tomb of Lord Red Mask","player_choice":"Ignored","floor":38.0,"gold_loss":0.0,"damage_taken":0.0},{"damage_healed":0.0,"max_hp_gain":0.0,"max_hp_loss":0.0,"gold_gain":0.0,"event_name":"Mysterious Sphere","player_choice":"Ignored","floor":39.0,"gold_loss":0.0,"damage_taken":0.0},{"damage_healed":0,"gold_gain":0,"player_choice":"Upgrade","damage_taken":0,"relics_obtained":["Mark of the Bloom"],"max_hp_gain":0,"max_hp_loss":0,"event_name":"MindBloom","floor":42,"gold_loss":0,"cards_upgraded":["Survivor","Neutralize","Poisoned Stab","Terror","Blur","Escape Plan","Flying Knee","Escape Plan","Tools of the Trade","Poisoned Stab","Grand Finale","Deflect","Unload","Blur","Caltrops","Caltrops","Infinite Blades","Cloak And Dagger","Noxious Fumes","Glass Knife","Accuracy"]},{"damage_healed":0,"gold_gain":0,"player_choice":"Took Portal","damage_taken":0,"max_hp_gain":0,"max_hp_loss":0,"event_name":"SecretPortal","floor":47,"gold_loss":0}],"is_beta":true,"boss_relics":[{"not_picked":["HoveringKite","White Beast Statue"],"picked":"Pandora\u0027s Box"},{"not_picked":["Velvet Choker","Fusion Hammer"],"picked":"Eternal Feather"}],"items_purged_floors":[37],"is_endless":false,"potions_floor_spawned":[5,6,11,13,14,20,24,30,31,36],"killed_by":"Time Eater","ascension_level":16}