{"gold_per_floor":[119,194,40,54,229,260,260,285,285,285,305,331,39,39,39,39],"floor_reached":16,"playtime":850,"items_purged":["Doubt"],"score":117,"play_id":"4c388939-5dcf-4dff-9cb7-ac4ed3bde810","local_time":"20190728125039","is_ascension_mode":true,"campfire_choices":[{"floor":7,"key":"REST"},{"floor":10,"key":"REST"},{"floor":15,"key":"REST"}],"neow_cost":"NONE","seed_source_timestamp":1428330124798564,"circlet_count":0,"master_deck":["Strike_R","Strike_R","Strike_R","Strike_R","Strike_R","Defend_R","Defend_R","Defend_R","Defend_R","Anger","Clothesline","Clash","Combust","Anger"],"relics":["Burning Blood","Smiling Mask","Bronze Scales","Meat on the Bone","Bird Faced Urn","Sundial","Anchor","Darkstone Periapt"],"potions_floor_usage":[16],"damage_taken":[{"damage":7,"enemies":"2 Louse","floor":1,"turns":3},{"damage":0,"enemies":"Cultist","floor":4,"turns":3},{"damage":44,"enemies":"3 Sentries","floor":6,"turns":8},{"damage":44,"enemies":"Lagavulin","floor":8,"turns":6},{"damage":7,"enemies":"Jaw Worm","floor":11,"turns":3},{"damage":82,"enemies":"The Guardian","floor":16,"turns":8}],"seed_played":"3696324616709006169","potions_obtained":[{"floor":8,"key":"LiquidBronze"},{"floor":11,"key":"Strength Potion"}],"is_trial":false,"path_per_floor":["M","?","$","M","?","E","R","E","T","R","M","T","$","?","R","B"],"character_chosen":"IRONCLAD","items_purchased":["Bronze Scales","Darkstone Periapt"],"campfire_rested":3,"item_purchase_floors":[3,13],"current_hp_per_floor":[79,71,71,77,77,39,63,37,37,61,60,60,60,60,80,0],"gold":39,"neow_bonus":"RANDOM_COMMON_RELIC","is_prod":false,"is_daily":false,"chose_seed":false,"campfire_upgraded":0,"win_rate":0,"timestamp":1564336239,"path_taken":["M","?","?","M","?","E","R","E","T","R","M","?","$","?","R","BOSS"],"build_version":"2019-07-17","purchased_purges":1,"victory":false,"max_hp_per_floor":[80,80,80,80,80,80,80,80,80,80,80,80,80,80,80,80],"card_choices":[{"not_picked":["Twin Strike","Pommel Strike"],"picked":"Anger","floor":1},{"not_picked":["Corruption","Evolve"],"picked":"Clothesline","floor":4},{"not_picked":["Warcry","Feed"],"picked":"Clash","floor":6},{"not_picked":["Immolate","Double Tap"],"picked":"Combust","floor":8},{"not_picked":["Hemokinesis","Armaments"],"picked":"Anger","floor":11}],"player_experience":217610,"relics_obtained":[{"floor":6,"key":"Meat on the Bone"},{"floor":8,"key":"Bird Faced Urn"},{"floor":9,"key":"Sundial"},{"floor":12,"key":"Anchor"}],"event_choices":[{"damage_healed":0,"gold_gain":75,"player_choice":"Touch","damage_taken":8,"max_hp_gain":0,"max_hp_loss":0,"event_name":"FaceTrader","floor":2,"gold_loss":0},{"damage_healed":0,"gold_gain":175,"player_choice":"AGREE","damage_taken":0,"max_hp_gain":0,"max_hp_loss":0,"event_name":"Liars Game","floor":5,"gold_loss":0,"cards_obtained":["Doubt"]},{"cards_removed":["Bash"],"damage_healed":0,"gold_gain":0,"player_choice":"Offered Basic","damage_taken":0,"max_hp_gain":0,"max_hp_loss":0,"event_name":"Bonfire Elementals","floor":14,"gold_loss":0}],"is_beta":false,"boss_relics":[],"items_purged_floors":[13],"is_endless":false,"potions_floor_spawned":[8,11],"killed_by":"The Guardian","ascension_level":2}