{"gold_per_floor":[117,117,131,148,159,159,178,178,178,188,203,203,203,60,60,60],"floor_reached":16,"playtime":894,"items_purged":[],"score":99,"play_id":"49f4361a-8cdf-40a5-a7d7-985719fcaf65","local_time":"20190704001405","is_ascension_mode":true,"campfire_choices":[{"floor":6,"key":"RECALL"},{"floor":15,"key":"REST"}],"neow_cost":"NONE","seed_source_timestamp":1354962693643766,"circlet_count":0,"master_deck":["Strike_G","Strike_G","Strike_G","Strike_G","Defend_G","Defend_G","Defend_G","Defend_G","Defend_G","Survivor","Neutralize","Dagger Throw","Well Laid Plans","Predator","Poisoned Stab","Predator+1","Accuracy","Backflip","Blade Dance"],"relics":["Ring of the Snake","NeowsBlessing","NlothsMask","Boot"],"potions_floor_usage":[16,16,16],"damage_taken":[{"damage":0,"enemies":"2 Louse","floor":1,"turns":1},{"damage":0,"enemies":"Jaw Worm","floor":3,"turns":1},{"damage":0,"enemies":"Cultist","floor":4,"turns":1},{"damage":13,"enemies":"Large Slime","floor":5,"turns":5},{"damage":9,"enemies":"Red Slaver","floor":7,"turns":3},{"damage":1,"enemies":"Exordium Wildlife","floor":10,"turns":3},{"damage":14,"enemies":"2 Fungi Beasts","floor":11,"turns":3},{"damage":58,"enemies":"The Guardian","floor":16,"turns":9}],"seed_played":"8342143274859494046","potions_obtained":[{"floor":4,"key":"LiquidBronze"},{"floor":10,"key":"Strength Potion"},{"floor":11,"key":"Weak Potion"}],"is_trial":false,"path_per_floor":["M","?","M","M","M","R","M","?","T","M","M","?","?","$","R","B"],"character_chosen":"THE_SILENT","items_purchased":["Boot"],"campfire_rested":1,"item_purchase_floors":[14],"current_hp_per_floor":[70,70,70,70,57,57,48,48,48,47,33,33,33,33,54,0],"gold":60,"neow_bonus":"THREE_ENEMY_KILL","is_prod":false,"is_daily":false,"chose_seed":false,"campfire_upgraded":0,"win_rate":0,"timestamp":1562217245,"path_taken":["M","?","M","M","M","R","M","?","T","M","?","?","?","$","R","BOSS"],"build_version":"2019-07-01","purchased_purges":0,"victory":false,"max_hp_per_floor":[70,70,70,70,70,70,70,70,70,70,70,70,70,70,70,70],"card_choices":[{"not_picked":["Footwork","Flying Knee"],"picked":"Dagger Throw","floor":1},{"not_picked":["Well Laid Plans","Sucker Punch"],"picked":"Predator","floor":3},{"not_picked":["Well Laid Plans","Deadly Poison"],"picked":"Poisoned Stab","floor":4},{"not_picked":["Backflip","Acrobatics"],"picked":"Predator","floor":5},{"not_picked":["Prepared","Bouncing Flask"],"picked":"Accuracy","floor":7},{"not_picked":["Prepared","Deflect"],"picked":"Backflip","floor":10},{"not_picked":["Cloak And Dagger","Well Laid Plans"],"picked":"Blade Dance","floor":11}],"player_experience":112984,"relics_obtained":[],"event_choices":[{"damage_healed":0,"gold_gain":0,"cards_transformed":["Strike_G"],"player_choice":"Change","damage_taken":0,"max_hp_gain":0,"max_hp_loss":0,"event_name":"Living Wall","floor":2,"gold_loss":0,"cards_obtained":["Well Laid Plans"]},{"damage_healed":0,"gold_gain":0,"player_choice":"Trade","damage_taken":0,"relics_obtained":["NlothsMask"],"max_hp_gain":0,"max_hp_loss":0,"event_name":"FaceTrader","floor":8,"gold_loss":0},{"damage_healed":0,"gold_gain":0,"player_choice":"Searched \u00271\u0027 times","damage_taken":0,"max_hp_gain":0,"max_hp_loss":0,"event_name":"Dead Adventurer","floor":12,"gold_loss":0},{"damage_healed":0,"gold_gain":0,"player_choice":"Upgraded","damage_taken":0,"max_hp_gain":0,"max_hp_loss":0,"event_name":"Upgrade Shrine","floor":13,"gold_loss":0,"cards_upgraded":["Predator"]}],"is_beta":false,"boss_relics":[],"items_purged_floors":[],"is_endless":false,"potions_floor_spawned":[4,10,11],"killed_by":"The Guardian","ascension_level":1}