{"gold_per_floor":[114,131,206,286,300,300,330,330,411,101,112,387,417,445,445,543,543,557,576,129,404,415,445,460,460,483,483,502,512,195,195,195,296,296,313,327,327,338,338,338,367,211,284,284,304,304,48,48,48,48],"floor_reached":50,"playtime":3022,"items_purged":["Decay","Shame"],"score":598,"play_id":"c1ab7995-09ef-4379-bf4e-9c77cee173f7","local_time":"20190802000310","is_ascension_mode":true,"campfire_choices":[{"data":"Heavy Blade","floor":6,"key":"SMITH"},{"data":"Infernal Blade","floor":8,"key":"SMITH"},{"floor":15,"key":"REST"},{"floor":25,"key":"REST"},{"floor":27,"key":"REST"},{"floor":32,"key":"REST"},{"floor":40,"key":"REST"},{"floor":44,"key":"REST"},{"floor":49,"key":"REST"}],"neow_cost":"NONE","seed_source_timestamp":1812120083620117,"circlet_count":0,"master_deck":["Strike_R","Strike_R","Strike_R+1","Strike_R+1","Strike_R","Defend_R","Defend_R","Defend_R","Defend_R","Bash","Heavy Blade+1","Carnage","Infernal Blade+1","Heavy Blade","Pommel Strike","Demon Form","Rage","Clothesline","Twin Strike","Perfected Strike+1","Thunderclap+1","Cleave+1","Necronomicurse","Limit Break","Pommel Strike+1","Rampage+1","Dramatic Entrance","Heavy Blade"],"relics":["Burning Blood","NeowsBlessing","Juzu Bracelet","Meat on the Bone","Red Skull","Omamori","Tiny Chest","Art of War","Cursed Key","Unceasing Top","Bag of Marbles","PreservedInsect","Regal Pillow","Bottled Lightning","Necronomicon","Runic Pyramid","Boot","Lantern","Ornamental Fan","Whetstone"],"potions_floor_usage":[7,7,7,14,16,23,23,23,38,50,50,50],"damage_taken":[{"damage":0,"enemies":"Cultist","floor":1,"turns":1},{"damage":0,"enemies":"2 Louse","floor":2,"turns":2},{"damage":0,"enemies":"Small Slimes","floor":5,"turns":1},{"damage":8,"enemies":"Gremlin Nob","floor":7,"turns":3},{"damage":27,"enemies":"Exordium Wildlife","floor":11,"turns":3},{"damage":29,"enemies":"3 Sentries","floor":14,"turns":5},{"damage":53,"enemies":"Hexaghost","floor":16,"turns":9},{"damage":35,"enemies":"Shell Parasite","floor":18,"turns":4},{"damage":12,"enemies":"Chosen","floor":19,"turns":3},{"damage":20,"enemies":"Centurion and Healer","floor":22,"turns":4},{"damage":27,"enemies":"Book of Stabbing","floor":23,"turns":4},{"damage":27,"enemies":"Snake Plant","floor":24,"turns":4},{"damage":44,"enemies":"Cultist and Chosen","floor":28,"turns":5},{"damage":13,"enemies":"3 Cultists","floor":29,"turns":4},{"damage":51,"enemies":"Champ","floor":33,"turns":8},{"damage":51,"enemies":"3 Darklings","floor":35,"turns":4},{"damage":11,"enemies":"Orb Walker","floor":36,"turns":2},{"damage":37,"enemies":"Maw","floor":38,"turns":6},{"damage":37,"enemies":"Reptomancer","floor":41,"turns":3},{"damage":45,"enemies":"Writhing Mass","floor":45,"turns":4},{"damage":101,"enemies":"Donu and Deca","floor":50,"turns":6}],"seed_played":"535152947027312882","potions_obtained":[{"floor":5,"key":"EntropicBrew"},{"floor":7,"key":"PowerPotion"},{"floor":11,"key":"Swift Potion"},{"floor":19,"key":"Strength Potion"},{"floor":22,"key":"LiquidBronze"},{"floor":23,"key":"BloodPotion"},{"floor":35,"key":"Ancient Potion"},{"floor":36,"key":"Swift Potion"},{"floor":45,"key":"EssenceOfSteel"},{"floor":48,"key":"Weak Potion"}],"is_trial":false,"path_per_floor":["M","M","?","?","M","R","E","R","T","$","M","?","?","E","R","B",null,"M","M","$","?","M","E","M","R","T","R","M","M","$","?","R","B",null,"M","M","?","M","?","R","E","$","T","R","M","?","$","?","R","B"],"character_chosen":"IRONCLAD","items_purchased":["Red Skull","Omamori","Unceasing Top","Bag of Marbles","Bottled Lightning","Lantern","Whetstone"],"campfire_rested":7,"item_purchase_floors":[10,10,20,20,30,42,47],"current_hp_per_floor":[80,80,69,69,75,75,73,73,73,73,52,52,45,34,58,23,80,51,57,57,57,55,46,37,61,61,80,54,47,47,31,70,37,80,47,54,54,35,35,74,55,55,55,80,53,53,53,53,80,0],"gold":48,"neow_bonus":"THREE_ENEMY_KILL","is_prod":false,"is_daily":false,"chose_seed":false,"campfire_upgraded":2,"win_rate":0,"timestamp":1564722190,"path_taken":["M","?","?","?","M","R","E","R","T","?","M","?","?","E","R","BOSS","M","M","$","?","M","E","M","R","T","R","M","M","$","?","R","BOSS","M","M","?","M","?","R","E","$","T","R","M","?","$","?","R","BOSS"],"build_version":"2019-07-17","purchased_purges":2,"victory":false,"max_hp_per_floor":[80,80,80,80,80,80,80,80,80,80,80,80,80,80,80,80,80,80,80,80,80,80,80,80,80,80,80,80,80,80,80,80,80,80,80,80,80,80,80,80,80,80,80,80,80,80,80,80,80,80],"card_choices":[{"not_picked":["Armaments","Headbutt"],"picked":"Heavy Blade","floor":1},{"not_picked":["Havoc","Fire Breathing"],"picked":"Carnage","floor":2},{"not_picked":["Berserk","Corruption"],"picked":"Infernal Blade","floor":5},{"not_picked":["Sword Boomerang","Reckless Charge"],"picked":"Headbutt","floor":7},{"not_picked":["Corruption","Armaments"],"picked":"Heavy Blade","floor":11},{"not_picked":["Wild Strike","Second Wind"],"picked":"Pommel Strike","floor":14},{"not_picked":["Feed","Dark Embrace"],"picked":"Demon Form","floor":16},{"not_picked":["Iron Wave","Headbutt","Wild Strike"],"picked":"SKIP","floor":18},{"not_picked":["Flex","Rupture+1"],"picked":"Rage","floor":19},{"not_picked":["Warcry+1","Power Through"],"picked":"Clothesline","floor":22},{"not_picked":["Intimidate","Feel No Pain"],"picked":"Twin Strike","floor":23},{"not_picked":["Sentinel","Hemokinesis"],"picked":"Perfected Strike+1","floor":24},{"not_picked":["Dual Wield","Seeing Red+1"],"picked":"Thunderclap+1","floor":28},{"not_picked":["Thunderclap","Rage+1"],"picked":"Cleave+1","floor":29},{"not_picked":["Feed","Exhume"],"picked":"Limit Break","floor":33},{"not_picked":["Warcry","Intimidate"],"picked":"Pommel Strike+1","floor":35},{"not_picked":["Hemokinesis","Twin Strike","Battle Trance"],"picked":"SKIP","floor":36},{"not_picked":["Shrug It Off+1","Uppercut+1"],"picked":"Rampage+1","floor":38},{"not_picked":["Flash of Steel","Secret Weapon"],"picked":"Dramatic Entrance","floor":39},{"not_picked":["Ghostly Armor+1","Combust","Sword Boomerang+1"],"picked":"SKIP","floor":41},{"not_picked":["Pommel Strike+1","Flame Barrier"],"picked":"Heavy Blade","floor":45}],"player_experience":263274,"relics_obtained":[{"floor":7,"key":"Juzu Bracelet"},{"floor":9,"key":"Meat on the Bone"},{"floor":14,"key":"Art of War"},{"floor":23,"key":"PreservedInsect"},{"floor":26,"key":"Regal Pillow"},{"floor":31,"key":"Necronomicon"},{"floor":41,"key":"Boot"},{"floor":43,"key":"Ornamental Fan"}],"event_choices":[{"damage_healed":0,"gold_gain":75,"player_choice":"Gather Gold","damage_taken":11,"max_hp_gain":0,"max_hp_loss":0,"event_name":"World of Goop","floor":3,"gold_loss":0},{"damage_healed":0,"gold_gain":80,"player_choice":"Gained Gold","damage_taken":0,"max_hp_gain":0,"max_hp_loss":0,"event_name":"Golden Wing","floor":4,"gold_loss":0},{"damage_healed":0,"gold_gain":275,"player_choice":"Desecrate","damage_taken":0,"max_hp_gain":0,"max_hp_loss":0,"event_name":"Golden Shrine","floor":12,"gold_loss":0,"cards_obtained":["Regret"]},{"damage_healed":0,"gold_gain":0,"player_choice":"Success","damage_taken":7,"relics_obtained":["Tiny Chest"],"max_hp_gain":0,"max_hp_loss":0,"event_name":"Scrap Ooze","floor":13,"gold_loss":0},{"damage_healed":0,"gold_gain":275,"player_choice":"Desecrate","damage_taken":0,"max_hp_gain":0,"max_hp_loss":0,"event_name":"Golden Shrine","floor":21,"gold_loss":0,"cards_obtained":["Regret"]},{"damage_healed":0,"gold_gain":0,"player_choice":"Obtained Book","damage_taken":16,"max_hp_gain":0,"max_hp_loss":0,"event_name":"Cursed Tome","floor":31,"gold_loss":0},{"cards_removed":["Headbutt"],"damage_healed":0,"gold_gain":0,"player_choice":"Removed Attack","damage_taken":0,"max_hp_gain":0,"max_hp_loss":0,"event_name":"Falling","floor":37,"gold_loss":0},{"damage_healed":0,"gold_gain":0,"player_choice":"Memory 1","damage_taken":0,"max_hp_gain":0,"max_hp_loss":0,"event_name":"SensoryStone","floor":39,"gold_loss":0},{"damage_healed":0,"gold_gain":0,"player_choice":"Ignored","damage_taken":0,"max_hp_gain":0,"max_hp_loss":0,"event_name":"Tomb of Lord Red Mask","floor":46,"gold_loss":0},{"damage_healed":0,"gold_gain":0,"player_choice":"Got Potions","damage_taken":0,"max_hp_gain":0,"max_hp_loss":0,"event_name":"Lab","floor":48,"gold_loss":0}],"is_beta":false,"boss_relics":[{"not_picked":["Astrolabe","Orrery"],"picked":"Cursed Key"},{"not_picked":["White Beast Statue","Runic Dome"],"picked":"Runic Pyramid"}],"items_purged_floors":[30,47],"is_endless":false,"potions_floor_spawned":[5,7,11,19,22,23,35,36,45],"killed_by":"Donu and Deca","ascension_level":3}