{"gold_per_floor":[118,218,236,8,18,18,93,123,123,154,169,169,69,79,79,184,184,198,25,42,42,57,57],"floor_reached":23,"playtime":1239,"items_purged":["Strike_G","Strike_G","Strike_G"],"score":226,"play_id":"6e05fec7-008f-48fd-8821-07027e267e78","local_time":"20190803003534","is_ascension_mode":false,"campfire_choices":[{"data":"Poisoned Stab","floor":6,"key":"SMITH"},{"data":"Noxious Fumes","floor":12,"key":"SMITH"},{"floor":15,"key":"REST"}],"neow_cost":"NONE","seed_source_timestamp":3202421964811,"circlet_count":0,"master_deck":["Strike_G","Strike_G","Defend_G","Defend_G","Defend_G","Defend_G","Defend_G","Survivor","Neutralize","Poisoned Stab+1","Noxious Fumes+1","Blur","Deadly Poison","Deadly Poison","Deadly Poison","Deadly Poison","Decay"],"relics":["Ring of the Snake","NeowsBlessing","Bottled Tornado","Meat on the Bone","Ninja Scroll","Sozu"],"potions_floor_usage":[],"damage_taken":[{"damage":0,"enemies":"Small Slimes","floor":1,"turns":1},{"damage":0,"enemies":"Cultist","floor":3,"turns":1},{"damage":0,"enemies":"Jaw Worm","floor":5,"turns":1},{"damage":19,"enemies":"3 Sentries","floor":8,"turns":7},{"damage":8,"enemies":"Lagavulin","floor":10,"turns":7},{"damage":1,"enemies":"Exordium Wildlife","floor":11,"turns":3},{"damage":7,"enemies":"Exordium Thugs","floor":14,"turns":3},{"damage":4,"enemies":"Hexaghost","floor":16,"turns":8},{"damage":8,"enemies":"Spheric Guardian","floor":18,"turns":4},{"damage":20,"enemies":"2 Thieves","floor":20,"turns":4},{"damage":11,"enemies":"Cultist and Chosen","floor":22,"turns":6},{"damage":44,"enemies":"Book of Stabbing","floor":23,"turns":5}],"seed_played":"8138537173071149847","potions_obtained":[{"floor":5,"key":"Regen Potion"},{"floor":8,"key":"PowerPotion"},{"floor":10,"key":"Explosive Potion"}],"is_trial":false,"path_per_floor":["M","?","M","$","M","R","?","E","T","E","M","R","$","M","R","B",null,"M","$","M","?","M","E"],"character_chosen":"THE_SILENT","items_purchased":["Noxious Fumes","Blur","Deadly Poison"],"campfire_rested":1,"item_purchase_floors":[4,4,19],"current_hp_per_floor":[70,70,70,70,70,70,59,40,40,44,43,43,43,36,57,53,70,62,62,42,42,43,0],"gold":57,"neow_bonus":"THREE_ENEMY_KILL","is_prod":false,"is_daily":false,"chose_seed":false,"campfire_upgraded":2,"win_rate":0,"timestamp":1564817734,"path_taken":["M","?","M","$","?","R","?","E","T","E","M","R","?","M","R","BOSS","M","$","M","?","M","E"],"build_version":"2019-07-17","purchased_purges":3,"victory":false,"max_hp_per_floor":[70,70,70,70,70,70,70,70,70,70,70,70,70,70,70,70,70,70,70,70,70,70,70],"card_choices":[{"not_picked":["Sucker Punch","Terror","Dodge and Roll"],"picked":"SKIP","floor":1},{"not_picked":["Bane","Underhanded Strike"],"picked":"Poisoned Stab","floor":3},{"not_picked":["Terror","All Out Attack"],"picked":"Deadly Poison","floor":5},{"not_picked":["Concentrate","Finisher","All Out Attack"],"picked":"SKIP","floor":8},{"not_picked":["Well Laid Plans","Underhanded Strike","Acrobatics"],"picked":"SKIP","floor":10},{"not_picked":["Quick Slash","Heel Hook","Sucker Punch"],"picked":"SKIP","floor":11},{"not_picked":["Crippling Poison","Slice","Cloak And Dagger"],"picked":"SKIP","floor":14},{"not_picked":["Prepared","Underhanded Strike"],"picked":"Deadly Poison","floor":18},{"not_picked":["Escape Plan","Flechettes"],"picked":"Deadly Poison","floor":20},{"not_picked":["Terror","Well Laid Plans","Infinite Blades"],"picked":"SKIP","floor":22}],"player_experience":274270,"relics_obtained":[{"floor":8,"key":"Bottled Tornado"},{"floor":9,"key":"Meat on the Bone"},{"floor":10,"key":"Ninja Scroll"}],"event_choices":[{"damage_healed":0,"gold_gain":100,"player_choice":"Pray","damage_taken":0,"max_hp_gain":0,"max_hp_loss":0,"event_name":"Golden Shrine","floor":2,"gold_loss":0},{"damage_healed":0,"gold_gain":75,"player_choice":"Gather Gold","damage_taken":11,"max_hp_gain":0,"max_hp_loss":0,"event_name":"World of Goop","floor":7,"gold_loss":0},{"damage_healed":0,"gold_gain":0,"player_choice":"Cursed","damage_taken":0,"max_hp_gain":0,"max_hp_loss":0,"event_name":"Wheel of Change","floor":21,"gold_loss":0,"cards_obtained":["Decay"]}],"is_beta":false,"boss_relics":[{"not_picked":["Philosopher\u0027s Stone","Eternal Feather"],"picked":"Sozu"}],"items_purged_floors":[4,13,19],"is_endless":false,"potions_floor_spawned":[5,8,10,14,16],"killed_by":"Book of Stabbing","ascension_level":0}