{"gold_per_floor":[119,119,169,180,198,198,215,245,245,245,245,276,306,340,340,416,416,427,444,444,288,288,288,303,97,97,126,126,144,144,155,155,228,228,241,241,49,49,64,64,93,93,117,36,136,60,75,75,75,75,75],"floor_reached":51,"playtime":1754,"items_purged":["Writhe","Strike_B"],"score":1443,"play_id":"8c0c6506-1aec-4d67-8b59-80ee37116368","local_time":"20190702213710","is_ascension_mode":true,"campfire_choices":[{"data":"Zap","floor":6.0,"key":"SMITH"},{"data":"Loop","floor":10.0,"key":"SMITH"},{"data":"Loop","floor":15.0,"key":"SMITH"},{"floor":23.0,"key":"REST"},{"data":"Thunder Strike","floor":28.0,"key":"SMITH"},{"data":"Consume","floor":32.0,"key":"SMITH"},{"floor":40.0,"key":"REST"},{"floor":42.0,"key":"REST"},{"data":"Conserve Battery","floor":49.0,"key":"SMITH"}],"neow_cost":"NONE","seed_source_timestamp":98230480193900,"circlet_count":0,"master_deck":["AscendersBane","Strike_B","Strike_B","Defend_B","Defend_B","Defend_B","Defend_B","Zap+1","Dualcast","Go for the Eyes+1","Self Repair","Sweeping Beam+1","Loop+1","Conserve Battery+1","Loop+1","Thunder Strike+1","Ball Lightning","Ball Lightning+1","Defragment+1","Echo Form+1","Consume+1","Reinforced Body+1","Hologram","Echo Form+1","Capacitor+1","Melter+1","Storm+1","Storm+1"],"special_seed":0,"relics":["Cracked Core","NeowsBlessing","Cables","Bottled Tornado","Bottled Flame","Pen Nib","Nuclear Battery","Frozen Egg 2","Orichalcum","DataDisk","Busted Crown","Mercury Hourglass","Happy Flower","FossilizedHelix"],"potions_floor_usage":[51],"damage_taken":[{"damage":0.0,"enemies":"2 Louse","floor":1.0,"turns":1.0},{"damage":0.0,"enemies":"Small Slimes","floor":4.0,"turns":1.0},{"damage":0.0,"enemies":"Cultist","floor":5.0,"turns":1.0},{"damage":10.0,"enemies":"Looter","floor":7.0,"turns":4.0},{"damage":20.0,"enemies":"Lagavulin","floor":8.0,"turns":7.0},{"damage":11.0,"enemies":"Gremlin Nob","floor":12.0,"turns":3.0},{"damage":35.0,"enemies":"Lagavulin","floor":14.0,"turns":6.0},{"damage":25.0,"enemies":"The Guardian","floor":16.0,"turns":9.0},{"damage":23.0,"enemies":"Spheric Guardian","floor":18.0,"turns":4.0},{"damage":13.0,"enemies":"Chosen","floor":19.0,"turns":4.0},{"damage":14.0,"enemies":"Centurion and Healer","floor":24.0,"turns":5.0},{"damage":3.0,"enemies":"Gremlin Leader","floor":27.0,"turns":5.0},{"damage":32.0,"enemies":"Snake Plant","floor":29.0,"turns":4.0},{"damage":6.0,"enemies":"Chosen and Byrds","floor":31.0,"turns":5.0},{"damage":40.0,"enemies":"Collector","floor":33.0,"turns":7.0},{"damage":39.0,"enemies":"3 Darklings","floor":35.0,"turns":4.0},{"damage":16.0,"enemies":"Orb Walker","floor":39.0,"turns":3.0},{"damage":29.0,"enemies":"Giant Head","floor":41.0,"turns":7.0},{"damage":0.0,"enemies":"Mind Bloom Boss Battle","floor":45.0,"turns":3.0},{"damage":10.0,"enemies":"Sphere and 2 Shapes","floor":47.0,"turns":3.0},{"damage":0.0,"enemies":"Time Eater","floor":50.0,"turns":6.0},{"damage":62,"enemies":"Awakened One","floor":51,"turns":3}],"seed_played":"5149883862599272953","potions_obtained":[{"floor":5.0,"key":"AttackPotion"},{"floor":8.0,"key":"FocusPotion"},{"floor":14.0,"key":"Fruit Juice"},{"floor":16.0,"key":"AttackPotion"},{"floor":18.0,"key":"EntropicBrew"},{"floor":33.0,"key":"Energy Potion"},{"floor":47.0,"key":"SkillPotion"}],"is_trial":false,"path_per_floor":["M","?","?","M","M","R","M","E","T","R","?","E","?","E","R","B",null,"M","M","?","$","?","R","M","$","T","E","R","M","?","M","R","B",null,"M","?","$","?","M","R","E","R","T","$","?","$","M","?","R","B","B"],"character_chosen":"DEFECT","items_purchased":["Defragment+1","Echo Form+1","Consume","Capacitor+1","PowerPotion","Storm+1","Storm+1"],"campfire_rested":3,"item_purchase_floors":[21,25,25,37,37,44,46],"current_hp_per_floor":[64,64,64,64,64,64,61,48,48,48,71,67,67,44,44,26,64,48,42,42,42,42,64,57,57,57,68,68,43,76,76,76,36,66,27,27,27,27,18,40,25,47,47,47,47,47,37,62,62,62,0],"gold":75,"neow_bonus":"THREE_ENEMY_KILL","is_prod":false,"is_daily":false,"chose_seed":false,"campfire_upgraded":6,"win_rate":0,"timestamp":1562125030,"path_taken":["M","?","?","M","?","R","M","E","T","R","?","E","?","E","R","BOSS","M","M","?","$","?","R","M","$","T","E","R","?","?","?","R","BOSS","M","?","?","?","?","R","E","R","T","?","?","$","M","?","R","BOSS","BOSS"],"build_version":"2019-06-30","purchased_purges":2,"victory":false,"max_hp_per_floor":[71,71,71,71,71,71,71,71,71,71,71,71,71,76,76,76,76,76,76,76,76,76,76,76,76,76,76,76,76,76,76,76,76,76,76,76,76,76,76,76,76,76,76,76,76,76,76,62,62,62,62],"card_choices":[{"not_picked":["Steam","Genetic Algorithm"],"picked":"Go for the Eyes","floor":1.0},{"not_picked":["Recycle","Stack","Hologram"],"picked":"SKIP","floor":4.0},{"not_picked":["Coolheaded","Hologram"],"picked":"Self Repair","floor":5.0},{"not_picked":["Scrape","Stack"],"picked":"Sweeping Beam","floor":7.0},{"not_picked":["Tempest","Heatsinks"],"picked":"Loop","floor":8.0},{"not_picked":["Redo","Leap"],"picked":"Conserve Battery","floor":12.0},{"not_picked":["Scrape","Turbo"],"picked":"Loop","floor":14.0},{"not_picked":["Fission","Hyperbeam"],"picked":"Thunder Strike","floor":16.0},{"not_picked":["Rebound","Coolheaded"],"picked":"Ball Lightning","floor":18.0},{"not_picked":["Go for the Eyes","Streamline"],"picked":"Ball Lightning+1","floor":19.0},{"not_picked":["Double Energy","Scrape"],"picked":"FTL","floor":24.0},{"not_picked":["Double Energy","Compile Driver","Barrage"],"picked":"SKIP","floor":27.0},{"not_picked":["Redo","Amplify"],"picked":"Reinforced Body+1","floor":29.0},{"not_picked":["Sweeping Beam","Scrape"],"picked":"Hologram","floor":31.0},{"not_picked":["Machine Learning+1","Amplify"],"picked":"Echo Form+1","floor":33.0},{"not_picked":["Go for the Eyes"],"picked":"SKIP","floor":35.0},{"not_picked":["Barrage+1"],"picked":"SKIP","floor":39.0},{"not_picked":[],"picked":"Melter+1","floor":41.0},{"not_picked":["Streamline+1"],"picked":"SKIP","floor":47.0}],"player_experience":827001,"relics_obtained":[{"floor":8.0,"key":"Cables"},{"floor":9.0,"key":"Bottled Tornado"},{"floor":12.0,"key":"Bottled Flame"},{"floor":14.0,"key":"Pen Nib"},{"floor":26.0,"key":"Orichalcum"},{"floor":27.0,"key":"DataDisk"},{"floor":41.0,"key":"Mercury Hourglass"},{"floor":43.0,"key":"Happy Flower"},{"floor":45.0,"key":"FossilizedHelix"}],"event_choices":[{"cards_removed":["Strike_B"],"damage_healed":0.0,"max_hp_gain":0.0,"max_hp_loss":0.0,"gold_gain":0.0,"event_name":"Living Wall","player_choice":"Forget","floor":2.0,"gold_loss":0.0,"damage_taken":0.0},{"damage_healed":0.0,"max_hp_gain":0.0,"max_hp_loss":0.0,"gold_gain":50.0,"event_name":"Golden Shrine","player_choice":"Pray","floor":3.0,"gold_loss":0.0,"damage_taken":0.0},{"damage_healed":23.0,"max_hp_gain":0.0,"max_hp_loss":0.0,"gold_gain":0.0,"event_name":"Big Fish","player_choice":"Banana","floor":11.0,"gold_loss":0.0,"damage_taken":0.0},{"damage_healed":0.0,"max_hp_gain":0.0,"max_hp_loss":0.0,"gold_gain":30.0,"event_name":"Dead Adventurer","player_choice":"Searched \u00271\u0027 times","floor":13.0,"gold_loss":0.0,"damage_taken":0.0},{"damage_healed":0.0,"max_hp_gain":0.0,"max_hp_loss":0.0,"gold_gain":0.0,"event_name":"The Mausoleum","player_choice":"Opened","floor":20.0,"gold_loss":0.0,"damage_taken":0.0,"relics_obtained":["Frozen Egg 2"],"cards_obtained":["Writhe"]},{"damage_healed":0.0,"max_hp_gain":0.0,"max_hp_loss":0.0,"gold_gain":0.0,"event_name":"Upgrade Shrine","player_choice":"Upgraded","floor":22.0,"gold_loss":0.0,"damage_taken":0.0,"cards_upgraded":["Sweeping Beam"]},{"cards_removed":["FTL"],"damage_healed":33.0,"max_hp_gain":0.0,"max_hp_loss":0.0,"gold_gain":0.0,"event_name":"Bonfire Elementals","player_choice":"Offered Uncommon","floor":30.0,"gold_loss":0.0,"damage_taken":0.0},{"damage_healed":0.0,"max_hp_gain":0.0,"max_hp_loss":0.0,"gold_gain":0.0,"event_name":"Match and Keep!","player_choice":"0 cards matched","floor":36.0,"gold_loss":0.0,"damage_taken":0.0,"cards_obtained":[]},{"damage_healed":0.0,"max_hp_gain":0.0,"max_hp_loss":0.0,"gold_gain":0.0,"event_name":"Upgrade Shrine","player_choice":"Upgraded","floor":38.0,"gold_loss":0.0,"damage_taken":0.0,"cards_upgraded":["Go for the Eyes"]},{"damage_healed":0.0,"max_hp_gain":0.0,"max_hp_loss":0.0,"gold_gain":0.0,"event_name":"MindBloom","player_choice":"Fight","floor":45.0,"gold_loss":0.0,"damage_taken":0.0},{"damage_healed":62.0,"max_hp_gain":0.0,"max_hp_loss":14.0,"gold_gain":0.0,"event_name":"The Moai Head","player_choice":"Heal","floor":48.0,"gold_loss":0.0,"damage_taken":0.0}],"is_beta":true,"boss_relics":[{"not_picked":["White Beast Statue","Calling Bell"],"picked":"Nuclear Battery"},{"not_picked":["Velvet Choker","Eternal Feather"],"picked":"Busted Crown"}],"items_purged_floors":[21,37],"is_endless":false,"potions_floor_spawned":[5,8,14,16,18,27,31,33,35,47],"killed_by":"Awakened One","ascension_level":20}