{"gold_per_floor":[116,136,152,171,171,199,199,230,230,230,230,230,230,1,1,101,101,118,153,153,153,165,165,165,195,218,218,61,61,74,85,85,85],"floor_reached":33,"playtime":3597,"items_purged":[],"score":323,"play_id":"c425cf64-a9ac-42be-9bab-e48c549dfdda","local_time":"20190903235918","is_ascension_mode":true,"campfire_choices":[{"floor":7,"key":"REST"},{"floor":10,"key":"REST"},{"floor":13,"key":"REST"},{"data":"Caltrops","floor":15,"key":"SMITH"},{"floor":23,"key":"REST"},{"floor":27,"key":"REST"},{"floor":32,"key":"REST"}],"neow_cost":"NONE","seed_source_timestamp":502846902612600,"circlet_count":0,"master_deck":["Strike_G","Strike_G","Strike_G","Strike_G","Strike_G","Defend_G","Defend_G","Defend_G","Defend_G","Defend_G","Survivor","Neutralize","Flying Knee","Dagger Throw","Dagger Throw","Flying Knee","Unload","Dagger Throw","Caltrops+1","Die Die Die","Well Laid Plans+1","Blur","Dagger Throw","Terror+1","Escape Plan+1","Acrobatics+1","Acrobatics+1"],"relics":["Ring of the Snake","Torii","Pocketwatch","Mango","WingedGreaves","Happy Flower","Busted Crown","Red Mask","Toxic Egg 2","Meat on the Bone","Orichalcum","PreservedInsect"],"potions_floor_usage":[6,6,8,19,22,30],"damage_taken":[{"damage":16,"enemies":"Jaw Worm","floor":1,"turns":5},{"damage":3,"enemies":"Small Slimes","floor":2,"turns":4},{"damage":7,"enemies":"2 Louse","floor":3,"turns":2},{"damage":9,"enemies":"Red Slaver","floor":4,"turns":4},{"damage":24,"enemies":"Lagavulin","floor":6,"turns":9},{"damage":19,"enemies":"3 Sentries","floor":8,"turns":6},{"damage":52,"enemies":"Hexaghost","floor":16,"turns":8},{"damage":20,"enemies":"2 Thieves","floor":18,"turns":3},{"damage":22,"enemies":"Masked Bandits","floor":19,"turns":4},{"damage":1,"enemies":"Spheric Guardian","floor":22,"turns":3},{"damage":42,"enemies":"Slavers","floor":25,"turns":5},{"damage":10,"enemies":"3 Cultists","floor":30,"turns":5},{"damage":25,"enemies":"Sentry and Sphere","floor":31,"turns":4},{"damage":66,"enemies":"Automaton","floor":33,"turns":8}],"seed_played":"5275499560884992562","potions_obtained":[{"floor":0,"key":"Block Potion"},{"floor":0,"key":"SneckoOil"},{"floor":0,"key":"GamblersBrew"},{"floor":1,"key":"Ancient Potion"},{"floor":6,"key":"AttackPotion"},{"floor":18,"key":"GhostInAJar"},{"floor":19,"key":"FearPotion"}],"is_trial":false,"path_per_floor":["M","M","M","M","?","E","R","E","T","R","?","$","R","$","R","B",null,"M","?","?","?","M","R","?","E","T","R","$","?","M","M","R","B"],"character_chosen":"THE_SILENT","items_purchased":["Happy Flower","Caltrops","PreservedInsect"],"campfire_rested":6,"item_purchase_floors":[14,14,28],"current_hp_per_floor":[54,51,44,35,35,11,32,13,27,52,49,49,74,74,74,22,84,64,42,42,42,41,66,66,24,24,49,49,49,51,38,63,0],"gold":85,"neow_bonus":"THREE_SMALL_POTIONS","is_prod":false,"is_daily":false,"chose_seed":false,"campfire_upgraded":1,"win_rate":0,"timestamp":1567573158,"path_taken":["M","M","M","M","?","E","R","E","T","R","?","$","R","?","R","BOSS","M","?","?","?","?","R","?","E","T","R","?","?","M","M","R","BOSS"],"build_version":"2019-07-17","purchased_purges":0,"victory":false,"max_hp_per_floor":[70,70,70,70,70,70,70,70,84,84,84,84,84,84,84,84,84,84,84,84,84,84,84,84,84,84,84,84,84,84,84,84,84],"card_choices":[{"not_picked":["Calculated Gamble","Deflect"],"picked":"Flying Knee","floor":1},{"not_picked":["Poisoned Stab","Deadly Poison"],"picked":"Dagger Throw","floor":2},{"not_picked":["Finisher","Dodge and Roll"],"picked":"Dagger Throw","floor":3},{"not_picked":["PiercingWail","Bane"],"picked":"Flying Knee","floor":4},{"not_picked":["Acrobatics","Poisoned Stab"],"picked":"Unload","floor":6},{"not_picked":["Bane","Sucker Punch"],"picked":"Dagger Throw","floor":8},{"not_picked":["Storm of Steel","Glass Knife"],"picked":"Die Die Die","floor":16},{"not_picked":[],"picked":"Well Laid Plans+1","floor":18},{"not_picked":[],"picked":"Blur","floor":19},{"not_picked":[],"picked":"Dagger Throw","floor":22},{"not_picked":[],"picked":"Escape Plan+1","floor":25},{"not_picked":[],"picked":"Acrobatics+1","floor":30},{"not_picked":["Reflex+1"],"picked":"SKIP","floor":31}],"player_experience":403027,"relics_obtained":[{"floor":6,"key":"Torii"},{"floor":8,"key":"Pocketwatch"},{"floor":9,"key":"Mango"},{"floor":19,"key":"Red Mask"},{"floor":25,"key":"Meat on the Bone"},{"floor":26,"key":"Orichalcum"}],"event_choices":[{"damage_healed":0,"gold_gain":0,"player_choice":"Ignored","damage_taken":0,"max_hp_gain":0,"max_hp_loss":0,"event_name":"Shining Light","floor":5,"gold_loss":0},{"damage_healed":0,"gold_gain":0,"player_choice":"Success","damage_taken":3,"relics_obtained":["WingedGreaves"],"max_hp_gain":0,"max_hp_loss":0,"event_name":"Scrap Ooze","floor":11,"gold_loss":0},{"damage_healed":0,"gold_gain":0,"player_choice":"Fought Bandits","damage_taken":0,"max_hp_gain":0,"max_hp_loss":0,"event_name":"Masked Bandits","floor":19,"gold_loss":0},{"damage_healed":0,"gold_gain":0,"player_choice":"Opened","damage_taken":0,"relics_obtained":["Toxic Egg 2"],"max_hp_gain":0,"max_hp_loss":0,"event_name":"The Mausoleum","floor":20,"gold_loss":0},{"damage_healed":0,"gold_gain":0,"player_choice":"Ignored","damage_taken":0,"max_hp_gain":0,"max_hp_loss":0,"event_name":"Vampires","floor":21,"gold_loss":0},{"damage_healed":0,"gold_gain":0,"player_choice":"Read","damage_taken":0,"max_hp_gain":0,"max_hp_loss":0,"event_name":"The Library","floor":24,"gold_loss":0,"cards_obtained":["Terror"]},{"damage_healed":0,"gold_gain":0,"player_choice":"1 cards matched","damage_taken":0,"max_hp_gain":0,"max_hp_loss":0,"event_name":"Match and Keep!","floor":29,"gold_loss":0,"cards_obtained":["Acrobatics"]}],"is_beta":false,"boss_relics":[{"not_picked":["Black Star","Empty Cage"],"picked":"Busted Crown"}],"items_purged_floors":[],"is_endless":false,"potions_floor_spawned":[1,6,18,19],"killed_by":"Automaton","ascension_level":2}