{"gold_per_floor":[112,112,11,11,11,41,103,131,131,141,28,78,78,88,88,165,165,120,170,220,239,306,306,316,378,455,455,465,77,105,155,155,234,234,254,55,105,120,46,63,63,80,127,162,212,212,239,339,339,339,339,339,339,78,105,105],"floor_reached":57,"playtime":2610,"items_purged":["Strike_B","Strike_B","Dualcast"],"score":3087,"play_id":"3d11f331-8a84-4991-ba35-f89220e26f22","local_time":"20190817234210","is_ascension_mode":true,"campfire_choices":[{"data":"Defragment","floor":13.0,"key":"SMITH"},{"data":"Sunder","floor":15.0,"key":"SMITH"},{"data":"Heatsinks","floor":23.0,"key":"SMITH"},{"data":"Coolheaded","floor":27.0,"key":"SMITH"},{"data":"Recycle","floor":32.0,"key":"SMITH"},{"data":"Blizzard","floor":41.0,"key":"SMITH"},{"data":"Amplify","floor":46.0,"key":"SMITH"},{"floor":49.0,"key":"RECALL"},{"data":"Coolheaded","floor":53.0,"key":"SMITH"}],"neow_cost":"NONE","seed_source_timestamp":1749041640474468,"circlet_count":0,"master_deck":["AscendersBane","Defend_B","Defend_B","Zap","Recycle+1","Defragment+1","Coolheaded+1","Sunder+1","Coolheaded+1","Multi-Cast","Glacier","Heatsinks+1","Hologram","Echo Form","White Noise","White Noise+1","Amplify+1","Hologram","Coolheaded+1","Loop","Blizzard+1","Streamline+1","Electrodynamics","Turbo+1","Capacitor","Loop","Consume","Defragment","Turbo+1","Apotheosis","Undo","Hologram"],"special_seed":0,"relics":["Cracked Core","NeowsBlessing","Pear","SsserpentHead","Bird Faced Urn","DataDisk","Bottled Lightning","Coffee Dripper","Tiny Chest","Kunai","Mummified Hand","Symbiotic Virus","Sozu","Whetstone","Darkstone Periapt","Oddly Smooth Stone","Torii","Bag of Marbles"],"potions_floor_usage":[56],"damage_taken":[{"damage":0.0,"enemies":"Small Slimes","floor":1.0,"turns":1.0},{"damage":0.0,"enemies":"Gremlin Nob","floor":6.0,"turns":1.0},{"damage":0.0,"enemies":"Cultist","floor":7.0,"turns":1.0},{"damage":17.0,"enemies":"Lagavulin","floor":8.0,"turns":9.0},{"damage":9.0,"enemies":"2 Louse","floor":10.0,"turns":2.0},{"damage":0.0,"enemies":"Exordium Wildlife","floor":14.0,"turns":6.0},{"damage":0.0,"enemies":"Slime Boss","floor":16.0,"turns":9.0},{"damage":34.0,"enemies":"2 Thieves","floor":18.0,"turns":5.0},{"damage":1.0,"enemies":"3 Byrds","floor":21.0,"turns":5.0},{"damage":0.0,"enemies":"Snake Plant","floor":22.0,"turns":5.0},{"damage":3.0,"enemies":"Centurion and Healer","floor":24.0,"turns":8.0},{"damage":44.0,"enemies":"Gremlin Leader","floor":25.0,"turns":6.0},{"damage":21.0,"enemies":"Cultist and Chosen","floor":28.0,"turns":9.0},{"damage":4.0,"enemies":"Book of Stabbing","floor":30.0,"turns":5.0},{"damage":0.0,"enemies":"Automaton","floor":33.0,"turns":7.0},{"damage":0.0,"enemies":"3 Shapes","floor":35.0,"turns":2.0},{"damage":0.0,"enemies":"Orb Walker","floor":38.0,"turns":3.0},{"damage":0.0,"enemies":"Jaw Worm Horde","floor":40.0,"turns":3.0},{"damage":0.0,"enemies":"Maw","floor":42.0,"turns":5.0},{"damage":12.0,"enemies":"Reptomancer","floor":44.0,"turns":5.0},{"damage":0.0,"enemies":"Nemesis","floor":47.0,"turns":3.0},{"damage":0.0,"enemies":"2 Orb Walkers","floor":48.0,"turns":1.0},{"damage":62.0,"enemies":"Time Eater","floor":50.0,"turns":10.0},{"damage":46.0,"enemies":"Awakened One","floor":51.0,"turns":6.0},{"damage":0.0,"enemies":"Shield and Spear","floor":55.0,"turns":2.0},{"damage":84,"enemies":"The Heart","floor":56,"turns":9}],"seed_played":"195403790855953037","potions_obtained":[{"floor":1.0,"key":"Dexterity Potion"},{"floor":7.0,"key":"PowerPotion"},{"floor":14.0,"key":"Ancient Potion"},{"floor":20.0,"key":"AttackPotion"},{"floor":20.0,"key":"SkillPotion"},{"floor":21.0,"key":"FocusPotion"},{"floor":22.0,"key":"EssenceOfSteel"}],"is_trial":false,"path_per_floor":["M","?","$","?","?","E","M","E","T","M","$","?","R","M","R","B",null,"M","?","?","M","M","R","M","E","T","R","M","$","E","?","R","B",null,"M","$","?","M","$","M","R","M","T","E","T","R","E","?","R","B","B",null,"R","$","E","B",null],"character_chosen":"DEFECT","items_purchased":["Defragment","Coolheaded","Heatsinks","Mummified Hand","Capacitor","Consume","Apotheosis","Undo"],"campfire_rested":0,"item_purchase_floors":[3,3,11,29,36,39,54,54],"current_hp_per_floor":[64,48,48,48,48,48,48,33,33,24,24,24,24,28,28,36,70,42,42,42,47,57,57,66,42,42,42,35,35,49,49,49,65,77,81,81,81,81,81,81,81,81,81,75,75,75,81,81,81,45,25,67,67,67,81,23],"gold":105,"neow_bonus":"THREE_ENEMY_KILL","is_prod":false,"is_daily":false,"chose_seed":false,"campfire_upgraded":8,"win_rate":0,"timestamp":1566056530,"path_taken":["M","?","$","?","?","E","?","E","T","M","?","?","R","M","R","BOSS","M","?","?","M","?","R","M","E","T","R","M","$","E","?","R","BOSS","M","$","?","M","$","M","R","M","T","E","?","R","E","?","R","BOSS","BOSS","R","$","E","BOSS"],"build_version":"2019-07-17","purchased_purges":3,"victory":true,"max_hp_per_floor":[71,81,81,81,81,81,81,81,81,81,81,81,81,81,81,81,81,81,81,81,81,81,81,81,81,81,81,81,81,81,81,81,81,81,81,81,81,81,81,81,81,81,81,81,81,81,81,81,81,81,81,81,81,81,81,81],"card_choices":[{"not_picked":["Chill","Steam Power"],"picked":"Recycle","floor":1.0},{"not_picked":["Gash","Leap"],"picked":"Sunder","floor":6.0},{"not_picked":["Reinforced Body","Gash"],"picked":"Coolheaded","floor":7.0},{"not_picked":["Redo","Sweeping Beam"],"picked":"Multi-Cast","floor":8.0},{"not_picked":["Beam Cell","Redo"],"picked":"Glacier","floor":10.0},{"not_picked":["Reprogram","Streamline"],"picked":"Hologram","floor":14.0},{"not_picked":["All For One","Biased Cognition"],"picked":"Echo Form","floor":16.0},{"not_picked":["Go for the Eyes","Leap"],"picked":"White Noise","floor":18.0},{"not_picked":["Stack","Sweeping Beam","Barrage"],"picked":"SKIP","floor":21.0},{"not_picked":["Rip and Tear","Streamline"],"picked":"White Noise+1","floor":22.0},{"not_picked":["Rip and Tear","Steam"],"picked":"Amplify","floor":24.0},{"not_picked":["Cold Snap","FTL"],"picked":"Hologram","floor":25.0},{"not_picked":["Loop","Compile Driver"],"picked":"Coolheaded+1","floor":28.0},{"not_picked":["Scrape","FTL"],"picked":"Loop","floor":30.0},{"not_picked":["Multi-Cast","Creative AI"],"picked":"Electrodynamics","floor":33.0},{"not_picked":["Genetic Algorithm+1","Rebound"],"picked":"Turbo+1","floor":35.0},{"not_picked":["Reinforced Body","Force Field"],"picked":"Loop","floor":38.0},{"not_picked":["Sunder","Leap+1","Sweeping Beam"],"picked":"SKIP","floor":40.0},{"not_picked":["Sunder","Fusion"],"picked":"Defragment","floor":42.0},{"not_picked":["FTL","Sweeping Beam","Barrage"],"picked":"SKIP","floor":44.0},{"not_picked":["Gash+1","Cold Snap","Chaos+1"],"picked":"SKIP","floor":47.0},{"not_picked":["Auto Shields","Ball Lightning"],"picked":"Turbo+1","floor":48.0},{"not_picked":["Electrodynamics","Cold Snap+1"],"picked":"Hologram","floor":55.0}],"player_experience":2194010,"relics_obtained":[{"floor":6.0,"key":"Bird Faced Urn"},{"floor":8.0,"key":"DataDisk"},{"floor":9.0,"key":"Bottled Lightning"},{"floor":25.0,"key":"Tiny Chest"},{"floor":26.0,"key":"Kunai"},{"floor":30.0,"key":"Symbiotic Virus"},{"floor":44.0,"key":"Whetstone"},{"floor":45.0,"key":"Darkstone Periapt"},{"floor":47.0,"key":"Oddly Smooth Stone"},{"floor":48.0,"key":"Torii"},{"floor":55.0,"key":"Bag of Marbles"}],"event_choices":[{"damage_healed":0.0,"max_hp_gain":0.0,"max_hp_loss":0.0,"gold_gain":0.0,"event_name":"Scrap Ooze","player_choice":"Success","floor":2.0,"gold_loss":0.0,"damage_taken":26.0,"relics_obtained":["Pear"]},{"cards_removed":["Strike_B"],"damage_healed":0.0,"max_hp_gain":0.0,"max_hp_loss":0.0,"gold_gain":0.0,"event_name":"Living Wall","player_choice":"Forget","floor":4.0,"gold_loss":0.0,"damage_taken":0.0},{"damage_healed":0.0,"max_hp_gain":0.0,"max_hp_loss":0.0,"gold_gain":0.0,"event_name":"FaceTrader","player_choice":"Trade","floor":5.0,"gold_loss":0.0,"damage_taken":0.0,"relics_obtained":["SsserpentHead"]},{"damage_healed":0.0,"max_hp_gain":0.0,"max_hp_loss":0.0,"gold_gain":0.0,"event_name":"Shining Light","player_choice":"Ignored","floor":12.0,"gold_loss":0.0,"damage_taken":0.0},{"cards_removed":["Strike_B"],"damage_healed":0.0,"max_hp_gain":0.0,"max_hp_loss":0.0,"gold_gain":0.0,"event_name":"Back to Basics","player_choice":"Elegance","floor":19.0,"gold_loss":0.0,"damage_taken":0.0},{"damage_healed":0.0,"max_hp_gain":0.0,"max_hp_loss":0.0,"gold_gain":0.0,"event_name":"Lab","player_choice":"Got Potions","floor":20.0,"gold_loss":0.0,"damage_taken":0.0},{"damage_healed":0.0,"max_hp_gain":0.0,"max_hp_loss":0.0,"gold_gain":0.0,"cards_transformed":["Defend_B","Defend_B"],"event_name":"Drug Dealer","player_choice":"Became Test Subject","floor":31.0,"gold_loss":0.0,"damage_taken":0.0,"cards_obtained":["Blizzard","Streamline"]},{"damage_healed":0.0,"max_hp_gain":0.0,"max_hp_loss":0.0,"gold_gain":0.0,"event_name":"Tomb of Lord Red Mask","player_choice":"Ignored","floor":37.0,"gold_loss":0.0,"damage_taken":0.0},{"damage_healed":0.0,"max_hp_gain":0.0,"max_hp_loss":0.0,"gold_gain":0.0,"event_name":"Mysterious Sphere","player_choice":"Fight","floor":48.0,"gold_loss":0.0,"damage_taken":0.0}],"is_beta":false,"boss_relics":[{"not_picked":["Lizard Tail","Cursed Key"],"picked":"Coffee Dripper"},{"not_picked":["Snecko Eye","Busted Crown"],"picked":"Sozu"}],"items_purged_floors":[11,29,36],"is_endless":false,"potions_floor_spawned":[1,7,14,21,22,28,30,35,38,40,47],"ascension_level":20}