{"gold_per_floor":[111,111,286,236,161,161,161,175,175,186,201,234,234,247,247,350,350,361,373,373,216,233,233,233,88,88,108,108,124,224,224,224,224],"floor_reached":33,"playtime":2381,"items_purged":["Regret"],"score":270,"play_id":"40a1298c-2979-4a8e-bb39-4b4606dd79c0","local_time":"20190728105425","is_ascension_mode":true,"campfire_choices":[{"data":"Bash","floor":6,"key":"SMITH"},{"floor":13,"key":"REST"},{"data":"Twin Strike","floor":15,"key":"SMITH"},{"floor":23,"key":"REST"},{"floor":28,"key":"REST"},{"data":"Perfected Strike","floor":32,"key":"SMITH"}],"neow_cost":"NONE","seed_source_timestamp":1419823653436107,"circlet_count":0,"master_deck":["Strike_R+1","Strike_R+1","Strike_R+1","Strike_R+1","Strike_R+1","Defend_R+1","Defend_R+1","Defend_R+1","Defend_R+1","Bash+1","Clothesline","Twin Strike+1","Pommel Strike","Heavy Blade","Cleave","Rage","Juggernaut","Pommel Strike","Sword Boomerang+1","Sword Boomerang","Headbutt","Perfected Strike+1","Armaments"],"relics":["Burning Blood","Bronze Scales","Ornamental Fan","Lantern","Question Card","Omamori","Busted Crown","Vajra","MutagenicStrength","Strawberry","Champion Belt","Turnip","Meat on the Bone"],"potions_floor_usage":[33,33,33],"damage_taken":[{"damage":9,"enemies":"2 Louse","floor":1,"turns":3},{"damage":2,"enemies":"Jaw Worm","floor":8,"turns":4},{"damage":1,"enemies":"Small Slimes","floor":10,"turns":3},{"damage":6,"enemies":"Looter","floor":11,"turns":4},{"damage":26,"enemies":"3 Sentries","floor":12,"turns":7},{"damage":14,"enemies":"Large Slime","floor":14,"turns":4},{"damage":65,"enemies":"Hexaghost","floor":16,"turns":9},{"damage":27,"enemies":"3 Byrds","floor":18,"turns":3},{"damage":27,"enemies":"Spheric Guardian","floor":19,"turns":4},{"damage":19,"enemies":"Centurion and Healer","floor":22,"turns":4},{"damage":0,"enemies":"Cultist and Chosen","floor":27,"turns":3},{"damage":9,"enemies":"Snecko","floor":29,"turns":3},{"damage":2,"enemies":"Colosseum Slavers","floor":30,"turns":2},{"damage":3,"enemies":"Colosseum Nobs","floor":30,"turns":2},{"damage":123,"enemies":"Automaton","floor":33,"turns":10}],"seed_played":"5734881290988912983","potions_obtained":[{"floor":14,"key":"BloodPotion"},{"floor":16,"key":"Dexterity Potion"},{"floor":19,"key":"Regen Potion"}],"is_trial":false,"path_per_floor":["M","?","?","?","$","R","T","M","T","M","M","E","R","M","R","B",null,"M","M","?","$","M","R","?","$","T","M","R","M","?","$","R","B"],"character_chosen":"IRONCLAD","items_purchased":["Vajra","Strawberry"],"campfire_rested":3,"item_purchase_floors":[21,25],"current_hp_per_floor":[77,77,77,77,77,77,77,80,80,80,80,60,80,72,72,13,80,59,38,38,38,25,49,49,56,56,62,87,84,87,87,87,0],"gold":224,"neow_bonus":"RANDOM_COMMON_RELIC","is_prod":false,"is_daily":false,"chose_seed":false,"campfire_upgraded":3,"win_rate":0,"timestamp":1564329265,"path_taken":["M","?","?","?","?","R","?","M","T","M","?","E","R","M","R","BOSS","M","M","?","$","M","R","?","?","T","M","R","M","?","$","R","BOSS"],"build_version":"2019-07-17","purchased_purges":1,"victory":false,"max_hp_per_floor":[80,80,80,80,80,80,80,80,80,80,80,80,80,80,80,80,80,80,80,80,80,80,80,80,87,87,87,87,87,87,87,87,87],"card_choices":[{"not_picked":["True Grit","Shrug It Off"],"picked":"Clothesline","floor":1},{"not_picked":["Burning Pact","Clash"],"picked":"Twin Strike","floor":8},{"not_picked":["Corruption","Flex","Sentinel"],"picked":"Pommel Strike","floor":10},{"not_picked":["Ghostly Armor","True Grit","Havoc"],"picked":"Heavy Blade","floor":11},{"not_picked":["True Grit","Warcry","Clothesline"],"picked":"Cleave","floor":12},{"not_picked":["Brutality","Pommel Strike","Cleave"],"picked":"Rage","floor":14},{"not_picked":["Offering","Berserk","Barricade"],"picked":"Juggernaut","floor":16},{"not_picked":["Warcry"],"picked":"Pommel Strike","floor":18},{"not_picked":["Shrug It Off"],"picked":"Sword Boomerang+1","floor":19},{"not_picked":["Corruption+1"],"picked":"Sword Boomerang","floor":22},{"not_picked":["Sever Soul"],"picked":"Headbutt","floor":27},{"not_picked":["Sentinel"],"picked":"Perfected Strike","floor":29},{"not_picked":["Thunderclap"],"picked":"Armaments","floor":30}],"player_experience":212030,"relics_obtained":[{"floor":7,"key":"Lantern"},{"floor":9,"key":"Question Card"},{"floor":12,"key":"Omamori"},{"floor":26,"key":"Champion Belt"},{"floor":30,"key":"Turnip"},{"floor":30,"key":"Meat on the Bone"}],"event_choices":[{"damage_healed":0,"gold_gain":0,"player_choice":"Box","damage_taken":0,"relics_obtained":["Ornamental Fan"],"max_hp_gain":0,"max_hp_loss":0,"event_name":"Big Fish","floor":2,"gold_loss":0,"cards_obtained":["Regret"]},{"damage_healed":0,"gold_gain":175,"player_choice":"AGREE","damage_taken":0,"max_hp_gain":0,"max_hp_loss":0,"event_name":"Liars Game","floor":3,"gold_loss":0,"cards_obtained":["Doubt"]},{"cards_removed":["Doubt"],"damage_healed":0,"gold_gain":0,"player_choice":"Card Removal","damage_taken":0,"max_hp_gain":0,"max_hp_loss":0,"event_name":"The Cleric","floor":4,"gold_loss":50},{"damage_healed":0,"gold_gain":0,"player_choice":"Simplicity","damage_taken":0,"max_hp_gain":0,"max_hp_loss":0,"event_name":"Back to Basics","floor":20,"gold_loss":0,"cards_upgraded":["Strike_R","Strike_R","Strike_R","Strike_R","Strike_R","Defend_R","Defend_R","Defend_R","Defend_R"]},{"damage_healed":0,"gold_gain":0,"player_choice":"Inject Mutagens","damage_taken":0,"relics_obtained":["MutagenicStrength"],"max_hp_gain":0,"max_hp_loss":0,"event_name":"Drug Dealer","floor":24,"gold_loss":0},{"damage_healed":0,"gold_gain":0,"player_choice":"Fight","damage_taken":0,"max_hp_gain":0,"max_hp_loss":0,"event_name":"Colosseum","floor":30,"gold_loss":0},{"damage_healed":0,"gold_gain":0,"player_choice":"Fought Nobs","damage_taken":0,"max_hp_gain":0,"max_hp_loss":0,"event_name":"Colosseum","floor":30,"gold_loss":0}],"is_beta":false,"boss_relics":[{"not_picked":["Sozu","White Beast Statue"],"picked":"Busted Crown"}],"items_purged_floors":[5],"is_endless":false,"potions_floor_spawned":[14,16,19,27,30],"killed_by":"Automaton","ascension_level":2}