{"gold_per_floor":[209,209,484,494,669,669,682,682,706,246,271,271,67,29,29,145,145,127,127,127,52,52,52,111,129,209,209,277,327,327,353,353,353],"floor_reached":33,"playtime":2343,"items_purged":["Regret"],"score":316,"play_id":"10fc22bd-ced5-46a3-905f-6b3b2a8f134f","local_time":"20190703210113","is_ascension_mode":true,"campfire_choices":[{"floor":6,"key":"RECALL"},{"floor":12,"key":"REST"},{"floor":15,"key":"REST"},{"floor":23,"key":"REST"},{"floor":27,"key":"REST"},{"floor":30,"key":"REST"},{"floor":32,"key":"REST"}],"neow_cost":"NONE","seed_source_timestamp":1341939118491060,"circlet_count":0,"master_deck":["Strike_B","Strike_B+1","Strike_B","Strike_B","Defend_B","Defend_B","Defend_B","Defend_B+1","Zap","Dualcast","Beam Cell","Conserve Battery","Ball Lightning","Static Discharge","Rainbow","Ball Lightning+1","Gash","Stack","Go for the Eyes","Coolheaded","Barrage"],"relics":["Cracked Core","Shuriken","Toolbox","Mango","Membership Card","Eternal Feather","SsserpentHead","Tiny Chest","The Courier","Bottled Tornado"],"potions_floor_usage":[24,33,33,33],"damage_taken":[{"damage":0,"enemies":"Small Slimes","floor":1,"turns":4},{"damage":1,"enemies":"Cultist","floor":4,"turns":2},{"damage":16,"enemies":"2 Louse","floor":7,"turns":3},{"damage":33,"enemies":"3 Sentries","floor":11,"turns":7},{"damage":37,"enemies":"Slime Boss","floor":16,"turns":9},{"damage":23,"enemies":"2 Thieves","floor":18,"turns":4},{"damage":39,"enemies":"Book of Stabbing","floor":24,"turns":5},{"damage":18,"enemies":"Spheric Guardian","floor":25,"turns":4},{"damage":35,"enemies":"Centurion and Healer","floor":28,"turns":7},{"damage":45,"enemies":"Slavers","floor":31,"turns":5},{"damage":93,"enemies":"Champ","floor":33,"turns":8}],"seed_played":"-141778416953938759","potions_obtained":[{"floor":1,"key":"Ancient Potion"},{"floor":18,"key":"Regen Potion"},{"floor":24,"key":"Ancient Potion"},{"floor":31,"key":"Strength Potion"}],"is_trial":false,"path_per_floor":["M","?","?","M","?","R","M","?","T","$","E","R","$","$","R","B",null,"M","?","?","?","?","R","E","M","T","R","M","?","R","E","R","B"],"character_chosen":"DEFECT","items_purchased":["Shuriken","Toolbox","Membership Card"],"campfire_rested":6,"item_purchase_floors":[10,10,13],"current_hp_per_floor":[75,75,75,74,74,74,58,43,43,43,24,50,50,50,76,39,89,66,66,66,66,66,89,59,41,41,76,41,41,79,34,72,0],"gold":353,"neow_bonus":"HUNDRED_GOLD","is_prod":false,"is_daily":false,"chose_seed":false,"campfire_upgraded":0,"win_rate":0,"timestamp":1562205673,"path_taken":["M","?","?","?","?","R","M","?","T","$","E","R","?","$","R","BOSS","M","?","?","?","?","R","E","M","T","R","?","?","R","E","R","BOSS"],"build_version":"2019-07-01","purchased_purges":1,"victory":false,"max_hp_per_floor":[75,75,75,75,75,75,75,75,75,75,89,89,89,89,89,89,89,89,89,89,89,89,89,89,89,89,89,89,89,89,89,89,89],"card_choices":[{"not_picked":["Double Energy","Rebound"],"picked":"Beam Cell","floor":1},{"not_picked":["Reinforced Body","Rebound"],"picked":"Conserve Battery","floor":4},{"not_picked":["Turbo","Undo"],"picked":"Ball Lightning","floor":7},{"not_picked":["Rebound","Ball Lightning"],"picked":"Static Discharge","floor":11},{"not_picked":["Creative AI","Hyperbeam"],"picked":"Rainbow","floor":16},{"not_picked":["Reinforced Body","Skim"],"picked":"Ball Lightning+1","floor":18},{"not_picked":["Reboot","Heatsinks"],"picked":"Stack","floor":24},{"not_picked":["Coolheaded","Hologram"],"picked":"Go for the Eyes","floor":25},{"not_picked":["Genetic Algorithm","Barrage"],"picked":"Coolheaded","floor":28},{"not_picked":["Stack","Hologram+1"],"picked":"Barrage","floor":31}],"player_experience":100663,"relics_obtained":[{"floor":11,"key":"Mango"},{"floor":24,"key":"Tiny Chest"},{"floor":26,"key":"The Courier"},{"floor":31,"key":"Bottled Tornado"}],"event_choices":[{"damage_healed":0,"gold_gain":0,"player_choice":"Ignored","damage_taken":0,"max_hp_gain":0,"max_hp_loss":0,"event_name":"Golden Wing","floor":2,"gold_loss":0},{"damage_healed":0,"gold_gain":275,"player_choice":"Desecrate","damage_taken":0,"max_hp_gain":0,"max_hp_loss":0,"event_name":"Golden Shrine","floor":3,"gold_loss":0,"cards_obtained":["Regret"]},{"damage_healed":0,"gold_gain":175,"player_choice":"AGREE","damage_taken":0,"max_hp_gain":0,"max_hp_loss":0,"event_name":"Liars Game","floor":5,"gold_loss":0,"cards_obtained":["Doubt"]},{"damage_healed":0,"gold_gain":0,"player_choice":"Entered Light","damage_taken":15,"max_hp_gain":0,"max_hp_loss":0,"event_name":"Shining Light","floor":8,"gold_loss":0,"cards_upgraded":["Strike_B","Defend_B"]},{"damage_healed":0,"gold_gain":0,"player_choice":"Ignored","damage_taken":0,"max_hp_gain":0,"max_hp_loss":0,"event_name":"Ghosts","floor":19,"gold_loss":0},{"damage_healed":0,"gold_gain":0,"player_choice":"Read","damage_taken":0,"max_hp_gain":0,"max_hp_loss":0,"event_name":"The Library","floor":20,"gold_loss":0,"cards_obtained":["Gash"]},{"cards_removed":["Doubt"],"damage_healed":0,"gold_gain":0,"player_choice":"Gave Gold","damage_taken":0,"max_hp_gain":0,"max_hp_loss":0,"event_name":"Beggar","floor":21,"gold_loss":75},{"damage_healed":0,"gold_gain":0,"player_choice":"Trade","damage_taken":0,"relics_obtained":["SsserpentHead"],"max_hp_gain":0,"max_hp_loss":0,"event_name":"FaceTrader","floor":22,"gold_loss":0},{"damage_healed":0,"gold_gain":0,"player_choice":"Ignored","damage_taken":0,"max_hp_gain":0,"max_hp_loss":0,"event_name":"Vampires","floor":29,"gold_loss":0}],"is_beta":false,"boss_relics":[{"not_picked":["White Beast Statue","Cursed Key"],"picked":"Eternal Feather"}],"items_purged_floors":[14],"is_endless":false,"potions_floor_spawned":[1,18,24,31],"killed_by":"Champ","ascension_level":1}