{"gold_per_floor":[116,132,132,132,61,61,61,136,136,154,180,180,209,222,222,325,325,341,351,351,276,276],"floor_reached":22,"playtime":1438,"items_purged":["Regret"],"score":221,"play_id":"31d0ab28-d9b9-485d-b72c-35197ab437ac","local_time":"20190802201143","is_ascension_mode":true,"campfire_choices":[{"data":"Inflame","floor":6,"key":"SMITH"},{"floor":12,"key":"REST"},{"floor":15,"key":"REST"}],"neow_cost":"NONE","seed_source_timestamp":70981564251341,"circlet_count":0,"master_deck":["Strike_R","Strike_R","Strike_R","Strike_R","Strike_R","Defend_R+1","Defend_R","Defend_R","Defend_R+1","Bash","Perfected Strike","Clash","Inflame+1","Headbutt","Twin Strike","Inflame","Rampage","Demon Form","Headbutt+1","Carnage+1"],"relics":["Burning Blood","Orichalcum","War Paint","Paper Frog","Peace Pipe","Dream Catcher","Ginger","Eternal Feather","Nilry\u0027s Codex"],"potions_floor_usage":[11,13,16],"damage_taken":[{"damage":1,"enemies":"Cultist","floor":1,"turns":3},{"damage":7,"enemies":"Jaw Worm","floor":2,"turns":3},{"damage":0,"enemies":"Small Slimes","floor":10,"turns":3},{"damage":25,"enemies":"Gremlin Nob","floor":11,"turns":4},{"damage":35,"enemies":"Lagavulin","floor":13,"turns":6},{"damage":12,"enemies":"2 Fungi Beasts","floor":14,"turns":3},{"damage":70,"enemies":"The Guardian","floor":16,"turns":9},{"damage":43,"enemies":"Shell Parasite","floor":18,"turns":6},{"damage":26,"enemies":"Spheric Guardian","floor":19,"turns":4},{"damage":8,"enemies":"Centurion and Healer","floor":22,"turns":1}],"seed_played":"8389056777716026126","potions_obtained":[{"floor":2,"key":"EntropicBrew"},{"floor":10,"key":"AttackPotion"},{"floor":16,"key":"Fire Potion"}],"is_trial":false,"path_per_floor":["M","M","$","?","$","R","?","?","T","M","E","R","E","M","R","B",null,"M","M","?","$","M"],"character_chosen":"IRONCLAD","items_purchased":["Inflame"],"campfire_rested":2,"item_purchase_floors":[5],"current_hp_per_floor":[80,79,79,67,67,67,67,56,56,62,43,67,38,32,56,12,80,43,23,7,7,0],"gold":276,"neow_bonus":"RANDOM_COMMON_RELIC","is_prod":false,"is_daily":false,"chose_seed":false,"campfire_upgraded":1,"win_rate":0,"timestamp":1564794703,"path_taken":["M","?","$","?","$","R","?","?","T","M","E","R","E","M","R","BOSS","M","M","?","$","M"],"build_version":"2019-07-17","purchased_purges":1,"victory":false,"max_hp_per_floor":[80,80,80,80,80,80,80,80,80,80,80,80,80,80,80,80,80,80,80,80,80,80],"card_choices":[{"not_picked":["Twin Strike","Clothesline"],"picked":"Perfected Strike","floor":1},{"not_picked":["Flame Barrier","Power Through"],"picked":"Clash","floor":2},{"not_picked":["Hemokinesis","True Grit"],"picked":"Headbutt","floor":10},{"not_picked":["Pommel Strike","Armaments"],"picked":"Twin Strike","floor":11},{"not_picked":["Pommel Strike","Carnage"],"picked":"Inflame","floor":12},{"not_picked":["Shockwave","Flame Barrier","Headbutt"],"picked":"SKIP","floor":13},{"not_picked":["Disarm","Thunderclap"],"picked":"Rampage","floor":14},{"not_picked":["Feed","Barricade"],"picked":"Demon Form","floor":16},{"not_picked":["Havoc","Dropkick"],"picked":"Headbutt+1","floor":18},{"not_picked":["Headbutt","Uppercut"],"picked":"Carnage+1","floor":19}],"player_experience":266296,"relics_obtained":[{"floor":9,"key":"Peace Pipe"},{"floor":11,"key":"Dream Catcher"},{"floor":13,"key":"Ginger"},{"floor":20,"key":"Nilry\u0027s Codex"}],"event_choices":[{"damage_healed":0,"gold_gain":0,"player_choice":"Success","damage_taken":12,"relics_obtained":["War Paint"],"max_hp_gain":0,"max_hp_loss":0,"event_name":"Scrap Ooze","floor":4,"gold_loss":0},{"damage_healed":0,"gold_gain":0,"player_choice":"Box","damage_taken":0,"relics_obtained":["Paper Frog"],"max_hp_gain":0,"max_hp_loss":0,"event_name":"Big Fish","floor":7,"gold_loss":0,"cards_obtained":["Regret"]},{"damage_healed":0,"gold_gain":75,"player_choice":"Gather Gold","damage_taken":11,"max_hp_gain":0,"max_hp_loss":0,"event_name":"World of Goop","floor":8,"gold_loss":0},{"damage_healed":0,"gold_gain":0,"player_choice":"Obtained Book","damage_taken":16,"max_hp_gain":0,"max_hp_loss":0,"event_name":"Cursed Tome","floor":20,"gold_loss":0}],"is_beta":false,"boss_relics":[{"not_picked":["White Beast Statue","Orrery"],"picked":"Eternal Feather"}],"items_purged_floors":[21],"is_endless":false,"potions_floor_spawned":[2,10,16,18],"killed_by":"Centurion and Healer","ascension_level":3}