{"gold_per_floor":[114,124,199,211,221,221,238,272,272,272,287,287,301,312,312,413,413,423,348,175,175,187,187,206,232,232,232,265,265,299,319,319,424,424,434,453,353,372,390,416,416,416,492,512,525,69,122,422,422,422],"floor_reached":51,"playtime":7970,"items_purged":["Pain","Clumsy","Strike_R"],"score":766,"play_id":"5c4718b4-72f0-4df8-afbf-cadd809464b9","local_time":"20190809014937","is_ascension_mode":false,"campfire_choices":[{"data":"Rage","floor":6.0,"key":"SMITH"},{"floor":10.0,"key":"REST"},{"data":"Entrench","floor":12.0,"key":"SMITH"},{"data":"Armaments","floor":15.0,"key":"SMITH"},{"data":"Body Slam","floor":23.0,"key":"SMITH"},{"data":"Feel No Pain","floor":29.0,"key":"SMITH"},{"data":"Shockwave","floor":32,"key":"SMITH"},{"data":"Brutality","floor":41,"key":"SMITH"},{"data":"Anger","floor":49,"key":"SMITH"}],"neow_cost":"NONE","seed_source_timestamp":0,"circlet_count":0,"master_deck":["Strike_R","Strike_R","Strike_R","Strike_R","Defend_R","Defend_R","Defend_R","Defend_R","Bash","Entrench+1","Pommel Strike","Feel No Pain+1","Rage+1","True Grit","Pummel","Seeing Red","Warcry","Armaments+1","Feed","Shockwave+1","Anger+1","Warcry","RitualDagger","Body Slam+1","Burning Pact+1","Reaper","Second Wind+1","Shrug It Off+1","Feel No Pain","Brutality+1","Burning Pact+1","Seeing Red+1","Madness+1","Madness+1","Rupture+1","Inflame+1"],"special_seed":0,"relics":["Burning Blood","StoneCalendar","Self Forming Clay","Calling Bell","Regal Pillow","Meat on the Bone","Nunchaku","Toxic Egg 2","Bag of Preparation","Pantograph","Pocketwatch","Mark of Pain","Juzu Bracelet","Frozen Egg 2","Letter Opener","Incense Burner"],"potions_floor_usage":[31,36,39,50,50],"damage_taken":[{"damage":6.0,"enemies":"Jaw Worm","floor":1.0,"turns":6.0},{"damage":2.0,"enemies":"Small Slimes","floor":2.0,"turns":4.0},{"damage":2.0,"enemies":"2 Louse","floor":4.0,"turns":2.0},{"damage":11.0,"enemies":"Red Slaver","floor":5.0,"turns":3.0},{"damage":5.0,"enemies":"Looter","floor":7.0,"turns":3.0},{"damage":40.0,"enemies":"Lagavulin","floor":8.0,"turns":9.0},{"damage":1.0,"enemies":"Exordium Thugs","floor":11.0,"turns":4.0},{"damage":18.0,"enemies":"Gremlin Gang","floor":13.0,"turns":6.0},{"damage":4.0,"enemies":"2 Fungi Beasts","floor":14.0,"turns":5.0},{"damage":23.0,"enemies":"The Guardian","floor":16.0,"turns":15.0},{"damage":45.0,"enemies":"Chosen","floor":18.0,"turns":7.0},{"damage":15.0,"enemies":"3 Byrds","floor":22.0,"turns":7.0},{"damage":32.0,"enemies":"Snake Plant","floor":24.0,"turns":6.0},{"damage":30.0,"enemies":"Slavers","floor":25.0,"turns":7.0},{"damage":18.0,"enemies":"Gremlin Leader","floor":28.0,"turns":9.0},{"damage":22.0,"enemies":"Book of Stabbing","floor":30.0,"turns":7.0},{"damage":3,"enemies":"Shelled Parasite and Fungi","floor":31,"turns":7},{"damage":93,"enemies":"Champ","floor":33,"turns":19},{"damage":0,"enemies":"Orb Walker","floor":35,"turns":3},{"damage":8,"enemies":"3 Darklings","floor":36,"turns":4},{"damage":8,"enemies":"Writhing Mass","floor":38,"turns":6},{"damage":24,"enemies":"Transient","floor":39,"turns":5},{"damage":6,"enemies":"Nemesis","floor":40,"turns":7},{"damage":11,"enemies":"Maw","floor":44,"turns":8},{"damage":18,"enemies":"3 Darklings","floor":45,"turns":7},{"damage":13,"enemies":"2 Orb Walkers","floor":47,"turns":6},{"damage":38,"enemies":"Awakened One","floor":50,"turns":10}],"seed_played":"8696637178699331367","potions_obtained":[{"floor":1.0,"key":"Ancient Potion"},{"floor":4.0,"key":"FairyPotion"},{"floor":8.0,"key":"Explosive Potion"},{"floor":11.0,"key":"EntropicBrew"},{"floor":13.0,"key":"EssenceOfSteel"},{"floor":24.0,"key":"SneckoOil"},{"floor":30.0,"key":"EssenceOfSteel"},{"floor":33,"key":"PowerPotion"},{"floor":35,"key":"Fire Potion"},{"floor":38,"key":"Poison Potion"},{"floor":45,"key":"FearPotion"}],"is_trial":false,"path_per_floor":["M","M","?","M","M","R","M","E","T","R","M","R","M","M","R","B",null,"M","?","$","?","M","R","M","E","T","?","E","R","E","M","R","B",null,"M","M","$","M","M","E","R","?","T","M","M","$","?","?","R","B",null],"character_chosen":"IRONCLAD","items_purchased":["Anger","Warcry","Rupture+1","Letter Opener"],"campfire_rested":1,"item_purchase_floors":[20,20,46,46],"current_hp_per_floor":[88,88,77,81,76,76,77,43,43,69,74,74,62,64,64,47,88,61,61,61,55,58,58,44,35,35,91,89,89,77,80,80,24,94,94,94,94,92,80,83,83,71,71,71,80,80,85,85,85,77],"gold":422,"neow_bonus":"TEN_PERCENT_HP_BONUS","is_prod":false,"is_daily":false,"chose_seed":false,"campfire_upgraded":8,"win_rate":0.0,"timestamp":1565286577,"path_taken":["M","M","?","M","M","R","M","E","T","R","M","R","M","M","R","BOSS","M","?","$","?","M","R","M","E","T","?","E","R","E","?","R","BOSS","M","M","$","M","M","E","R","?","T","M","M","?","?","?","R","BOSS"],"build_version":"2019-07-17","purchased_purges":3,"victory":true,"max_hp_per_floor":[88,88,88,88,88,88,88,88,88,88,88,88,88,88,88,88,88,88,88,88,88,88,88,88,91,91,91,94,94,94,94,94,94,94,94,94,94,94,94,97,97,97,97,97,100,100,100,100,100,100],"card_choices":[{"not_picked":["Perfected Strike","Ghostly Armor"],"picked":"Entrench","floor":1.0},{"not_picked":["Shockwave","Warcry"],"picked":"Pommel Strike","floor":2.0},{"not_picked":["Uppercut","Clash"],"picked":"Feel No Pain","floor":4.0},{"not_picked":["True Grit","Shrug It Off"],"picked":"Rage","floor":5.0},{"not_picked":["Clash","Clothesline"],"picked":"True Grit","floor":7.0},{"not_picked":["Inflame","Armaments"],"picked":"Pummel","floor":8.0},{"not_picked":["Sword Boomerang","Clash"],"picked":"Seeing Red","floor":11.0},{"not_picked":["Sever Soul","True Grit"],"picked":"Warcry","floor":13.0},{"not_picked":["Headbutt","Flex"],"picked":"Armaments","floor":14.0},{"not_picked":["Juggernaut","Impervious"],"picked":"Feed","floor":16.0},{"not_picked":["Hemokinesis+1","Warcry"],"picked":"Shockwave","floor":18.0},{"not_picked":["Anger","True Grit+1"],"picked":"Body Slam","floor":22.0},{"not_picked":["Clash+1","Warcry+1"],"picked":"Burning Pact+1","floor":24.0},{"not_picked":["Disarm","Ghostly Armor"],"picked":"Reaper","floor":25.0},{"not_picked":["Iron Wave","Reckless Charge"],"picked":"Second Wind+1","floor":28.0},{"not_picked":["Rupture","Body Slam"],"picked":"Shrug It Off+1","floor":30.0},{"not_picked":["True Grit+1","Perfected Strike"],"picked":"Feel No Pain","floor":31},{"not_picked":["Berserk","Reaper"],"picked":"Brutality","floor":33},{"not_picked":["Armaments+1","Flex+1"],"picked":"Burning Pact+1","floor":35},{"not_picked":["Flex+1","Carnage","Thunderclap+1"],"picked":"SKIP","floor":36},{"not_picked":["Clash","True Grit+1","Clothesline"],"picked":"SKIP","floor":38},{"not_picked":["True Grit+1","Flex+1"],"picked":"Seeing Red+1","floor":39},{"not_picked":["Berserk","Sever Soul","Searing Blow"],"picked":"SKIP","floor":40},{"not_picked":["Twin Strike","Shockwave+1","Clash+1"],"picked":"SKIP","floor":44},{"not_picked":["Cleave+1","Iron Wave","Perfected Strike+1"],"picked":"SKIP","floor":45},{"not_picked":["Thunderclap","True Grit+1"],"picked":"Inflame+1","floor":47}],"player_experience":0,"relics_obtained":[{"floor":8.0,"key":"StoneCalendar"},{"floor":9.0,"key":"Self Forming Clay"},{"floor":17.0,"key":"Regal Pillow"},{"floor":17.0,"key":"Meat on the Bone"},{"floor":17.0,"key":"Nunchaku"},{"floor":25.0,"key":"Toxic Egg 2"},{"floor":26.0,"key":"Bag of Preparation"},{"floor":28.0,"key":"Pantograph"},{"floor":30.0,"key":"Pocketwatch"},{"floor":40,"key":"Juzu Bracelet"},{"floor":43,"key":"Frozen Egg 2"},{"floor":47,"key":"Incense Burner"}],"event_choices":[{"damage_healed":0.0,"max_hp_gain":0.0,"max_hp_loss":0.0,"gold_gain":75.0,"event_name":"World of Goop","player_choice":"Gather Gold","floor":3.0,"gold_loss":0.0,"damage_taken":11.0},{"cards_removed":["Shame"],"damage_healed":0.0,"max_hp_gain":0.0,"max_hp_loss":0.0,"gold_gain":0.0,"event_name":"Beggar","player_choice":"Gave Gold","floor":19.0,"gold_loss":75.0,"damage_taken":0.0},{"damage_healed":0.0,"max_hp_gain":0.0,"max_hp_loss":0.0,"gold_gain":0.0,"event_name":"Nest","player_choice":"Joined the Cult","floor":21.0,"gold_loss":0.0,"damage_taken":6.0,"cards_obtained":["RitualDagger"]},{"damage_healed":56.0,"max_hp_gain":0.0,"max_hp_loss":0.0,"gold_gain":0.0,"event_name":"Wheel of Change","player_choice":"Full Heal","floor":27.0,"gold_loss":0.0,"damage_taken":0.0},{"damage_healed":0,"gold_gain":0,"player_choice":"Embrace Madness","damage_taken":12,"max_hp_gain":0,"max_hp_loss":0,"event_name":"Winding Halls","floor":42,"gold_loss":0,"cards_obtained":["Madness","Madness"]},{"damage_healed":0,"gold_gain":0,"player_choice":"Fight","damage_taken":0,"max_hp_gain":0,"max_hp_loss":0,"event_name":"Mysterious Sphere","floor":47,"gold_loss":0},{"damage_healed":0,"gold_gain":300,"player_choice":"Gold","damage_taken":0,"max_hp_gain":0,"max_hp_loss":0,"event_name":"Wheel of Change","floor":48,"gold_loss":0}],"is_beta":false,"boss_relics":[{"not_picked":["Lizard Tail","Runic Pyramid"],"picked":"Calling Bell"},{"not_picked":["White Beast Statue","Coffee Dripper"],"picked":"Mark of Pain"}],"items_purged_floors":[20,37,46],"is_endless":false,"potions_floor_spawned":[1,4,8,11,13,24,30,33,35,38,45],"ascension_level":0}