{"gold_per_floor":[117,42,42,42,42,42,217,217,292,317,327,338,0,12,12,111,111,128,128,141,141,16,44,72,101,165,177,222,234,266,193,205,315,327,349,380,409,258,271,271,271],"floor_reached":41,"playtime":2298,"items_purged":["Strike_B","Doubt","Aggregate+1","Strike_B"],"score":458,"play_id":"599bb3b7-43da-4f3d-a6ae-38ac7dc43559","local_time":"20190603130747","is_ascension_mode":false,"campfire_choices":[{"floor":6,"key":"RECALL"},{"data":"Gash","floor":8,"key":"SMITH"},{"data":"Sweeping Beam","floor":15,"key":"SMITH"},{"floor":27,"key":"REST"},{"floor":29,"key":"REST"},{"floor":32,"key":"REST"},{"data":"Storm","floor":40,"key":"SMITH"}],"neow_cost":"NONE","seed_source_timestamp":253192339985087,"circlet_count":0,"master_deck":["Strike_B","Defend_B","Defend_B+1","Defend_B+1","Zap+1","Dualcast","Gash+1","Go for the Eyes","Leap","Core Surge","Sweeping Beam+1","Machine Learning","Conserve Battery+1","Writhe","Go for the Eyes","Static Discharge+1","Defragment","Force Field","Gash","Machine Learning","Storm+1","Storm","Machine Learning","Self Repair","Heatsinks","Gash","Static Discharge+1"],"relics":["Cracked Core","NeowsBlessing","Pocketwatch","Mummified Hand","Bronze Scales","Shuriken","Astrolabe","Happy Flower","MawBank","War Paint","The Courier","Orrery"],"potions_floor_usage":[12],"damage_taken":[{"damage":0,"enemies":"Small Slimes","floor":1,"turns":1},{"damage":0,"enemies":"Cultist","floor":4,"turns":1},{"damage":0,"enemies":"Lagavulin","floor":10,"turns":1},{"damage":3,"enemies":"Jaw Worm","floor":11,"turns":3},{"damage":4,"enemies":"Blue Slaver","floor":12,"turns":3},{"damage":3,"enemies":"Looter","floor":14,"turns":2},{"damage":33,"enemies":"Slime Boss","floor":16,"turns":7},{"damage":9,"enemies":"Chosen","floor":18,"turns":5},{"damage":10,"enemies":"3 Byrds","floor":20,"turns":4},{"damage":13,"enemies":"Book of Stabbing","floor":23,"turns":6},{"damage":7,"enemies":"Shelled Parasite and Fungi","floor":24,"turns":5},{"damage":16,"enemies":"3 Cultists","floor":25,"turns":4},{"damage":30,"enemies":"Gremlin Leader","floor":28,"turns":7},{"damage":0,"enemies":"Centurion and Healer","floor":30,"turns":6},{"damage":49,"enemies":"Champ","floor":33,"turns":11},{"damage":9,"enemies":"3 Shapes","floor":35,"turns":5},{"damage":10,"enemies":"3 Darklings","floor":36,"turns":4},{"damage":2,"enemies":"Transient","floor":37,"turns":5},{"damage":16,"enemies":"4 Shapes","floor":39,"turns":3},{"damage":62,"enemies":"Reptomancer","floor":41,"turns":3}],"seed_played":"-8468140737779501080","potions_obtained":[{"floor":1,"key":"Strength Potion"},{"floor":10,"key":"SteroidPotion"},{"floor":12,"key":"Fruit Juice"},{"floor":14,"key":"AttackPotion"},{"floor":24,"key":"Explosive Potion"},{"floor":30,"key":"Ancient Potion"}],"is_trial":false,"path_per_floor":["M","$","?","M","?","R","?","R","T","E","M","M","$","M","R","B",null,"M","?","M","?","$","E","M","M","T","R","E","R","M","?","R","B",null,"M","M","M","$","M","R","E"],"character_chosen":"DEFECT","items_purchased":["Shuriken","Gash"],"campfire_rested":3,"item_purchase_floors":[13,38],"current_hp_per_floor":[75,75,75,75,75,75,75,75,75,75,72,73,73,70,70,37,80,71,71,61,61,61,48,41,25,25,49,19,43,43,43,67,18,80,71,68,73,73,57,57,0],"gold":271,"neow_bonus":"THREE_ENEMY_KILL","is_prod":false,"is_daily":false,"chose_seed":false,"campfire_upgraded":3,"win_rate":0,"timestamp":1559592467,"path_taken":["M","$","?","?","?","R","?","R","T","E","M","M","$","M","R","BOSS","M","?","M","?","$","E","M","M","T","R","E","R","?","?","R","BOSS","M","M","M","$","M","R","E"],"build_version":"2019-01-23","purchased_purges":4,"victory":false,"max_hp_per_floor":[75,75,75,75,75,75,75,75,75,75,75,80,80,80,80,80,80,80,80,80,80,80,80,80,80,80,80,80,80,80,80,80,80,80,80,80,80,80,80,80,80],"card_choices":[{"not_picked":["Glacier","BootSequence"],"picked":"Gash","floor":1},{"not_picked":["Streamline","Conserve Battery"],"picked":"Go for the Eyes","floor":4},{"not_picked":["Conserve Battery","Redo"],"picked":"Leap","floor":10},{"not_picked":["Compile Driver","Barrage"],"picked":"Core Surge","floor":11},{"not_picked":["Barrage","Stack","Undo"],"picked":"SKIP","floor":12},{"not_picked":["Streamline","Beam Cell"],"picked":"Sweeping Beam","floor":14},{"not_picked":["Rainbow","Meteor Strike"],"picked":"Machine Learning","floor":16},{"not_picked":["Reprogram","Steam Power","Compile Driver"],"picked":"SKIP","floor":18},{"not_picked":["Cold Snap+1","Undo"],"picked":"Go for the Eyes","floor":20},{"not_picked":["Chill","Sweeping Beam"],"picked":"Static Discharge+1","floor":23},{"not_picked":["Cold Snap+1","Tempest"],"picked":"Defragment","floor":24},{"not_picked":["Rebound","Stack"],"picked":"Force Field","floor":25},{"not_picked":["Hologram","Lockon","Rip and Tear"],"picked":"SKIP","floor":28},{"not_picked":["Hologram","Darkness+1"],"picked":"Gash","floor":30},{"not_picked":["Fission","Rainbow"],"picked":"Machine Learning","floor":33},{"not_picked":["Stack","Beam Cell"],"picked":"Storm","floor":34},{"not_picked":["Hologram+1","Barrage"],"picked":"Storm","floor":34},{"not_picked":["Skim","Streamline"],"picked":"Machine Learning","floor":34},{"not_picked":["Coolheaded+1","Steam Power"],"picked":"Self Repair","floor":34},{"not_picked":["Coolheaded+1","Double Energy+1"],"picked":"Heatsinks","floor":35},{"not_picked":["Reboot","FTL","Coolheaded+1"],"picked":"SKIP","floor":36},{"not_picked":["Auto Shields","Sweeping Beam+1","Darkness"],"picked":"SKIP","floor":37},{"not_picked":["Blizzard+1","Go for the Eyes+1"],"picked":"Static Discharge+1","floor":39}],"player_experience":182961,"relics_obtained":[{"floor":9,"key":"Mummified Hand"},{"floor":10,"key":"Bronze Scales"},{"floor":23,"key":"MawBank"},{"floor":28,"key":"War Paint"}],"event_choices":[{"damage_healed":0,"gold_gain":0,"player_choice":"Upgraded","damage_taken":0,"max_hp_gain":0,"max_hp_loss":0,"event_name":"Upgrade Shrine","floor":3,"gold_loss":0,"cards_upgraded":["Zap"]},{"damage_healed":0,"gold_gain":0,"player_choice":"Box","damage_taken":0,"relics_obtained":["Pocketwatch"],"max_hp_gain":0,"max_hp_loss":0,"event_name":"Big Fish","floor":5,"gold_loss":0,"cards_obtained":["Regret"]},{"damage_healed":0,"gold_gain":175,"player_choice":"AGREE","damage_taken":0,"max_hp_gain":0,"max_hp_loss":0,"event_name":"Liars Game","floor":7,"gold_loss":0,"cards_obtained":["Doubt"]},{"damage_healed":0,"gold_gain":0,"player_choice":"Opened","damage_taken":0,"relics_obtained":["Happy Flower"],"max_hp_gain":0,"max_hp_loss":0,"event_name":"The Mausoleum","floor":19,"gold_loss":0,"cards_obtained":["Writhe"]},{"cards_removed":["Doubt"],"damage_healed":0,"gold_gain":0,"player_choice":"Purged","damage_taken":0,"max_hp_gain":0,"max_hp_loss":0,"event_name":"Purifier","floor":21,"gold_loss":0},{"damage_healed":0,"gold_gain":0,"player_choice":"Obtained Relic","damage_taken":0,"relics_obtained":["The Courier"],"max_hp_gain":0,"max_hp_loss":0,"event_name":"Addict","floor":31,"gold_loss":85}],"is_beta":false,"boss_relics":[{"not_picked":["Philosopher\u0027s Stone","Busted Crown"],"picked":"Astrolabe"},{"not_picked":["Eternal Feather","Nuclear Battery"],"picked":"Orrery"}],"items_purged_floors":[2,13,22,38],"is_endless":false,"potions_floor_spawned":[1,10,12,14,23,24,28,30,36],"killed_by":"Reptomancer","ascension_level":0}