{"gold_per_floor":[117,36,211,56,71,71,71,71,71,81,81,99,132,149,149,245,245,257,291,291,291,94,94,110,110,110,140,140,140,156,168,168,168],"floor_reached":33,"playtime":3010,"items_purged":[],"score":263,"play_id":"5fcf95f4-c54b-411b-baef-3fc5b9b5cf37","local_time":"20190630220926","is_ascension_mode":false,"campfire_choices":[{"data":"Backstab","floor":8,"key":"SMITH"},{"floor":15,"key":"REST"},{"floor":23,"key":"REST"},{"floor":25,"key":"REST"},{"floor":29,"key":"REST"},{"floor":32,"key":"REST"}],"neow_cost":"NONE","seed_source_timestamp":1086159460877255,"circlet_count":0,"master_deck":["Defend_G","Defend_G","Defend_G","Defend_G","Defend_G","Strike_G","Strike_G","Survivor","Neutralize","Heel Hook","Backstab+1","Doubt","Terror","Bullet Time","Well Laid Plans","Dagger Spray","Blade Dance","Glass Knife","Doppelganger+1","Bane+1","Bullet Time+1","Flying Knee","Slice","RitualDagger","Deflect","Dagger Throw+1","Noxious Fumes","Sucker Punch"],"relics":["Ring of the Snake","Orichalcum","Tingsha","Pear","Bird Faced Urn","StoneCalendar","Astrolabe","Red Mask","ClockworkSouvenir","The Courier","Question Card"],"potions_floor_usage":[11,13,16,16,18],"damage_taken":[{"damage":0,"enemies":"Cultist","floor":1,"turns":3},{"damage":0,"enemies":"Small Slimes","floor":5,"turns":5},{"damage":0,"enemies":"Jaw Worm","floor":10,"turns":2},{"damage":0,"enemies":"The Mushroom Lair","floor":11,"turns":1},{"damage":0,"enemies":"Looter","floor":12,"turns":3},{"damage":27,"enemies":"3 Sentries","floor":13,"turns":14},{"damage":21,"enemies":"Large Slime","floor":14,"turns":7},{"damage":30,"enemies":"Hexaghost","floor":16,"turns":11},{"damage":15,"enemies":"Spheric Guardian","floor":18,"turns":6},{"damage":43,"enemies":"Masked Bandits","floor":19,"turns":6},{"damage":14,"enemies":"3 Byrds","floor":24,"turns":6},{"damage":48,"enemies":"Slavers","floor":27,"turns":7},{"damage":5,"enemies":"Snecko","floor":30,"turns":4},{"damage":19,"enemies":"Shelled Parasite and Fungi","floor":31,"turns":4},{"damage":42,"enemies":"Collector","floor":33,"turns":3}],"seed_played":"2337263511266481264","potions_obtained":[{"floor":0,"key":"SmokeBomb"},{"floor":0,"key":"GhostInAJar"},{"floor":0,"key":"SkillPotion"},{"floor":13,"key":"LiquidBronze"},{"floor":14,"key":"Energy Potion"},{"floor":19,"key":"SneckoOil"},{"floor":30,"key":"Energy Potion"},{"floor":31,"key":"Block Potion"}],"is_trial":false,"path_per_floor":["M","$","?","$","M","?","T","R","T","M","?","M","E","M","R","B",null,"M","?","?","?","$","R","M","R","T","E","?","R","M","M","R","B"],"character_chosen":"THE_SILENT","items_purchased":["Backstab","Orichalcum","ClockworkSouvenir"],"campfire_rested":5,"item_purchase_floors":[2,4,22],"current_hp_per_floor":[70,70,70,70,70,67,77,77,77,77,77,77,52,31,55,27,80,65,24,24,18,18,42,28,52,52,4,4,28,25,8,32,0],"gold":168,"neow_bonus":"THREE_SMALL_POTIONS","is_prod":false,"is_daily":false,"chose_seed":false,"campfire_upgraded":1,"win_rate":0,"timestamp":1561950566,"path_taken":["M","?","?","$","M","?","?","R","T","M","?","M","E","M","R","BOSS","M","?","?","?","?","R","?","R","T","E","?","R","M","M","R","BOSS"],"build_version":"2019-01-23","purchased_purges":0,"victory":false,"max_hp_per_floor":[70,70,70,70,70,70,80,80,80,80,80,80,80,80,80,80,80,80,80,80,80,80,80,80,80,80,80,80,80,80,80,80,80],"card_choices":[{"not_picked":["Footwork","Prepared"],"picked":"Heel Hook","floor":1},{"not_picked":["Cloak And Dagger","Noxious Fumes"],"picked":"Terror","floor":5},{"not_picked":["Deadly Poison","Terror"],"picked":"Bullet Time","floor":10},{"not_picked":["Terror","Riddle With Holes"],"picked":"Well Laid Plans","floor":12},{"not_picked":["Dodge and Roll","Poisoned Stab"],"picked":"Dagger Spray","floor":13},{"not_picked":["Deadly Poison","Backflip"],"picked":"Blade Dance","floor":14},{"not_picked":["Bullet Time","Burst"],"picked":"Glass Knife","floor":16},{"not_picked":["Leg Sweep+1","Choke"],"picked":"Flying Knee","floor":18},{"not_picked":["Quick Slash","Deflect"],"picked":"Slice","floor":19},{"not_picked":["Deadly Poison","PiercingWail"],"picked":"Deflect","floor":24},{"not_picked":["Prepared","Heel Hook+1"],"picked":"Dagger Throw+1","floor":27},{"not_picked":["Heel Hook","Outmaneuver","Masterful Stab"],"picked":"Noxious Fumes","floor":30},{"not_picked":["Poisoned Stab","Reflex","Dodge and Roll+1"],"picked":"Sucker Punch","floor":31}],"player_experience":52843,"relics_obtained":[{"floor":7,"key":"Pear"},{"floor":9,"key":"Bird Faced Urn"},{"floor":13,"key":"StoneCalendar"},{"floor":19,"key":"Red Mask"},{"floor":26,"key":"The Courier"},{"floor":27,"key":"Question Card"}],"event_choices":[{"damage_healed":0,"gold_gain":175,"player_choice":"AGREE","damage_taken":0,"max_hp_gain":0,"max_hp_loss":0,"event_name":"Liars Game","floor":3,"gold_loss":0,"cards_obtained":["Doubt"]},{"damage_healed":0,"gold_gain":0,"player_choice":"Success","damage_taken":3,"relics_obtained":["Tingsha"],"max_hp_gain":0,"max_hp_loss":0,"event_name":"Scrap Ooze","floor":6,"gold_loss":0},{"damage_healed":0,"gold_gain":0,"player_choice":"Fought Mushrooms","damage_taken":0,"max_hp_gain":0,"max_hp_loss":0,"event_name":"Mushrooms","floor":11,"gold_loss":0},{"damage_healed":0,"gold_gain":0,"player_choice":"Fought Bandits","damage_taken":0,"max_hp_gain":0,"max_hp_loss":0,"event_name":"Masked Bandits","floor":19,"gold_loss":0},{"damage_healed":0,"gold_gain":0,"player_choice":"Ignored","damage_taken":0,"max_hp_gain":0,"max_hp_loss":0,"event_name":"Ghosts","floor":20,"gold_loss":0},{"damage_healed":0,"gold_gain":0,"player_choice":"Joined the Cult","damage_taken":6,"max_hp_gain":0,"max_hp_loss":0,"event_name":"Nest","floor":21,"gold_loss":0,"cards_obtained":["RitualDagger"]},{"damage_healed":0,"gold_gain":0,"player_choice":"Ignored","damage_taken":0,"max_hp_gain":0,"max_hp_loss":0,"event_name":"Vampires","floor":28,"gold_loss":0}],"is_beta":false,"boss_relics":[{"not_picked":["Orrery","White Beast Statue"],"picked":"Astrolabe"}],"items_purged_floors":[],"is_endless":false,"potions_floor_spawned":[11,13,14,19,30,31],"killed_by":"Collector","ascension_level":0}