{"gold_per_floor":[112,112,126,136,150,182,182,182],"floor_reached":8,"playtime":810,"items_purged":[],"score":61,"play_id":"41d51624-5d6e-4696-91bf-68dfa363b8f5","local_time":"20190904105618","is_ascension_mode":true,"campfire_choices":[],"neow_cost":"TEN_PERCENT_HP_LOSS","seed_source_timestamp":0,"circlet_count":0,"master_deck":["Strike_R","Strike_R","Strike_R","Strike_R","Defend_R","Defend_R","Bash","Shrug It Off","Twin Strike","Berserk+1","Cleave","Burning Pact"],"special_seed":0,"relics":["Burning Blood","Gremlin Horn"],"potions_floor_usage":[8,8],"damage_taken":[{"damage":6.0,"enemies":"Jaw Worm","floor":1.0,"turns":4.0},{"damage":0.0,"enemies":"Cultist","floor":3.0,"turns":3.0},{"damage":5.0,"enemies":"Small Slimes","floor":4.0,"turns":3.0},{"damage":33.0,"enemies":"Exordium Thugs","floor":5.0,"turns":8.0},{"damage":41,"enemies":"Lagavulin","floor":6,"turns":5},{"damage":17,"enemies":"3 Sentries","floor":8,"turns":4}],"seed_played":"4663612818186554906","potions_obtained":[{"floor":1.0,"key":"Fire Potion"},{"floor":6,"key":"Dexterity Potion"}],"is_trial":false,"path_per_floor":["M","?","M","M","M","E","?","E"],"character_chosen":"IRONCLAD","items_purchased":[],"campfire_rested":0,"item_purchase_floors":[],"current_hp_per_floor":[72,72,72,72,45,10,10,0],"gold":182,"neow_bonus":"REMOVE_TWO","is_prod":false,"is_daily":false,"chose_seed":false,"campfire_upgraded":0,"win_rate":0,"timestamp":1567565778,"path_taken":["M","?","M","M","M","E","?","E"],"build_version":"2019-07-17","purchased_purges":0,"victory":false,"max_hp_per_floor":[72,72,72,72,72,72,72,72],"card_choices":[{"not_picked":["True Grit","Armaments"],"picked":"Shrug It Off","floor":1.0},{"not_picked":["Wild Strike","Anger"],"picked":"Twin Strike","floor":3.0},{"not_picked":["Cleave","Body Slam"],"picked":"Berserk","floor":4.0},{"not_picked":["Blood for Blood","Shockwave"],"picked":"Cleave","floor":5},{"not_picked":["Corruption","Evolve"],"picked":"Burning Pact","floor":6}],"player_experience":48165,"relics_obtained":[{"floor":6,"key":"Gremlin Horn"}],"event_choices":[{"cards_removed":["Defend_R"],"damage_healed":0.0,"max_hp_gain":0.0,"max_hp_loss":0.0,"gold_gain":0.0,"event_name":"Living Wall","player_choice":"Forget","floor":2.0,"gold_loss":0.0,"damage_taken":0.0},{"damage_healed":0,"gold_gain":0,"player_choice":"Forge","damage_taken":0,"max_hp_gain":0,"max_hp_loss":0,"event_name":"Accursed Blacksmith","floor":7,"gold_loss":0,"cards_upgraded":["Berserk"]}],"is_beta":false,"boss_relics":[],"items_purged_floors":[],"is_endless":false,"potions_floor_spawned":[1,6],"killed_by":"3 Sentries","ascension_level":1}