{"gold_per_floor":[115,115,115,132,179,179,209,209,209,209,236,236,248,248,248,322,322,332,346,39,49,49,49,65,85,85,85,96,110,110,140,140,213,213,227,227,152,152,166,195,195,207,207,232,232,232,232,258,258,258,258,258,258,22,50,50],"floor_reached":57,"playtime":2144,"items_purged":["Strike_B+1","Defend_B"],"score":2882,"play_id":"f8379f75-084b-4140-b8f4-4c708e558c0e","local_time":"20190808123809","is_ascension_mode":true,"campfire_choices":[{"data":"Zap","floor":6.0,"key":"SMITH"},{"data":"Dualcast","floor":8.0,"key":"SMITH"},{"data":"Heatsinks","floor":10.0,"key":"SMITH"},{"data":"Static Discharge","floor":12.0,"key":"SMITH"},{"data":"Reboot","floor":15.0,"key":"SMITH"},{"data":"Defragment","floor":23.0,"key":"SMITH"},{"data":"Consume","floor":32.0,"key":"SMITH"},{"data":"Storm","floor":41.0,"key":"SMITH"},{"floor":46.0,"key":"RECALL"},{"data":"Thunder Strike","floor":49.0,"key":"SMITH"},{"data":"Undo","floor":53.0,"key":"SMITH"}],"neow_cost":"NONE","seed_source_timestamp":929093736673376,"circlet_count":0,"master_deck":["AscendersBane","Defend_B","Defend_B","Defend_B","Zap+1","Dualcast+1","Conserve Battery","Beam Cell+1","Reboot+1","Storm+1","Heatsinks+1","Genetic Algorithm","Static Discharge+1","Undo+1","Meteor Strike","Consume+1","Echo Form","Defragment+1","Compile Driver","Necronomicurse","Turbo+1","Electrodynamics","BootSequence+1","Compile Driver","Tempest+1","Redo+1","Seek+1","Heatsinks+1","Sunder+1","Multi-Cast+1","Compile Driver","Thunder Strike+1","Impatience+1","Forethought+1","Madness+1","Stack+1","Coolheaded+1","Storm","Biased Cognition"],"special_seed":0,"relics":["Cracked Core","NeowsBlessing","Bronze Scales","Matryoshka","Whetstone","Meat on the Bone","Ginger","Nuclear Battery","Toxic Egg 2","Necronomicon","Potion Belt","Thread and Needle","Turnip","Inserter","Pear","Gremlin Horn","Nunchaku","Lantern","Symbiotic Virus"],"potions_floor_usage":[56,56,56],"damage_taken":[{"damage":0.0,"enemies":"Small Slimes","floor":1.0,"turns":1.0},{"damage":0.0,"enemies":"2 Louse","floor":4.0,"turns":1.0},{"damage":0.0,"enemies":"Gremlin Nob","floor":7.0,"turns":1.0},{"damage":14.0,"enemies":"3 Sentries","floor":11.0,"turns":5.0},{"damage":0.0,"enemies":"Cultist","floor":13.0,"turns":3.0},{"damage":30.0,"enemies":"Hexaghost","floor":16.0,"turns":6.0},{"damage":3.0,"enemies":"Spheric Guardian","floor":18.0,"turns":5.0},{"damage":0.0,"enemies":"3 Byrds","floor":19.0,"turns":1.0},{"damage":5.0,"enemies":"Centurion and Healer","floor":21.0,"turns":5.0},{"damage":3.0,"enemies":"Snecko","floor":24.0,"turns":5.0},{"damage":14.0,"enemies":"3 Cultists","floor":25.0,"turns":5.0},{"damage":5.0,"enemies":"Shelled Parasite and Fungi","floor":28.0,"turns":4.0},{"damage":6.0,"enemies":"Snecko","floor":29.0,"turns":4.0},{"damage":10.0,"enemies":"Book of Stabbing","floor":31.0,"turns":3.0},{"damage":10.0,"enemies":"Collector","floor":33.0,"turns":5.0},{"damage":12.0,"enemies":"Orb Walker","floor":35.0,"turns":3.0},{"damage":0.0,"enemies":"3 Darklings","floor":39.0,"turns":2.0},{"damage":30.0,"enemies":"Reptomancer","floor":40.0,"turns":4.0},{"damage":14.0,"enemies":"4 Shapes","floor":42.0,"turns":3.0},{"damage":7.0,"enemies":"Nemesis","floor":44.0,"turns":5.0},{"damage":0.0,"enemies":"Giant Head","floor":48.0,"turns":4.0},{"damage":26.0,"enemies":"Awakened One","floor":50.0,"turns":5.0},{"damage":12.0,"enemies":"Time Eater","floor":51.0,"turns":4.0},{"damage":59.0,"enemies":"Shield and Spear","floor":55.0,"turns":4.0},{"damage":19,"enemies":"The Heart","floor":56,"turns":7}],"seed_played":"940815225167467980","potions_obtained":[{"floor":4.0,"key":"Explosive Potion"},{"floor":13.0,"key":"LiquidBronze"},{"floor":16.0,"key":"SpeedPotion"},{"floor":21.0,"key":"Poison Potion"},{"floor":28.0,"key":"Fire Potion"},{"floor":29.0,"key":"Energy Potion"},{"floor":31.0,"key":"Weak Potion"},{"floor":42.0,"key":"Ancient Potion"},{"floor":55.0,"key":"LiquidBronze"}],"is_trial":false,"path_per_floor":["M","?","?","M","T","R","E","R","T","R","E","R","M","?","R","B",null,"M","M","$","M","?","R","M","M","T","?","M","M","T","E","R","B",null,"M","?","$","?","M","E","R","M","T","E","?","R","?","E","R","B","B",null,"R","$","E","B",null],"character_chosen":"DEFECT","items_purchased":["Toxic Egg 2","Defragment","Coolheaded+1","Storm"],"campfire_rested":0,"item_purchase_floors":[20,20,54,54],"current_hp_per_floor":[64,64,64,64,64,64,64,64,64,64,50,50,50,50,50,32,61,58,58,58,53,32,32,41,39,39,39,46,40,40,42,42,44,64,52,52,52,52,52,44,44,42,42,47,47,47,37,49,49,35,35,67,67,67,20,13],"gold":50,"neow_bonus":"THREE_ENEMY_KILL","is_prod":false,"is_daily":false,"chose_seed":false,"campfire_upgraded":10,"win_rate":0,"timestamp":1565239089,"path_taken":["M","?","?","?","?","R","E","R","T","R","E","R","?","?","R","BOSS","M","?","$","M","?","R","M","M","T","?","?","M","?","E","R","BOSS","M","?","$","?","?","E","R","M","T","E","?","R","?","E","R","BOSS","BOSS","R","$","E","BOSS"],"build_version":"2019-07-17","purchased_purges":2,"victory":true,"max_hp_per_floor":[71,71,71,71,71,71,71,71,71,71,71,71,71,71,71,71,71,71,71,71,71,71,71,71,71,71,71,71,71,71,71,71,71,71,71,71,71,71,71,81,81,81,81,81,77,77,77,77,77,77,77,77,77,77,77,77],"card_choices":[{"not_picked":["Redo","Stack"],"picked":"Conserve Battery","floor":1.0},{"not_picked":["Leap","Go for the Eyes"],"picked":"Heatsinks","floor":4.0},{"not_picked":["Rebound","Redo"],"picked":"Genetic Algorithm","floor":7.0},{"not_picked":["Force Field","Reinforced Body"],"picked":"Static Discharge","floor":11.0},{"not_picked":["Hologram","Multi-Cast"],"picked":"Undo","floor":13.0},{"not_picked":["Core Surge","Machine Learning"],"picked":"Meteor Strike","floor":16.0},{"not_picked":["Barrage","Rebound"],"picked":"Consume","floor":18.0},{"not_picked":["Coolheaded","Redo"],"picked":"Echo Form","floor":19.0},{"not_picked":["Cold Snap","Go for the Eyes"],"picked":"Compile Driver","floor":21.0},{"not_picked":["Stack+1","Ball Lightning"],"picked":"Turbo+1","floor":24.0},{"not_picked":["Gash+1","Redo+1"],"picked":"Electrodynamics","floor":25.0},{"not_picked":["Steam+1","Turbo+1"],"picked":"Compile Driver","floor":28.0},{"not_picked":["Rebound","Conserve Battery+1"],"picked":"Tempest+1","floor":29.0},{"not_picked":["Conserve Battery+1","Go for the Eyes"],"picked":"Redo+1","floor":31.0},{"not_picked":["Biased Cognition","Meteor Strike"],"picked":"Seek+1","floor":33.0},{"not_picked":["Steam+1","Scrape","Redo+1"],"picked":"SKIP","floor":35.0},{"not_picked":["Rip and Tear+1","Turbo+1"],"picked":"Sunder+1","floor":39.0},{"not_picked":["Cold Snap+1","Ball Lightning+1"],"picked":"Multi-Cast+1","floor":40.0},{"not_picked":["Streamline","Beam Cell"],"picked":"Compile Driver","floor":42.0},{"not_picked":["Leap+1","Ball Lightning"],"picked":"Thunder Strike","floor":44.0},{"not_picked":["Transmutation+1","Panache"],"picked":"Impatience+1","floor":47.0},{"not_picked":["Dramatic Entrance","Secret Weapon+1"],"picked":"Forethought+1","floor":47.0},{"not_picked":["Good Instincts+1","Jack Of All Trades+1"],"picked":"Madness+1","floor":47.0},{"not_picked":["Gash","Tempest+1"],"picked":"Stack+1","floor":48.0},{"not_picked":["BootSequence+1","Leap+1"],"picked":"Biased Cognition","floor":55.0}],"player_experience":2115265,"relics_obtained":[{"floor":5.0,"key":"Bronze Scales"},{"floor":7.0,"key":"Matryoshka"},{"floor":9.0,"key":"Whetstone"},{"floor":9.0,"key":"Meat on the Bone"},{"floor":11.0,"key":"Ginger"},{"floor":22.0,"key":"Necronomicon"},{"floor":26.0,"key":"Potion Belt"},{"floor":26.0,"key":"Thread and Needle"},{"floor":31.0,"key":"Turnip"},{"floor":40.0,"key":"Pear"},{"floor":43.0,"key":"Gremlin Horn"},{"floor":44.0,"key":"Nunchaku"},{"floor":48.0,"key":"Lantern"},{"floor":55.0,"key":"Symbiotic Virus"}],"event_choices":[{"damage_healed":0.0,"max_hp_gain":0.0,"max_hp_loss":0.0,"gold_gain":0.0,"cards_transformed":["Strike_B"],"event_name":"Living Wall","player_choice":"Change","floor":2.0,"gold_loss":0.0,"damage_taken":0.0,"cards_obtained":["Beam Cell"]},{"damage_healed":0.0,"max_hp_gain":0.0,"max_hp_loss":0.0,"gold_gain":0.0,"event_name":"Match and Keep!","player_choice":"2 cards matched","floor":3.0,"gold_loss":0.0,"damage_taken":0.0,"cards_obtained":["Reboot","Storm"]},{"cards_removed":["Strike_B"],"damage_healed":0.0,"max_hp_gain":0.0,"max_hp_loss":0.0,"gold_gain":0.0,"event_name":"Purifier","player_choice":"Purged","floor":14.0,"gold_loss":0.0,"damage_taken":0.0},{"damage_healed":0.0,"max_hp_gain":0.0,"max_hp_loss":0.0,"gold_gain":0.0,"event_name":"Cursed Tome","player_choice":"Obtained Book","floor":22.0,"gold_loss":0.0,"damage_taken":21.0},{"damage_healed":0.0,"max_hp_gain":0.0,"max_hp_loss":0.0,"gold_gain":0.0,"cards_transformed":["Strike_B"],"event_name":"Transmorgrifier","player_choice":"Transformed","floor":27.0,"gold_loss":0.0,"damage_taken":0.0,"cards_obtained":["BootSequence"]},{"damage_healed":0.0,"max_hp_gain":0.0,"max_hp_loss":0.0,"gold_gain":0.0,"event_name":"Tomb of Lord Red Mask","player_choice":"Ignored","floor":36.0,"gold_loss":0.0,"damage_taken":0.0},{"damage_healed":0.0,"max_hp_gain":0.0,"max_hp_loss":0.0,"gold_gain":0.0,"event_name":"Duplicator","player_choice":"Copied","floor":38.0,"gold_loss":0.0,"damage_taken":0.0,"cards_obtained":["Heatsinks"]},{"damage_healed":0.0,"max_hp_gain":0.0,"max_hp_loss":4.0,"gold_gain":0.0,"event_name":"Winding Halls","player_choice":"Max HP","floor":45.0,"gold_loss":0.0,"damage_taken":0.0},{"damage_healed":0.0,"max_hp_gain":0.0,"max_hp_loss":0.0,"gold_gain":0.0,"event_name":"SensoryStone","player_choice":"Memory 3","floor":47.0,"gold_loss":0.0,"damage_taken":10.0}],"is_beta":false,"boss_relics":[{"not_picked":["Fusion Hammer","Cursed Key"],"picked":"Nuclear Battery"},{"not_picked":["Tiny House","Philosopher\u0027s Stone"],"picked":"Inserter"}],"items_purged_floors":[37,54],"is_endless":false,"potions_floor_spawned":[4,13,16,21,28,29,31,35,42,55],"ascension_level":20}