{"gold_per_floor":[111,161,172,172,42,69,81,81,81,110,128,144,177,177,177,251,251,265,265,283,283,293,293],"floor_reached":23,"playtime":739,"items_purged":[],"score":472,"play_id":"42d619fa-bfe5-41ac-8fed-27e1957ecd91","local_time":"20190826222117","is_ascension_mode":true,"campfire_choices":[{"data":"Fusion","floor":8,"key":"SMITH"},{"data":"Static Discharge","floor":15,"key":"SMITH"}],"neow_cost":"NONE","seed_source_timestamp":2523792640981405,"circlet_count":0,"master_deck":["AscendersBane","Strike_B","Defend_B","Defend_B","Defend_B","Defend_B","Zap","Dualcast","Cold Snap","Static Discharge+1","Fusion+1","Coolheaded","Defragment","Capacitor","White Noise","Thunder Strike","Hello World+1","Skim+1","FTL+1","Compile Driver","Barrage+1","Decay","Defragment"],"special_seed":0,"relics":["Cracked Core","NeowsBlessing","FossilizedHelix","Pear","Strawberry","Dream Catcher","Astrolabe","Unceasing Top"],"potions_floor_usage":[10],"damage_taken":[{"damage":0.0,"enemies":"Small Slimes","floor":1.0,"turns":1.0},{"damage":0,"enemies":"Cultist","floor":3,"turns":1},{"damage":0,"enemies":"3 Sentries","floor":6,"turns":1},{"damage":0,"enemies":"Jaw Worm","floor":7,"turns":4},{"damage":18,"enemies":"Lagavulin","floor":10,"turns":10},{"damage":12,"enemies":"Exordium Wildlife","floor":11,"turns":7},{"damage":4,"enemies":"Large Slime","floor":12,"turns":6},{"damage":18,"enemies":"3 Sentries","floor":13,"turns":11},{"damage":57,"enemies":"Hexaghost","floor":16,"turns":6},{"damage":14,"enemies":"Shell Parasite","floor":18,"turns":6},{"damage":23,"enemies":"2 Thieves","floor":20,"turns":3},{"damage":27,"enemies":"Shelled Parasite and Fungi","floor":22,"turns":5},{"damage":0,"enemies":"Slavers","floor":23,"turns":1}],"seed_played":"970527108072103085","potions_obtained":[{"floor":3,"key":"Block Potion"},{"floor":4,"key":"Ancient Potion"},{"floor":12,"key":"PowerPotion"}],"is_trial":false,"path_per_floor":["M","?","M","?","$","E","M","R","T","E","M","M","E","?","R","B",null,"M","T","M","?","M","E"],"character_chosen":"DEFECT","items_purchased":["Static Discharge","Fusion"],"campfire_rested":0,"item_purchase_floors":[5,5],"current_hp_per_floor":[64,57,57,57,57,57,57,57,67,56,44,40,22,88,88,31,74,60,60,37,37,10,10],"gold":293,"neow_bonus":"THREE_ENEMY_KILL","is_prod":false,"is_daily":false,"chose_seed":false,"campfire_upgraded":2,"win_rate":0,"timestamp":1566829277,"path_taken":["M","?","?","?","$","E","M","R","T","E","?","M","E","?","R","BOSS","M","?","M","?","M","E"],"build_version":"2019-07-17","purchased_purges":0,"victory":false,"max_hp_per_floor":[71,71,71,71,71,71,71,71,81,88,88,88,88,88,88,88,88,88,88,88,88,88,88],"card_choices":[{"not_picked":["Rip and Tear","Hologram"],"picked":"Cold Snap","floor":1.0},{"not_picked":["Storm","Barrage","Leap"],"picked":"SKIP","floor":3},{"not_picked":["Steam","Leap","Go for the Eyes"],"picked":"SKIP","floor":6},{"not_picked":["Cold Snap","Fusion"],"picked":"Coolheaded","floor":7},{"not_picked":["Electrodynamics","Cold Snap"],"picked":"Defragment","floor":10},{"not_picked":["Force Field","Barrage","Aggregate"],"picked":"SKIP","floor":11},{"not_picked":["Chaos","Consume"],"picked":"Capacitor","floor":12},{"not_picked":["Conserve Battery","Cold Snap"],"picked":"White Noise","floor":13},{"not_picked":["Multi-Cast","Rainbow"],"picked":"Thunder Strike","floor":16},{"not_picked":["BootSequence","Cold Snap"],"picked":"Compile Driver","floor":18},{"not_picked":["Darkness","Cold Snap"],"picked":"Barrage+1","floor":20},{"not_picked":["Sweeping Beam","Genetic Algorithm"],"picked":"Defragment","floor":22}],"player_experience":2245532,"relics_obtained":[{"floor":6,"key":"FossilizedHelix"},{"floor":9,"key":"Pear"},{"floor":10,"key":"Strawberry"},{"floor":13,"key":"Dream Catcher"},{"floor":19,"key":"Unceasing Top"}],"event_choices":[{"damage_healed":0,"gold_gain":50,"player_choice":"Touch","damage_taken":7,"max_hp_gain":0,"max_hp_loss":0,"event_name":"FaceTrader","floor":2,"gold_loss":0},{"damage_healed":0,"gold_gain":0,"player_choice":"Got Potions","damage_taken":0,"max_hp_gain":0,"max_hp_loss":0,"event_name":"Lab","floor":4,"gold_loss":0},{"damage_healed":66,"gold_gain":0,"player_choice":"Full Heal","damage_taken":0,"max_hp_gain":0,"max_hp_loss":0,"event_name":"Wheel of Change","floor":14,"gold_loss":0},{"damage_healed":0,"gold_gain":0,"player_choice":"Cursed","damage_taken":0,"max_hp_gain":0,"max_hp_loss":0,"event_name":"Wheel of Change","floor":21,"gold_loss":0,"cards_obtained":["Decay"]}],"is_beta":false,"boss_relics":[{"not_picked":["Philosopher\u0027s Stone","Orrery"],"picked":"Astrolabe"}],"items_purged_floors":[],"is_endless":false,"potions_floor_spawned":[3,12,13,16,18],"killed_by":"Slavers","ascension_level":20}