{"gold_per_floor":[110,110,130,142,67,142,169,188,213,213,213,213],"floor_reached":12,"playtime":246,"items_purged":[],"score":156,"play_id":"a8fedef6-1e46-41d2-8348-4203fddc22cb","local_time":"20190808102755","is_ascension_mode":true,"campfire_choices":[],"neow_cost":"NONE","seed_source_timestamp":925994679054348,"circlet_count":0,"master_deck":["AscendersBane","Strike_B","Strike_B","Defend_B","Defend_B","Defend_B","Defend_B","Zap","Dualcast","Glacier","Compile Driver","Hyperbeam","BootSequence"],"special_seed":0,"relics":["Cracked Core","NeowsBlessing","PreservedInsect","Bag of Marbles"],"potions_floor_usage":[],"damage_taken":[{"damage":0.0,"enemies":"2 Louse","floor":1.0,"turns":1.0},{"damage":0.0,"enemies":"Small Slimes","floor":3.0,"turns":1.0},{"damage":0.0,"enemies":"Cultist","floor":4.0,"turns":1.0},{"damage":24.0,"enemies":"Gremlin Nob","floor":7.0,"turns":4.0},{"damage":6.0,"enemies":"Blue Slaver","floor":8.0,"turns":4.0},{"damage":4,"enemies":"Lagavulin","floor":12,"turns":5}],"seed_played":"-2256363073640901608","potions_obtained":[{"floor":1.0,"key":"Weak Potion"},{"floor":4.0,"key":"AttackPotion"}],"is_trial":false,"path_per_floor":["M","?","M","M","?","?","E","M","T","?","?","E"],"character_chosen":"DEFECT","items_purchased":[],"campfire_rested":0,"item_purchase_floors":[],"current_hp_per_floor":[64,64,64,64,64,53,29,23,23,16,16,12],"gold":213,"neow_bonus":"THREE_ENEMY_KILL","is_prod":false,"is_daily":false,"chose_seed":false,"campfire_upgraded":0,"win_rate":0,"timestamp":1565231275,"path_taken":["M","?","M","M","?","?","E","M","T","?","?","E"],"build_version":"2019-07-17","purchased_purges":0,"victory":false,"max_hp_per_floor":[71,71,71,71,71,71,71,71,71,71,71,71],"card_choices":[{"not_picked":["Hello World","Hologram"],"picked":"Glacier","floor":1.0},{"not_picked":["Gash","White Noise"],"picked":"Compile Driver","floor":3.0},{"not_picked":["Gash","Streamline","Go for the Eyes"],"picked":"SKIP","floor":4.0},{"not_picked":["Gash","Streamline","Go for the Eyes"],"picked":"SKIP","floor":4.0},{"not_picked":["Steam","Redo"],"picked":"Hyperbeam","floor":7.0},{"not_picked":["Undo","Hello World"],"picked":"BootSequence","floor":8.0}],"player_experience":2113399,"relics_obtained":[{"floor":7.0,"key":"PreservedInsect"},{"floor":9.0,"key":"Bag of Marbles"}],"event_choices":[{"damage_healed":0.0,"max_hp_gain":0.0,"max_hp_loss":0.0,"gold_gain":0.0,"event_name":"Liars Game","player_choice":"Ignored","floor":2.0,"gold_loss":0.0,"damage_taken":0.0},{"cards_removed":["Strike_B"],"damage_healed":0.0,"max_hp_gain":0.0,"max_hp_loss":0.0,"gold_gain":0.0,"event_name":"The Cleric","player_choice":"Card Removal","floor":5.0,"gold_loss":75.0,"damage_taken":0.0},{"damage_healed":0.0,"max_hp_gain":0.0,"max_hp_loss":0.0,"gold_gain":75.0,"event_name":"World of Goop","player_choice":"Gather Gold","floor":6.0,"gold_loss":0.0,"damage_taken":11.0},{"cards_removed":["Strike_B"],"damage_healed":0.0,"max_hp_gain":0.0,"max_hp_loss":0.0,"gold_gain":0.0,"event_name":"Golden Wing","player_choice":"Card Removal","floor":10.0,"gold_loss":0.0,"damage_taken":7.0},{"damage_healed":0.0,"max_hp_gain":0.0,"max_hp_loss":0.0,"gold_gain":0.0,"event_name":"Scrap Ooze","player_choice":"Fled","floor":11.0,"gold_loss":0.0,"damage_taken":0.0}],"is_beta":false,"boss_relics":[],"items_purged_floors":[],"is_endless":false,"potions_floor_spawned":[1,4],"killed_by":"Lagavulin","ascension_level":20}