{"gold_per_floor":[110,123,136,311,321,321,346,346,346,378,378,390,404,42,42,142,142,156,156,167,186,205,205,223,223,247,273,81,81,101,113,113,113],"floor_reached":33,"playtime":5582,"items_purged":["Doubt"],"score":300,"play_id":"2fda667e-9de5-4e2e-a113-0ad92dd266d0","local_time":"20190804222505","is_ascension_mode":true,"campfire_choices":[{"data":"Rage","floor":6,"key":"SMITH"},{"data":"Bludgeon","floor":8,"key":"SMITH"},{"floor":15,"key":"REST"},{"floor":23,"key":"REST"},{"floor":29,"key":"REST"},{"floor":32,"key":"REST"}],"neow_cost":"NONE","seed_source_timestamp":247645210885921,"circlet_count":0,"master_deck":["Bash","Twin Strike","Shrug It Off","Rage+1","Pommel Strike","Bludgeon+1","Body Slam+1","Reaper+1","Inflame","Pommel Strike+1","Immolate+1","Metallicize","Hemokinesis+1","Anger+1","Uppercut+1","Berserk","Rampage+1","Pummel+1","Sentinel","Blood for Blood+1","Perfected Strike+1","Anger+1","Wild Strike+1","Pommel Strike+1","Headbutt+1","J.A.X.","Whirlwind+1","Steam","Outmaneuver"],"relics":["Burning Blood","Bottled Flame","Molten Egg 2","Pear","Turnip","Pandora\u0027s Box","Smiling Mask","Red Mask","PrismaticShard"],"potions_floor_usage":[7,21,27,27,30,33],"damage_taken":[{"damage":9,"enemies":"2 Louse","floor":1,"turns":3},{"damage":6,"enemies":"Cultist","floor":2,"turns":4},{"damage":4,"enemies":"Small Slimes","floor":3,"turns":4},{"damage":3,"enemies":"Exordium Wildlife","floor":5,"turns":5},{"damage":11,"enemies":"Gremlin Nob","floor":7,"turns":4},{"damage":45,"enemies":"3 Sentries","floor":10,"turns":8},{"damage":18,"enemies":"Large Slime","floor":12,"turns":5},{"damage":0,"enemies":"Blue Slaver","floor":13,"turns":3},{"damage":47,"enemies":"The Guardian","floor":16,"turns":8},{"damage":5,"enemies":"Spheric Guardian","floor":18,"turns":3},{"damage":14,"enemies":"3 Byrds","floor":20,"turns":3},{"damage":46,"enemies":"Centurion and Healer","floor":21,"turns":5},{"damage":26,"enemies":"Snake Plant","floor":22,"turns":2},{"damage":25,"enemies":"Sentry and Sphere","floor":24,"turns":5},{"damage":10,"enemies":"Masked Bandits","floor":27,"turns":3},{"damage":22,"enemies":"Centurion and Healer","floor":30,"turns":4},{"damage":28,"enemies":"Snake Plant","floor":31,"turns":3},{"damage":99,"enemies":"Collector","floor":33,"turns":7}],"seed_played":"-6555958165068141855","potions_obtained":[{"floor":0,"key":"Strength Potion"},{"floor":0,"key":"SkillPotion"},{"floor":0,"key":"Fire Potion"},{"floor":7,"key":"Dexterity Potion"},{"floor":12,"key":"EssenceOfSteel"},{"floor":24,"key":"LiquidBronze"},{"floor":31,"key":"BloodPotion"}],"is_trial":false,"path_per_floor":["M","M","M","?","M","R","E","R","T","E","?","M","M","$","R","B",null,"M","?","M","M","M","R","M","?","T","?","$","R","M","M","R","B"],"character_chosen":"IRONCLAD","items_purchased":["Turnip","PrismaticShard"],"campfire_rested":4,"item_purchase_floors":[14,28],"current_hp_per_floor":[77,77,79,79,80,80,75,75,75,46,46,34,47,47,74,33,90,90,90,82,42,24,51,32,32,32,28,28,55,39,17,44,0],"gold":113,"neow_bonus":"THREE_SMALL_POTIONS","is_prod":false,"is_daily":false,"chose_seed":false,"campfire_upgraded":2,"win_rate":0,"timestamp":1564975505,"path_taken":["M","M","M","?","M","R","E","R","T","E","?","M","?","$","R","BOSS","M","?","M","M","M","R","M","?","T","?","?","R","?","M","R","BOSS"],"build_version":"2019-07-17","purchased_purges":1,"victory":false,"max_hp_per_floor":[80,80,80,80,80,80,80,80,80,90,90,90,90,90,90,90,90,90,90,90,90,90,90,90,90,90,90,90,90,90,90,90,90],"card_choices":[{"not_picked":["Juggernaut","Wild Strike"],"picked":"Twin Strike","floor":1},{"not_picked":["Body Slam","Iron Wave"],"picked":"Shrug It Off","floor":2},{"not_picked":["Headbutt","Havoc"],"picked":"Rage","floor":3},{"not_picked":["Rage","Shrug It Off"],"picked":"Pommel Strike","floor":5},{"not_picked":["Havoc","Flex"],"picked":"Bludgeon","floor":7},{"not_picked":["Sentinel","Iron Wave+1"],"picked":"Body Slam+1","floor":10},{"not_picked":["Body Slam+1","Flex"],"picked":"Inflame","floor":12},{"not_picked":["Combust","Bloodletting"],"picked":"Pommel Strike+1","floor":13},{"not_picked":["Brutality","Exhume"],"picked":"Immolate+1","floor":16},{"not_picked":["Pummel+1","Iron Wave+1"],"picked":"Blood for Blood+1","floor":18},{"not_picked":["Shrug It Off","Spot Weakness"],"picked":"Anger+1","floor":20},{"not_picked":["Evolve","Body Slam+1"],"picked":"Wild Strike+1","floor":21},{"not_picked":["Shrug It Off","Battle Trance"],"picked":"Pommel Strike+1","floor":22},{"not_picked":["Flex","Corruption"],"picked":"Headbutt+1","floor":24},{"not_picked":["Heavy Blade+1","Carnage+1"],"picked":"Whirlwind+1","floor":27},{"not_picked":["Rage","Quick Slash+1"],"picked":"Steam","floor":30},{"not_picked":["Rage","Panacea"],"picked":"Outmaneuver","floor":31}],"player_experience":276207,"relics_obtained":[{"floor":7,"key":"Bottled Flame"},{"floor":9,"key":"Molten Egg 2"},{"floor":10,"key":"Pear"},{"floor":26,"key":"Smiling Mask"},{"floor":27,"key":"Red Mask"}],"event_choices":[{"damage_healed":0,"gold_gain":175,"player_choice":"AGREE","damage_taken":0,"max_hp_gain":0,"max_hp_loss":0,"event_name":"Liars Game","floor":4,"gold_loss":0,"cards_obtained":["Doubt"]},{"damage_healed":0,"gold_gain":0,"cards_transformed":["Defend_R"],"player_choice":"Transformed","damage_taken":0,"max_hp_gain":0,"max_hp_loss":0,"event_name":"Transmorgrifier","floor":11,"gold_loss":0,"cards_obtained":["Reaper"]},{"damage_healed":0,"gold_gain":0,"player_choice":"Read","damage_taken":0,"max_hp_gain":0,"max_hp_loss":0,"event_name":"The Library","floor":19,"gold_loss":0,"cards_obtained":["Perfected Strike"]},{"damage_healed":0,"gold_gain":0,"player_choice":"Obtain J.A.X.","damage_taken":0,"max_hp_gain":0,"max_hp_loss":0,"event_name":"Drug Dealer","floor":25,"gold_loss":0,"cards_obtained":["J.A.X."]},{"damage_healed":0,"gold_gain":0,"player_choice":"Fought Bandits","damage_taken":0,"max_hp_gain":0,"max_hp_loss":0,"event_name":"Masked Bandits","floor":27,"gold_loss":0}],"is_beta":false,"boss_relics":[{"not_picked":["Velvet Choker","Runic Dome"],"picked":"Pandora\u0027s Box"}],"items_purged_floors":[14],"is_endless":false,"potions_floor_spawned":[5,7,12,16,20,24,31],"killed_by":"Collector","ascension_level":3}