{"gold_per_floor":[146,27,44,54,54,54,68,68,68,95,127,52,52,72,72,146,146,164,5,5,5,36,36,50,50,50,50,67,112,33,65,65,65],"floor_reached":33,"playtime":705,"items_purged":["Strike_B"],"score":522,"play_id":"89966416-aa90-49a3-8b08-eea61f37dfab","local_time":"20190814143657","is_ascension_mode":true,"campfire_choices":[{"data":"Zap","floor":6.0,"key":"SMITH"},{"data":"Dualcast","floor":8.0,"key":"SMITH"},{"data":"Defragment","floor":13.0,"key":"SMITH"},{"data":"Recycle","floor":15.0,"key":"SMITH"},{"data":"Heatsinks","floor":23,"key":"SMITH"},{"floor":25,"key":"REST"},{"data":"Tempest","floor":32,"key":"SMITH"}],"neow_cost":"NONE","seed_source_timestamp":1459023450673811,"circlet_count":0,"master_deck":["AscendersBane","Strike_B","Strike_B","Strike_B","Defend_B","Defend_B","Defend_B","Defend_B","Zap+1","Dualcast+1","Ball Lightning","Heatsinks+1","Conserve Battery","Cold Snap","Recycle+1","Defragment+1","Meteor Strike","Tempest+1","Lockon","White Noise"],"special_seed":0,"relics":["Cracked Core","Tiny Chest","Ancient Tea Set","DataDisk","Letter Opener","Busted Crown","Enchiridion","Red Mask","Orichalcum","Meat on the Bone","Happy Flower","Pen Nib"],"potions_floor_usage":[22,33],"damage_taken":[{"damage":0.0,"enemies":"Small Slimes","floor":1.0,"turns":3.0},{"damage":2.0,"enemies":"Jaw Worm","floor":3.0,"turns":4.0},{"damage":1.0,"enemies":"Cultist","floor":4.0,"turns":4.0},{"damage":6.0,"enemies":"2 Fungi Beasts","floor":7.0,"turns":4.0},{"damage":29.0,"enemies":"Gremlin Nob","floor":11.0,"turns":4.0},{"damage":0.0,"enemies":"Large Slime","floor":14.0,"turns":3.0},{"damage":15.0,"enemies":"The Guardian","floor":16.0,"turns":9.0},{"damage":10.0,"enemies":"Chosen","floor":18.0,"turns":4.0},{"damage":7,"enemies":"Masked Bandits","floor":22,"turns":2},{"damage":0,"enemies":"Shell Parasite","floor":24,"turns":3},{"damage":0,"enemies":"Cultist and Chosen","floor":28,"turns":2},{"damage":32,"enemies":"Book of Stabbing","floor":31,"turns":4},{"damage":29,"enemies":"Automaton","floor":33,"turns":6}],"seed_played":"9124998233692492172","potions_obtained":[{"floor":3.0,"key":"SteroidPotion"},{"floor":11.0,"key":"Strength Potion"},{"floor":16.0,"key":"Energy Potion"},{"floor":18.0,"key":"Energy Potion"},{"floor":31,"key":"Fire Potion"}],"is_trial":false,"path_per_floor":["M","$","M","M","?","R","M","R","T","T","E","$","R","M","R","B",null,"M","$","?","?","?","R","M","R","T","T","M","T","$","E","R","B"],"character_chosen":"DEFECT","items_purchased":["Heatsinks","Defragment","Tempest","Lockon","White Noise"],"campfire_rested":1,"item_purchase_floors":[2,12,19,19,30],"current_hp_per_floor":[64,64,62,61,61,61,55,55,55,55,26,26,26,26,26,11,56,46,46,25,25,18,18,18,39,39,39,39,39,39,19,19,0],"gold":65,"neow_bonus":"RANDOM_COMMON_RELIC","is_prod":false,"is_daily":false,"chose_seed":false,"campfire_upgraded":6,"win_rate":0,"timestamp":1565764617,"path_taken":["M","$","M","M","?","R","M","R","T","?","E","?","R","M","R","BOSS","M","?","?","?","?","R","M","R","T","?","M","?","?","E","R","BOSS"],"build_version":"2019-07-17","purchased_purges":1,"victory":false,"max_hp_per_floor":[71,71,71,71,71,71,71,71,71,71,71,71,71,71,71,71,71,71,71,71,71,71,71,71,71,71,71,71,71,71,71,71,71],"card_choices":[{"not_picked":["Static Discharge","Fusion"],"picked":"Ball Lightning","floor":1.0},{"not_picked":["Barrage","Hologram"],"picked":"Conserve Battery","floor":3.0},{"not_picked":["Aggregate","Rebound","Blizzard"],"picked":"SKIP","floor":4.0},{"not_picked":["Gash","Redo"],"picked":"Cold Snap","floor":7.0},{"not_picked":["Leap","FTL"],"picked":"Recycle","floor":11.0},{"not_picked":["Auto Shields","Redo","Rebound"],"picked":"SKIP","floor":14.0},{"not_picked":["Reboot","Multi-Cast"],"picked":"Meteor Strike","floor":16.0},{"not_picked":["Cold Snap"],"picked":"SKIP","floor":18.0},{"not_picked":["Conserve Battery"],"picked":"SKIP","floor":24},{"not_picked":["Stack"],"picked":"SKIP","floor":28},{"not_picked":["Cold Snap"],"picked":"SKIP","floor":31}],"player_experience":2156600,"relics_obtained":[{"floor":9.0,"key":"Ancient Tea Set"},{"floor":10.0,"key":"DataDisk"},{"floor":11.0,"key":"Letter Opener"},{"floor":20.0,"key":"Enchiridion"},{"floor":22,"key":"Red Mask"},{"floor":26,"key":"Orichalcum"},{"floor":27,"key":"Meat on the Bone"},{"floor":29,"key":"Happy Flower"},{"floor":31,"key":"Pen Nib"}],"event_choices":[{"damage_healed":0.0,"max_hp_gain":0.0,"max_hp_loss":0.0,"gold_gain":0.0,"event_name":"Liars Game","player_choice":"Ignored","floor":5.0,"gold_loss":0.0,"damage_taken":0.0},{"damage_healed":0.0,"max_hp_gain":0.0,"max_hp_loss":0.0,"gold_gain":0.0,"event_name":"Cursed Tome","player_choice":"Obtained Book","floor":20.0,"gold_loss":0.0,"damage_taken":21.0},{"damage_healed":0.0,"max_hp_gain":0.0,"max_hp_loss":0.0,"gold_gain":0.0,"event_name":"Vampires","player_choice":"Ignored","floor":21.0,"gold_loss":0.0,"damage_taken":0.0},{"damage_healed":0,"gold_gain":0,"player_choice":"Fought Bandits","damage_taken":0,"max_hp_gain":0,"max_hp_loss":0,"event_name":"Masked Bandits","floor":22,"gold_loss":0}],"is_beta":false,"boss_relics":[{"not_picked":["Fusion Hammer","Calling Bell"],"picked":"Busted Crown"}],"items_purged_floors":[2],"is_endless":false,"potions_floor_spawned":[3,11,16,18,31],"killed_by":"Automaton","ascension_level":20}