{"gold_per_floor":[110,285,8,19,19,53,53,111,165,194,194,211,211,230,230,328,328,346,362,287,298,298],"floor_reached":22,"playtime":989,"items_purged":["Strike_B"],"score":219,"play_id":"3f823600-7847-4dd5-a9f4-950455271c0f","local_time":"20190603155911","is_ascension_mode":false,"campfire_choices":[{"data":"Capacitor","floor":7,"key":"SMITH"},{"floor":11,"key":"REST"},{"floor":13,"key":"REST"},{"data":"Tempest","floor":15,"key":"SMITH"}],"neow_cost":"NONE","seed_source_timestamp":264786686400813,"circlet_count":0,"master_deck":["Strike_B","Strike_B","Strike_B","Defend_B","Defend_B","Defend_B","Defend_B","Zap","Dualcast","Sunder","Doubt","Capacitor+1","Sunder","Electrodynamics","Gash","Tempest+1","Gash","Thunder Strike","Capacitor"],"relics":["Cracked Core","NeowsBlessing","Mercury Hourglass","Bottled Flame","Bag of Preparation","Blood Vial","Dodecahedron","Nuclear Battery"],"potions_floor_usage":[],"damage_taken":[{"damage":0,"enemies":"Small Slimes","floor":1,"turns":1},{"damage":0,"enemies":"Jaw Worm","floor":4,"turns":1},{"damage":0,"enemies":"3 Sentries","floor":6,"turns":1},{"damage":32,"enemies":"Lagavulin Event","floor":8,"turns":5},{"damage":35,"enemies":"Lagavulin","floor":10,"turns":6},{"damage":1,"enemies":"Cultist","floor":12,"turns":3},{"damage":7,"enemies":"2 Fungi Beasts","floor":14,"turns":2},{"damage":44,"enemies":"The Guardian","floor":16,"turns":8},{"damage":19,"enemies":"Shell Parasite","floor":18,"turns":5},{"damage":35,"enemies":"2 Thieves","floor":19,"turns":3},{"damage":23,"enemies":"Centurion and Healer","floor":21,"turns":5},{"damage":7,"enemies":"Snake Plant","floor":22,"turns":1}],"seed_played":"2029119498589612878","potions_obtained":[{"floor":10,"key":"Explosive Potion"},{"floor":12,"key":"Block Potion"},{"floor":16,"key":"Energy Potion"}],"is_trial":false,"path_per_floor":["M","?","$","M","$","E","R","?","T","E","R","M","R","M","R","B",null,"M","M","$","M","M"],"character_chosen":"DEFECT","items_purchased":["Mercury Hourglass","Capacitor"],"campfire_rested":2,"item_purchase_floors":[3,3],"current_hp_per_floor":[75,75,75,75,75,75,75,43,43,10,32,33,55,50,50,8,75,56,23,23,2,0],"gold":298,"neow_bonus":"THREE_ENEMY_KILL","is_prod":false,"is_daily":false,"chose_seed":false,"campfire_upgraded":2,"win_rate":0,"timestamp":1559602751,"path_taken":["M","?","$","M","$","E","R","?","T","E","R","M","R","M","R","BOSS","M","M","$","M","M"],"build_version":"2019-01-23","purchased_purges":1,"victory":false,"max_hp_per_floor":[75,75,75,75,75,75,75,75,75,75,75,75,75,75,75,75,75,75,75,75,75,75],"card_choices":[{"not_picked":["Rebound","Auto Shields"],"picked":"Sunder","floor":1},{"not_picked":["Compile Driver","Double Energy"],"picked":"Sunder","floor":4},{"not_picked":["Sweeping Beam","Skim"],"picked":"Electrodynamics","floor":6},{"not_picked":["Sunder","Coolheaded"],"picked":"Gash","floor":8},{"not_picked":["Compile Driver","Recycle","Sunder"],"picked":"SKIP","floor":10},{"not_picked":["Leap","Hologram"],"picked":"Tempest","floor":12},{"not_picked":["Steam","Sweeping Beam"],"picked":"Gash","floor":14},{"not_picked":["Creative AI","Rainbow"],"picked":"Thunder Strike","floor":16},{"not_picked":["Stack","Beam Cell"],"picked":"Capacitor","floor":18},{"not_picked":["Streamline","Coolheaded","Hello World"],"picked":"SKIP","floor":19},{"not_picked":["Beam Cell","Sweeping Beam","Ball Lightning"],"picked":"SKIP","floor":21}],"player_experience":185975,"relics_obtained":[{"floor":6,"key":"Bottled Flame"},{"floor":8,"key":"Bag of Preparation"},{"floor":9,"key":"Blood Vial"},{"floor":10,"key":"Dodecahedron"}],"event_choices":[{"damage_healed":0,"gold_gain":175,"player_choice":"AGREE","damage_taken":0,"max_hp_gain":0,"max_hp_loss":0,"event_name":"Liars Game","floor":2,"gold_loss":0,"cards_obtained":["Doubt"]},{"damage_healed":0,"gold_gain":0,"player_choice":"Searched \u00272\u0027 times","damage_taken":0,"max_hp_gain":0,"max_hp_loss":0,"event_name":"Dead Adventurer","floor":8,"gold_loss":0}],"is_beta":false,"boss_relics":[{"not_picked":["Eternal Feather","Calling Bell"],"picked":"Nuclear Battery"}],"items_purged_floors":[20],"is_endless":false,"potions_floor_spawned":[10,12,16,21],"killed_by":"Snake Plant","ascension_level":0}