{"gold_per_floor":[119,119,131,43,55,55,67,67,67,82,82,82,116,130,130,130],"floor_reached":16,"playtime":712,"items_purged":[],"score":102,"play_id":"d38eccde-5ac7-4aca-bd5d-5cd58724c536","local_time":"20190603162215","is_ascension_mode":false,"campfire_choices":[{"data":"Echo Form","floor":6,"key":"SMITH"},{"data":"Sweeping Beam","floor":8,"key":"SMITH"},{"floor":15,"key":"REST"}],"neow_cost":"NONE","seed_source_timestamp":266448637241433,"circlet_count":0,"master_deck":["Strike_B","Strike_B+1","Strike_B","Strike_B","Defend_B","Defend_B","Defend_B+1","Defend_B","Zap","Dualcast","Echo Form+1","Loop","Sweeping Beam","Loop","Storm+1","Sweeping Beam+1","Amplify"],"relics":["Cracked Core","Pocketwatch","StoneCalendar"],"potions_floor_usage":[],"damage_taken":[{"damage":1,"enemies":"Jaw Worm","floor":1,"turns":4},{"damage":0,"enemies":"2 Louse","floor":3,"turns":2},{"damage":7,"enemies":"Cultist","floor":5,"turns":4},{"damage":13,"enemies":"2 Fungi Beasts","floor":7,"turns":3},{"damage":1,"enemies":"3 Louse","floor":10,"turns":2},{"damage":28,"enemies":"Lagavulin","floor":13,"turns":7},{"damage":5,"enemies":"Red Slaver","floor":14,"turns":3},{"damage":27,"enemies":"Hexaghost","floor":16,"turns":7}],"seed_played":"-4844529825516204855","potions_obtained":[{"floor":10,"key":"Energy Potion"}],"is_trial":false,"path_per_floor":["M","?","M","$","M","R","M","R","T","M","?","?","E","M","R","B"],"character_chosen":"DEFECT","items_purchased":["Sweeping Beam","Loop"],"campfire_rested":1,"item_purchase_floors":[4,4],"current_hp_per_floor":[74,59,59,59,52,52,39,39,39,38,38,38,10,5,27,0],"gold":130,"neow_bonus":"ONE_RANDOM_RARE_CARD","is_prod":false,"is_daily":false,"chose_seed":false,"campfire_upgraded":2,"win_rate":0,"timestamp":1559604135,"path_taken":["M","?","M","$","M","R","M","R","T","M","?","?","E","M","R","BOSS"],"build_version":"2019-01-23","purchased_purges":0,"victory":false,"max_hp_per_floor":[75,75,75,75,75,75,75,75,75,75,75,75,75,75,75,75],"card_choices":[{"not_picked":["Go for the Eyes","Recycle","Leap"],"picked":"SKIP","floor":1},{"not_picked":["Streamline","Go for the Eyes"],"picked":"Loop","floor":3},{"not_picked":["Steam Power","Sunder"],"picked":"Storm","floor":5},{"not_picked":["Cold Snap","Streamline"],"picked":"Sweeping Beam","floor":7},{"not_picked":["Conserve Battery","Beam Cell","Turbo"],"picked":"SKIP","floor":10},{"not_picked":["FTL","Cold Snap"],"picked":"Amplify","floor":13},{"not_picked":["Streamline","Cold Snap","Turbo"],"picked":"SKIP","floor":14}],"player_experience":187602,"relics_obtained":[{"floor":9,"key":"Pocketwatch"},{"floor":13,"key":"StoneCalendar"}],"event_choices":[{"damage_healed":0,"gold_gain":0,"player_choice":"Entered Light","damage_taken":15,"max_hp_gain":0,"max_hp_loss":0,"event_name":"Shining Light","floor":2,"gold_loss":0,"cards_upgraded":["Strike_B","Defend_B"]},{"damage_healed":0,"gold_gain":0,"player_choice":"Ignored","damage_taken":0,"max_hp_gain":0,"max_hp_loss":0,"event_name":"Liars Game","floor":11,"gold_loss":0},{"damage_healed":0,"gold_gain":0,"player_choice":"Upgraded","damage_taken":0,"max_hp_gain":0,"max_hp_loss":0,"event_name":"Upgrade Shrine","floor":12,"gold_loss":0,"cards_upgraded":["Storm"]}],"is_beta":false,"boss_relics":[],"items_purged_floors":[],"is_endless":false,"potions_floor_spawned":[10,14],"killed_by":"Hexaghost","ascension_level":0}