{"gold_per_floor":[115,115,130,144,69,103,103,147,147,147,166,42,0,0,0,0],"floor_reached":16,"playtime":453,"items_purged":[],"score":216,"play_id":"65084812-d83a-44f4-901e-79ea898960d8","local_time":"20190701223218","is_ascension_mode":true,"campfire_choices":[{"floor":10,"key":"REST"},{"data":"Buffer","floor":15,"key":"SMITH"}],"neow_cost":"NONE","seed_source_timestamp":16876652468299,"circlet_count":0,"master_deck":["AscendersBane","Strike_B","Strike_B","Strike_B","Defend_B","Defend_B","Defend_B","Defend_B","Zap+1","Dualcast","Beam Cell","Defragment","Self Repair","Cold Snap","Melter","Buffer+1","Defragment"],"relics":["Cracked Core","NeowsBlessing","Dead Branch","Golden Idol","Dodecahedron","The Courier"],"potions_floor_usage":[6,16,16],"damage_taken":[{"damage":0,"enemies":"2 Louse","floor":1,"turns":1},{"damage":0,"enemies":"Cultist","floor":3,"turns":1},{"damage":0,"enemies":"Small Slimes","floor":4,"turns":1},{"damage":40,"enemies":"3 Sentries","floor":6,"turns":7},{"damage":20,"enemies":"Lagavulin","floor":8,"turns":7},{"damage":7,"enemies":"Looter","floor":11,"turns":3},{"damage":35,"enemies":"Hexaghost","floor":16,"turns":9}],"seed_played":"-5397502323727526743","potions_obtained":[{"floor":1,"key":"PowerPotion"},{"floor":8,"key":"Poison Potion"},{"floor":11,"key":"FearPotion"}],"is_trial":false,"path_per_floor":["M","?","M","M","?","E","?","E","T","R","M","$","?","$","R","B"],"character_chosen":"DEFECT","items_purchased":["Buffer","Defragment"],"campfire_rested":1,"item_purchase_floors":[12,12],"current_hp_per_floor":[64,64,64,64,64,24,24,11,11,30,30,30,30,30,30,0],"gold":0,"neow_bonus":"THREE_ENEMY_KILL","is_prod":false,"is_daily":false,"chose_seed":false,"campfire_upgraded":1,"win_rate":0,"timestamp":1562041938,"path_taken":["M","?","?","?","?","E","?","E","T","R","M","$","?","$","R","BOSS"],"build_version":"2019-06-30","purchased_purges":0,"victory":false,"max_hp_per_floor":[71,71,71,71,71,71,64,64,64,64,64,64,64,64,64,64],"card_choices":[{"not_picked":["Double Energy","Recycle","Turbo"],"picked":"SKIP","floor":1},{"not_picked":["Force Field","Lockon"],"picked":"Beam Cell","floor":3},{"not_picked":["Gash","Conserve Battery"],"picked":"Defragment","floor":4},{"not_picked":["Compile Driver","Consume"],"picked":"Self Repair","floor":6},{"not_picked":["Leap","Lockon"],"picked":"Cold Snap","floor":8},{"not_picked":["Beam Cell","Turbo"],"picked":"Melter","floor":11}],"player_experience":822028,"relics_obtained":[{"floor":6,"key":"Dead Branch"},{"floor":8,"key":"Dodecahedron"},{"floor":9,"key":"The Courier"}],"event_choices":[{"damage_healed":0,"gold_gain":0,"player_choice":"Upgraded","damage_taken":0,"max_hp_gain":0,"max_hp_loss":0,"event_name":"Upgrade Shrine","floor":2,"gold_loss":0,"cards_upgraded":["Zap"]},{"cards_removed":["Strike_B"],"damage_healed":0,"gold_gain":0,"player_choice":"Card Removal","damage_taken":0,"max_hp_gain":0,"max_hp_loss":0,"event_name":"The Cleric","floor":5,"gold_loss":75},{"damage_healed":0,"gold_gain":0,"player_choice":"Lose Max HP","damage_taken":0,"relics_obtained":["Golden Idol"],"max_hp_gain":0,"max_hp_loss":7,"event_name":"Golden Idol","floor":7,"gold_loss":0},{"damage_healed":0,"gold_gain":0,"player_choice":"Left Gold","damage_taken":0,"max_hp_gain":0,"max_hp_loss":0,"event_name":"World of Goop","floor":13,"gold_loss":42}],"is_beta":true,"boss_relics":[],"items_purged_floors":[],"is_endless":false,"potions_floor_spawned":[1,8,11],"killed_by":"Hexaghost","ascension_level":20}