{"gold_per_floor":[414,429,448,459,634,667,667,667],"floor_reached":8,"playtime":23385,"items_purged":[],"score":61,"play_id":"1b7d33ef-15c4-4518-a8aa-639ba9dfe5ee","local_time":"20190901213155","is_ascension_mode":true,"campfire_choices":[{"data":"Clothesline","floor":7,"key":"SMITH"}],"neow_cost":"PERCENT_DAMAGE","seed_source_timestamp":386651546636000,"circlet_count":0,"master_deck":["Strike_R","Strike_R","Strike_R","Strike_R","Strike_R","Defend_R","Defend_R","Defend_R","Defend_R","Bash","Spot Weakness","Reckless Charge","Headbutt","Heavy Blade","Doubt","Clothesline+1"],"relics":["Burning Blood","Old Coin","Orichalcum"],"potions_floor_usage":[6],"damage_taken":[{"damage":6,"enemies":"Jaw Worm","floor":1,"turns":4},{"damage":0,"enemies":"2 Louse","floor":2,"turns":4},{"damage":0,"enemies":"Small Slimes","floor":3,"turns":3},{"damage":15,"enemies":"Exordium Wildlife","floor":4,"turns":7},{"damage":48,"enemies":"Gremlin Nob","floor":6,"turns":5},{"damage":21,"enemies":"Lagavulin","floor":8,"turns":5}],"seed_played":"-2956600482978489445","potions_obtained":[{"floor":2,"key":"Weak Potion"},{"floor":3,"key":"Explosive Potion"}],"is_trial":false,"path_per_floor":["M","M","M","M","?","E","R","E"],"character_chosen":"IRONCLAD","items_purchased":[],"campfire_rested":0,"item_purchase_floors":[],"current_hp_per_floor":[56,62,68,59,59,17,17,0],"gold":667,"neow_bonus":"ONE_RARE_RELIC","is_prod":false,"is_daily":false,"chose_seed":false,"campfire_upgraded":1,"win_rate":0,"timestamp":1567387915,"path_taken":["M","M","M","M","?","E","R","E"],"build_version":"2019-07-17","purchased_purges":0,"victory":false,"max_hp_per_floor":[80,80,80,80,80,80,80,80],"card_choices":[{"not_picked":["True Grit","Corruption"],"picked":"Spot Weakness","floor":1},{"not_picked":["Headbutt","Whirlwind"],"picked":"Reckless Charge","floor":2},{"not_picked":["Spot Weakness","True Grit"],"picked":"Headbutt","floor":3},{"not_picked":["Bloodletting","Sword Boomerang"],"picked":"Heavy Blade","floor":4},{"not_picked":["Wild Strike","Cleave"],"picked":"Clothesline","floor":6}],"player_experience":65835,"relics_obtained":[{"floor":6,"key":"Orichalcum"}],"event_choices":[{"damage_healed":0,"gold_gain":175,"player_choice":"AGREE","damage_taken":0,"max_hp_gain":0,"max_hp_loss":0,"event_name":"Liars Game","floor":5,"gold_loss":0,"cards_obtained":["Doubt"]}],"is_beta":false,"boss_relics":[],"items_purged_floors":[],"is_endless":false,"potions_floor_spawned":[2,3],"killed_by":"Lagavulin","ascension_level":1}