{"gold_per_floor":[114,129,144,159,50,80,80,80,130,160,13,13],"floor_reached":12,"playtime":742,"items_purged":["Strike_G","Strike_G"],"score":88,"play_id":"29e5abc4-ab6c-4881-aca0-2ae1d206c952","local_time":"20190706234038","daily_mods":["Heirloom","Blue Cards","DeadlyEvents"],"is_ascension_mode":false,"campfire_choices":[{"data":"Poisoned Stab","floor":7,"key":"SMITH"}],"neow_cost":"","seed_source_timestamp":0,"circlet_count":0,"master_deck":["Strike_G","Strike_G","Strike_G","Defend_G","Defend_G","Defend_G","Defend_G","Defend_G","Survivor","Neutralize","Poisoned Stab+1","Bouncing Flask","Catalyst","Deadly Poison"],"special_seed":18084,"relics":["Ring of the Snake","Girya","Dodecahedron","Potion Belt","Tough Bandages"],"potions_floor_usage":[],"damage_taken":[{"damage":2,"enemies":"Small Slimes","floor":1,"turns":3},{"damage":0,"enemies":"Cultist","floor":2,"turns":3},{"damage":2,"enemies":"2 Louse","floor":3,"turns":3},{"damage":1,"enemies":"2 Fungi Beasts","floor":4,"turns":4},{"damage":19,"enemies":"Gremlin Nob","floor":6,"turns":4},{"damage":30,"enemies":"3 Sentries","floor":10,"turns":10},{"damage":21,"enemies":"The Mushroom Lair","floor":12,"turns":5}],"seed_played":"-6942843224144824641","potions_obtained":[{"floor":2,"key":"EssenceOfSteel"},{"floor":10,"key":"EssenceOfSteel"}],"is_trial":false,"path_per_floor":["M","M","M","M","$","E","R","$","T","E","$","?"],"character_chosen":"THE_SILENT","items_purchased":["Catalyst","Deadly Poison"],"campfire_rested":0,"item_purchase_floors":[5,11],"current_hp_per_floor":[68,68,66,65,65,46,46,46,46,16,16,0],"gold":13,"neow_bonus":"","is_prod":false,"is_daily":true,"chose_seed":false,"campfire_upgraded":1,"win_rate":0,"timestamp":1562481638,"path_taken":["M","M","M","M","$","E","R","$","T","E","$","?"],"build_version":"2019-07-05","purchased_purges":2,"victory":false,"max_hp_per_floor":[70,70,70,70,70,70,70,70,70,70,70,70],"card_choices":[{"not_picked":["Sucker Punch","Steam"],"picked":"Poisoned Stab","floor":1},{"not_picked":["Redo","Reinforced Body"],"picked":"Bouncing Flask","floor":2},{"not_picked":["Quick Slash","Cold Snap","Prepared"],"picked":"SKIP","floor":3},{"not_picked":["Compile Driver","Streamline","Sunder"],"picked":"SKIP","floor":4},{"not_picked":["Coolheaded","Rebound","Reflex"],"picked":"SKIP","floor":6},{"not_picked":["Stack","Rebound","Acrobatics"],"picked":"SKIP","floor":10}],"player_experience":247759,"relics_obtained":[{"floor":6,"key":"Dodecahedron"},{"floor":9,"key":"Potion Belt"},{"floor":10,"key":"Tough Bandages"}],"event_choices":[{"damage_healed":0,"gold_gain":0,"player_choice":"Fought Mushrooms","damage_taken":0,"max_hp_gain":0,"max_hp_loss":0,"event_name":"Mushrooms","floor":12,"gold_loss":0}],"is_beta":false,"boss_relics":[],"items_purged_floors":[5,11],"is_endless":false,"potions_floor_spawned":[2,10],"killed_by":"The Mushroom Lair","ascension_level":0}