{"gold_per_floor":[114,124,137,57,57,57,77,77,77,77,91,107,107,135,135,209,209,224,139,156,41,41,41,57,57,131,131,149,168,168,196,196,268,268,281,301,301,111,111,111,87,87,164,164,39,139,168,183,183,183,183,183,183,74,101,101],"floor_reached":57,"playtime":2798,"items_purged":["Defend_B","Defend_B","Defend_B"],"score":2821,"play_id":"9c76b0e4-8c0d-498d-a934-d71372f57bb1","local_time":"20190809131919","is_ascension_mode":true,"campfire_choices":[{"data":"Chaos","floor":6.0,"key":"SMITH"},{"data":"Defragment","floor":8.0,"key":"SMITH"},{"data":"Zap","floor":10.0,"key":"SMITH"},{"data":"Dualcast","floor":13.0,"key":"SMITH"},{"data":"Blizzard","floor":15.0,"key":"SMITH"},{"data":"Turbo","floor":23.0,"key":"SMITH"},{"data":"Coolheaded","floor":27.0,"key":"SMITH"},{"data":"Coolheaded","floor":30.0,"key":"SMITH"},{"data":"Skim","floor":32.0,"key":"SMITH"},{"data":"Loop","floor":40.0,"key":"SMITH"},{"data":"Skim","floor":42.0,"key":"SMITH"},{"data":"Buffer","floor":44.0,"key":"SMITH"},{"floor":49.0,"key":"RECALL"},{"data":"Recycle","floor":53.0,"key":"SMITH"}],"neow_cost":"NONE","seed_source_timestamp":1018293265122769,"circlet_count":0,"master_deck":["AscendersBane","Defend_B","Zap+1","Dualcast+1","Coolheaded+1","Compile Driver","Skim+1","Chaos+1","Defragment+1","Turbo+1","Blizzard+1","Glacier","Machine Learning","Chill+1","Aggregate+1","Genetic Algorithm+1","Defragment+1","Capacitor","Coolheaded+1","Ghostly","Ghostly","Ghostly","Skim+1","Capacitor","Buffer+1","Hologram","Loop+1","Master of Strategy","Hologram","Recycle+1","Defragment+1","Double Energy","Glacier","Hologram"],"special_seed":0,"relics":["Cracked Core","NeowsBlessing","Turnip","Ginger","Astrolabe","Potion Belt","Question Card","WingedGreaves","Black Star","Torii","Darkstone Periapt","Prayer Wheel","Orichalcum","Emotion Chip"],"potions_floor_usage":[56,56,56],"damage_taken":[{"damage":0.0,"enemies":"Small Slimes","floor":1.0,"turns":1.0},{"damage":0.0,"enemies":"Jaw Worm","floor":2.0,"turns":1.0},{"damage":0.0,"enemies":"Cultist","floor":3.0,"turns":1.0},{"damage":6.0,"enemies":"Blue Slaver","floor":7.0,"turns":3.0},{"damage":0.0,"enemies":"2 Fungi Beasts","floor":11.0,"turns":2.0},{"damage":5.0,"enemies":"Looter","floor":12.0,"turns":3.0},{"damage":22.0,"enemies":"3 Sentries","floor":14.0,"turns":6.0},{"damage":7.0,"enemies":"The Guardian","floor":16.0,"turns":10.0},{"damage":17.0,"enemies":"2 Thieves","floor":18.0,"turns":4.0},{"damage":2.0,"enemies":"Chosen","floor":20.0,"turns":8.0},{"damage":0.0,"enemies":"Snake Plant","floor":24.0,"turns":5.0},{"damage":6.0,"enemies":"Chosen and Byrds","floor":28.0,"turns":9.0},{"damage":0.0,"enemies":"Centurion and Healer","floor":29.0,"turns":6.0},{"damage":16.0,"enemies":"Slavers","floor":31.0,"turns":6.0},{"damage":7.0,"enemies":"Automaton","floor":33.0,"turns":9.0},{"damage":13.0,"enemies":"3 Shapes","floor":35.0,"turns":6.0},{"damage":8.0,"enemies":"Orb Walker","floor":36.0,"turns":8.0},{"damage":0.0,"enemies":"Mind Bloom Boss Battle","floor":46.0,"turns":6.0},{"damage":21.0,"enemies":"Nemesis","floor":47.0,"turns":9.0},{"damage":0.0,"enemies":"4 Shapes","floor":48.0,"turns":6.0},{"damage":0.0,"enemies":"Time Eater","floor":50.0,"turns":18.0},{"damage":0.0,"enemies":"Awakened One","floor":51.0,"turns":11.0},{"damage":15.0,"enemies":"Shield and Spear","floor":55.0,"turns":8.0},{"damage":8,"enemies":"The Heart","floor":56,"turns":12}],"seed_played":"-4280259732327722039","potions_obtained":[{"floor":1.0,"key":"Regen Potion"},{"floor":7.0,"key":"SpeedPotion"},{"floor":12.0,"key":"Ancient Potion"},{"floor":20.0,"key":"FearPotion"},{"floor":28.0,"key":"FearPotion"},{"floor":29.0,"key":"FearPotion"},{"floor":33.0,"key":"FearPotion"},{"floor":48.0,"key":"Strength Potion"}],"is_trial":false,"path_per_floor":["M","M","M","$","?","R","M","R","T","R","M","M","R","E","R","B",null,"M","?","M","$","?","R","M","?","T","R","M","M","R","E","R","B",null,"M","M","?","$","?","R","$","R","T","R","$","?","E","M","R","B","B",null,"R","$","E","B",null],"character_chosen":"DEFECT","items_purchased":["Chaos","Capacitor","Loop","Hologram","Energy Potion","Hologram"],"campfire_rested":0,"item_purchase_floors":[4,21,38,41,54,54],"current_hp_per_floor":[64,64,64,64,57,57,51,51,51,51,51,46,46,24,24,17,58,41,41,39,39,39,39,39,35,35,35,29,29,29,13,13,6,28,15,7,29,29,29,29,29,29,29,29,29,29,8,8,8,8,8,24,24,24,9,1],"gold":101,"neow_bonus":"THREE_ENEMY_KILL","is_prod":false,"is_daily":false,"chose_seed":false,"campfire_upgraded":13,"win_rate":0,"timestamp":1565327959,"path_taken":["M","M","M","$","?","R","M","R","T","R","M","M","R","E","R","BOSS","M","?","M","$","?","R","?","?","T","R","M","M","R","E","R","BOSS","M","M","?","$","?","R","$","R","T","R","$","?","E","?","R","BOSS","BOSS","R","$","E","BOSS"],"build_version":"2019-07-17","purchased_purges":3,"victory":true,"max_hp_per_floor":[71,71,71,71,71,71,71,71,71,71,71,71,71,71,71,71,71,71,71,71,71,71,71,71,35,35,35,35,35,35,35,35,35,35,35,35,29,29,29,29,29,29,29,29,29,29,29,29,29,29,29,29,29,29,29,29],"card_choices":[{"not_picked":["Aggregate","Stack"],"picked":"Coolheaded","floor":1.0},{"not_picked":["Rebound","Barrage"],"picked":"Compile Driver","floor":2.0},{"not_picked":["Leap","Conserve Battery"],"picked":"Skim","floor":3.0},{"not_picked":["Darkness","Ball Lightning"],"picked":"Defragment","floor":7.0},{"not_picked":["Beam Cell","Go for the Eyes"],"picked":"Turbo","floor":11.0},{"not_picked":["Coolheaded","Turbo"],"picked":"Blizzard","floor":12.0},{"not_picked":["Core Surge","Loop"],"picked":"Glacier","floor":14.0},{"not_picked":["Creative AI","Thunder Strike"],"picked":"Machine Learning","floor":16.0},{"not_picked":["Storm","Compile Driver"],"picked":"Defragment+1","floor":18.0},{"not_picked":["Barrage","Steam Power","Reinforced Body"],"picked":"SKIP","floor":20.0},{"not_picked":["Capacitor","Fusion"],"picked":"Coolheaded","floor":24.0},{"not_picked":["Cold Snap+1","Ball Lightning","Sweeping Beam"],"picked":"Skim","floor":28.0},{"not_picked":["Leap","Gash","Sweeping Beam","Stack+1"],"picked":"SKIP","floor":29.0},{"not_picked":["Stack","Streamline","Storm"],"picked":"Capacitor","floor":31.0},{"not_picked":["Multi-Cast","Thunder Strike","Machine Learning"],"picked":"Buffer","floor":33.0},{"not_picked":["Barrage","Doom and Gloom","Stack+1","Sweeping Beam"],"picked":"SKIP","floor":35.0},{"not_picked":["Sweeping Beam+1","Gash","Darkness"],"picked":"Hologram","floor":36.0},{"not_picked":["Deep Breath","Transmutation","Discovery"],"picked":"Master of Strategy","floor":39.0},{"not_picked":["Chaos+1","Coolheaded","Beam Cell"],"picked":"Recycle","floor":46.0},{"not_picked":["Darkness","Streamline+1","Buffer"],"picked":"Defragment+1","floor":47.0},{"not_picked":["Streamline","Self Repair+1","Stack+1"],"picked":"Double Energy","floor":48.0},{"not_picked":["Aggregate","Ball Lightning","Beam Cell"],"picked":"Glacier","floor":48.0},{"not_picked":["Streamline","Thunder Strike","Lockon","Gash"],"picked":"SKIP","floor":55.0}],"player_experience":2122526,"relics_obtained":[{"floor":9.0,"key":"Turnip"},{"floor":14.0,"key":"Ginger"},{"floor":26.0,"key":"Question Card"},{"floor":31.0,"key":"WingedGreaves"},{"floor":46.0,"key":"Torii"},{"floor":47.0,"key":"Darkstone Periapt"},{"floor":47.0,"key":"Prayer Wheel"},{"floor":55.0,"key":"Orichalcum"},{"floor":55.0,"key":"Emotion Chip"}],"event_choices":[{"cards_removed":["Strike_B"],"damage_healed":0.0,"max_hp_gain":0.0,"max_hp_loss":0.0,"gold_gain":0.0,"event_name":"Golden Wing","player_choice":"Card Removal","floor":5.0,"gold_loss":0.0,"damage_taken":7.0},{"damage_healed":0.0,"max_hp_gain":0.0,"max_hp_loss":0.0,"gold_gain":0.0,"event_name":"Addict","player_choice":"Obtained Relic","floor":19.0,"gold_loss":85.0,"damage_taken":0.0,"relics_obtained":["Potion Belt"]},{"damage_healed":0.0,"max_hp_gain":0.0,"max_hp_loss":0.0,"gold_gain":0.0,"event_name":"Match and Keep!","player_choice":"0 cards matched","floor":22.0,"gold_loss":0.0,"damage_taken":0.0,"cards_obtained":[]},{"damage_healed":0.0,"max_hp_gain":0.0,"max_hp_loss":36.0,"gold_gain":0.0,"event_name":"Ghosts","player_choice":"Became a Ghost","floor":25.0,"gold_loss":0.0,"damage_taken":0.0,"cards_obtained":["Ghostly","Ghostly","Ghostly"]},{"damage_healed":29.0,"max_hp_gain":0.0,"max_hp_loss":6.0,"gold_gain":0.0,"event_name":"The Moai Head","player_choice":"Heal","floor":37.0,"gold_loss":0.0,"damage_taken":0.0},{"damage_healed":0.0,"max_hp_gain":0.0,"max_hp_loss":0.0,"gold_gain":0.0,"event_name":"SensoryStone","player_choice":"Memory 1","floor":39.0,"gold_loss":0.0,"damage_taken":0.0},{"damage_healed":0.0,"max_hp_gain":0.0,"max_hp_loss":0.0,"gold_gain":0.0,"event_name":"MindBloom","player_choice":"Fight","floor":46.0,"gold_loss":0.0,"damage_taken":0.0}],"is_beta":false,"boss_relics":[{"not_picked":["Lizard Tail","Orrery"],"picked":"Astrolabe"},{"not_picked":["Calling Bell","Velvet Choker"],"picked":"Black Star"}],"items_purged_floors":[21,38,45],"is_endless":false,"potions_floor_spawned":[1,7,12,14,20,28,29,33,48],"ascension_level":20}