{"gold_per_floor":[360,375,375,345,360,360,395,395,395,409,409,76,76,101,101,177,177,189,189,204,204,204],"floor_reached":22,"playtime":464,"items_purged":["Strike_B"],"score":384,"play_id":"8454eb27-7bf9-4e90-a654-6e693d2dcd0b","local_time":"20190817215455","is_ascension_mode":true,"campfire_choices":[{"data":"Zap","floor":6.0,"key":"SMITH"},{"data":"Consume","floor":8.0,"key":"SMITH"},{"data":"Dualcast","floor":13.0,"key":"SMITH"},{"data":"Biased Cognition","floor":15.0,"key":"SMITH"}],"neow_cost":"PERCENT_DAMAGE","seed_source_timestamp":1744826710408588,"circlet_count":0,"master_deck":["AscendersBane","Strike_B","Defend_B","Defend_B","Defend_B","Defend_B","Zap+1","Dualcast+1","Turbo","Glacier","Consume+1","Double Energy","Lockon+1","Biased Cognition+1","Multi-Cast","Redo","Self Repair"],"special_seed":0,"relics":["Cracked Core","Symbiotic Virus","Molten Egg 2","PreservedInsect","Oddly Smooth Stone","Runic Pyramid"],"potions_floor_usage":[16,16,22],"damage_taken":[{"damage":1.0,"enemies":"Small Slimes","floor":1.0,"turns":3.0},{"damage":1.0,"enemies":"Cultist","floor":2.0,"turns":3.0},{"damage":6.0,"enemies":"Jaw Worm","floor":5.0,"turns":4.0},{"damage":40.0,"enemies":"Gremlin Nob","floor":7.0,"turns":5.0},{"damage":1.0,"enemies":"Looter","floor":10.0,"turns":3.0},{"damage":5.0,"enemies":"3 Sentries","floor":14.0,"turns":5.0},{"damage":6,"enemies":"Hexaghost","floor":16,"turns":6},{"damage":16,"enemies":"2 Thieves","floor":18,"turns":2},{"damage":0,"enemies":"3 Byrds","floor":20,"turns":4},{"damage":0,"enemies":"Centurion and Healer","floor":22,"turns":1}],"seed_played":"-1448739845965872910","potions_obtained":[{"floor":4.0,"key":"GamblersBrew"},{"floor":4.0,"key":"Fruit Juice"},{"floor":7.0,"key":"Energy Potion"},{"floor":14.0,"key":"LiquidBronze"},{"floor":20,"key":"Swift Potion"}],"is_trial":false,"path_per_floor":["M","M","?","?","M","R","E","R","T","M","?","$","R","E","R","B",null,"M","?","M","?","M"],"character_chosen":"DEFECT","items_purchased":["Lockon+1","PreservedInsect"],"campfire_rested":0,"item_purchase_floors":[12,12],"current_hp_per_floor":[45,44,67,67,61,61,26,26,26,25,18,18,18,13,13,7,59,43,21,21,21,21],"gold":204,"neow_bonus":"TWO_FIFTY_GOLD","is_prod":false,"is_daily":false,"chose_seed":false,"campfire_upgraded":4,"win_rate":0,"timestamp":1566050095,"path_taken":["M","M","?","?","?","R","E","R","T","M","?","$","R","E","R","BOSS","M","?","M","?","M"],"build_version":"2019-07-17","purchased_purges":1,"victory":false,"max_hp_per_floor":[71,71,71,71,71,71,76,76,76,76,76,76,76,76,76,76,76,76,81,81,81,81],"card_choices":[{"not_picked":["Steam","Barrage"],"picked":"Turbo","floor":1.0},{"not_picked":["Steam","FTL","Turbo"],"picked":"SKIP","floor":2.0},{"not_picked":["Steam","Steam Power"],"picked":"Glacier","floor":5.0},{"not_picked":["Coolheaded","Ball Lightning"],"picked":"Consume","floor":7.0},{"not_picked":["Steam","Glacier"],"picked":"Double Energy","floor":10.0},{"not_picked":["Reinforced Body","Gash+1"],"picked":"Biased Cognition","floor":14.0},{"not_picked":["Biased Cognition","Machine Learning"],"picked":"Multi-Cast","floor":16},{"not_picked":["Stack+1","Barrage+1","Redo"],"picked":"SKIP","floor":18},{"not_picked":["Stack+1","Barrage+1"],"picked":"Redo","floor":18},{"not_picked":["Chaos","Ball Lightning+1"],"picked":"Self Repair","floor":20}],"player_experience":2190288,"relics_obtained":[{"floor":7.0,"key":"Symbiotic Virus"},{"floor":9.0,"key":"Molten Egg 2"},{"floor":14.0,"key":"Oddly Smooth Stone"}],"event_choices":[{"damage_healed":23.0,"max_hp_gain":0.0,"max_hp_loss":0.0,"gold_gain":0.0,"event_name":"Big Fish","player_choice":"Banana","floor":3.0,"gold_loss":0.0,"damage_taken":0.0},{"damage_healed":0.0,"max_hp_gain":0.0,"max_hp_loss":0.0,"gold_gain":0.0,"event_name":"The Woman in Blue","player_choice":"Bought 2 Potions","floor":4.0,"gold_loss":0.0,"damage_taken":0.0},{"cards_removed":["Strike_B"],"damage_healed":0.0,"max_hp_gain":0.0,"max_hp_loss":0.0,"gold_gain":0.0,"event_name":"Golden Wing","player_choice":"Card Removal","floor":11.0,"gold_loss":0.0,"damage_taken":7.0},{"damage_healed":0,"gold_gain":0,"player_choice":"Shed Blood","damage_taken":27,"max_hp_gain":5,"max_hp_loss":0,"event_name":"Forgotten Altar","floor":19,"gold_loss":0},{"cards_removed":["Strike_B"],"damage_healed":0,"gold_gain":0,"player_choice":"Purged","damage_taken":0,"max_hp_gain":0,"max_hp_loss":0,"event_name":"Purifier","floor":21,"gold_loss":0}],"is_beta":false,"boss_relics":[{"not_picked":["Cursed Key","White Beast Statue"],"picked":"Runic Pyramid"}],"items_purged_floors":[12],"is_endless":false,"potions_floor_spawned":[7,14,20],"killed_by":"Centurion and Healer","ascension_level":20}