{"gold_per_floor":[109,109,32,32,58,58,88,88,118,145,145,110,110,130,130,205,205,225,205,225,225,241,241,241,252,252,252,262,163,183,209,209,209],"floor_reached":33,"playtime":1836,"items_purged":["Writhe"],"score":527,"play_id":"bf165d82-1768-4f93-a7e2-f7943aba4f80","local_time":"20190830165249","is_ascension_mode":true,"campfire_choices":[{"data":"Dodge and Roll","floor":6.0,"key":"SMITH"},{"data":"Neutralize","floor":8.0,"key":"SMITH"},{"data":"Sucker Punch","floor":11.0,"key":"SMITH"},{"data":"Leg Sweep","floor":15.0,"key":"SMITH"},{"floor":23,"key":"REST"},{"floor":32,"key":"REST"}],"neow_cost":"NONE","seed_source_timestamp":256469243350200,"circlet_count":0,"master_deck":["AscendersBane","Strike_G+1","Strike_G+1","Strike_G+1","Strike_G+1","Defend_G+1","Defend_G+1","Defend_G+1","Defend_G+1","Defend_G+1","Survivor","Neutralize+1","Dodge and Roll+1","Backflip","Poisoned Stab","Sucker Punch+1","Leg Sweep+1","Doppelganger","Poisoned Stab","Bane+1","Escape Plan","Deflect","Adrenaline","Bane","PiercingWail+1","Backflip"],"special_seed":0,"relics":["Ring of the Snake","NeowsBlessing","Vajra","Pen Nib","Tiny Chest","Question Card","White Beast Statue","Gremlin Horn","Mercury Hourglass","Paper Crane","Red Mask"],"potions_floor_usage":[22,25,28,28,31,31,31,33],"damage_taken":[{"damage":0.0,"enemies":"Cultist","floor":1.0,"turns":1.0},{"damage":0.0,"enemies":"Gremlin Nob","floor":7.0,"turns":1.0},{"damage":0.0,"enemies":"Lagavulin","floor":10.0,"turns":1.0},{"damage":0.0,"enemies":"2 Louse","floor":14.0,"turns":3.0},{"damage":26.0,"enemies":"The Guardian","floor":16.0,"turns":19.0},{"damage":23.0,"enemies":"3 Byrds","floor":18.0,"turns":12.0},{"damage":14.0,"enemies":"Shell Parasite","floor":20.0,"turns":5.0},{"damage":17,"enemies":"Cultist and Chosen","floor":22,"turns":7},{"damage":16,"enemies":"Snake Plant","floor":25,"turns":4},{"damage":3,"enemies":"3 Cultists","floor":28,"turns":5},{"damage":4,"enemies":"Sentry and Sphere","floor":30,"turns":5},{"damage":0,"enemies":"Masked Bandits","floor":31,"turns":3},{"damage":57,"enemies":"Champ","floor":33,"turns":13}],"seed_played":"994231562386940892","potions_obtained":[{"floor":14.0,"key":"EssenceOfSteel"},{"floor":16.0,"key":"Weak Potion"},{"floor":18.0,"key":"GamblersBrew"},{"floor":19.0,"key":"Fire Potion"},{"floor":20.0,"key":"Block Potion"},{"floor":22,"key":"Strength Potion"},{"floor":25,"key":"Fire Potion"},{"floor":28,"key":"Energy Potion"},{"floor":30,"key":"EntropicBrew"},{"floor":31,"key":"Regen Potion"}],"is_trial":false,"path_per_floor":["M","?","$","?","T","R","E","R","T","E","R","?","?","M","R","B",null,"M","?","M","T","M","R","?","M","T","?","M","$","M","?","R","B"],"character_chosen":"THE_SILENT","items_purchased":["Backflip","Poisoned Stab","Bane"],"campfire_rested":2,"item_purchase_floors":[3,3,29],"current_hp_per_floor":[59,52,52,57,57,57,57,57,57,57,57,71,50,50,50,24,59,36,36,22,22,5,26,26,10,10,10,7,7,3,3,24,0],"gold":209,"neow_bonus":"THREE_ENEMY_KILL","is_prod":false,"is_daily":false,"chose_seed":false,"campfire_upgraded":4,"win_rate":0,"timestamp":1567205569,"path_taken":["M","?","$","?","?","R","E","R","T","E","R","?","?","M","R","BOSS","M","?","?","?","M","R","?","M","T","?","M","$","M","?","R","BOSS"],"build_version":"2019-08-26","purchased_purges":1,"victory":false,"max_hp_per_floor":[66,66,66,71,71,71,71,71,71,71,71,71,71,71,71,71,71,71,71,71,71,71,71,71,71,71,71,71,71,71,71,71,71],"card_choices":[{"not_picked":["Blade Dance","Outmaneuver"],"picked":"Dodge and Roll","floor":1.0},{"not_picked":["Prepared","Outmaneuver","Masterful Stab"],"picked":"SKIP","floor":7.0},{"not_picked":["Blade Dance","Expertise"],"picked":"Sucker Punch","floor":10.0},{"not_picked":["Poisoned Stab","Finisher","Backflip"],"picked":"Leg Sweep","floor":14.0},{"not_picked":["Bullet Time","Envenom","Unload"],"picked":"Doppelganger","floor":16.0},{"not_picked":["Distraction","Blade Dance","Outmaneuver"],"picked":"Poisoned Stab","floor":18.0},{"not_picked":["Deadly Poison","Deflect","Bouncing Flask"],"picked":"Bane+1","floor":20.0},{"not_picked":["Backflip","Quick Slash","Endless Agony"],"picked":"Escape Plan","floor":22},{"not_picked":["Backflip","Acrobatics+1","Deadly Poison"],"picked":"Deflect","floor":25},{"not_picked":["PiercingWail","Dagger Throw","Endless Agony"],"picked":"Adrenaline","floor":28},{"not_picked":["Calculated Gamble","Deadly Poison","Backflip"],"picked":"PiercingWail+1","floor":30},{"not_picked":["Blade Dance","Bouncing Flask","Dagger Throw"],"picked":"Backflip","floor":31}],"player_experience":846650,"relics_obtained":[{"floor":5.0,"key":"Vajra"},{"floor":7.0,"key":"Pen Nib"},{"floor":9.0,"key":"Tiny Chest"},{"floor":10.0,"key":"Question Card"},{"floor":21.0,"key":"Gremlin Horn"},{"floor":26,"key":"Paper Crane"},{"floor":31,"key":"Red Mask"}],"event_choices":[{"cards_removed":["Strike_G"],"damage_healed":0.0,"max_hp_gain":0.0,"max_hp_loss":0.0,"gold_gain":0.0,"event_name":"Golden Wing","player_choice":"Card Removal","floor":2.0,"gold_loss":0.0,"damage_taken":7.0},{"damage_healed":0.0,"max_hp_gain":5.0,"max_hp_loss":0.0,"gold_gain":0.0,"event_name":"Big Fish","player_choice":"Donut","floor":4.0,"gold_loss":0.0,"damage_taken":0.0},{"damage_healed":17.0,"max_hp_gain":0.0,"max_hp_loss":0.0,"gold_gain":0.0,"event_name":"The Cleric","player_choice":"Healed","floor":12.0,"gold_loss":35.0,"damage_taken":0.0},{"damage_healed":0.0,"max_hp_gain":0.0,"max_hp_loss":0.0,"gold_gain":0.0,"event_name":"Shining Light","player_choice":"Entered Light","floor":13.0,"gold_loss":0.0,"damage_taken":21.0,"cards_upgraded":["Strike_G","Defend_G"]},{"damage_healed":0.0,"max_hp_gain":0.0,"max_hp_loss":0.0,"gold_gain":0.0,"event_name":"The Woman in Blue","player_choice":"Bought 1 Potion","floor":19.0,"gold_loss":0.0,"damage_taken":0.0},{"damage_healed":0,"gold_gain":0,"player_choice":"Opened","damage_taken":0,"relics_obtained":["Mercury Hourglass"],"max_hp_gain":0,"max_hp_loss":0,"event_name":"The Mausoleum","floor":24,"gold_loss":0,"cards_obtained":["Writhe"]},{"damage_healed":0,"gold_gain":0,"player_choice":"Simplicity","damage_taken":0,"max_hp_gain":0,"max_hp_loss":0,"event_name":"Back to Basics","floor":27,"gold_loss":0,"cards_upgraded":["Strike_G","Strike_G","Strike_G","Defend_G","Defend_G","Defend_G","Defend_G"]},{"damage_healed":0,"gold_gain":0,"player_choice":"Fought Bandits","damage_taken":0,"max_hp_gain":0,"max_hp_loss":0,"event_name":"Masked Bandits","floor":31,"gold_loss":0}],"is_beta":true,"boss_relics":[{"not_picked":["Snecko Eye","Lizard Tail"],"picked":"White Beast Statue"}],"items_purged_floors":[29],"is_endless":false,"potions_floor_spawned":[14,16,18,20,22,25,28,30,31],"killed_by":"Champ","ascension_level":15}