{"gold_per_floor":[210,220,220,220,20,20,55,55,104,120,120,90,130,144,144,144],"floor_reached":16,"playtime":1699,"items_purged":[],"score":113,"play_id":"10b99232-4577-4569-9d44-cdc7c398a680","local_time":"20190705220829","is_ascension_mode":true,"campfire_choices":[{"floor":6,"key":"RECALL"},{"floor":8,"key":"REST"},{"data":"Endless Agony","floor":11,"key":"SMITH"},{"floor":15,"key":"REST"}],"neow_cost":"NONE","seed_source_timestamp":24316095262806,"circlet_count":0,"master_deck":["Strike_G","Strike_G","Strike_G","Strike_G","Strike_G","Defend_G","Defend_G","Defend_G","Defend_G","Defend_G","Survivor","Neutralize","Noxious Fumes","Endless Agony+1","Backflip","Blur","Endless Agony","Distraction","Underhanded Strike"],"relics":["Ring of the Snake","Golden Idol","TheAbacus","Bird Faced Urn","Smiling Mask","Bottled Tornado"],"potions_floor_usage":[13,16],"damage_taken":[{"damage":2,"enemies":"2 Louse","floor":1,"turns":4},{"damage":0,"enemies":"Cultist","floor":2,"turns":4},{"damage":16,"enemies":"Lagavulin","floor":7,"turns":11},{"damage":0,"enemies":"Small Slimes","floor":10,"turns":5},{"damage":0,"enemies":"Looter","floor":12,"turns":4},{"damage":45,"enemies":"Gremlin Nob","floor":13,"turns":7},{"damage":0,"enemies":"Blue Slaver","floor":14,"turns":5},{"damage":50,"enemies":"Slime Boss","floor":16,"turns":14}],"seed_played":"-5482529571088670649","potions_obtained":[{"floor":10,"key":"Block Potion"},{"floor":14,"key":"Weak Potion"}],"is_trial":false,"path_per_floor":["M","M","?","?","$","R","E","R","T","M","R","M","E","M","R","B"],"character_chosen":"THE_SILENT","items_purchased":["TheAbacus"],"campfire_rested":2,"item_purchase_floors":[5],"current_hp_per_floor":[68,68,68,68,68,68,52,70,70,70,70,70,25,27,48,0],"gold":144,"neow_bonus":"HUNDRED_GOLD","is_prod":false,"is_daily":false,"chose_seed":false,"campfire_upgraded":1,"win_rate":0,"timestamp":1562382509,"path_taken":["M","M","?","?","$","R","E","R","T","?","R","M","E","M","R","BOSS"],"build_version":"2019-07-05","purchased_purges":0,"victory":false,"max_hp_per_floor":[70,70,70,70,70,70,70,70,70,70,70,70,70,70,70,70],"card_choices":[{"not_picked":["Blade Dance","Catalyst"],"picked":"Noxious Fumes","floor":1},{"not_picked":["Prepared","Predator"],"picked":"Endless Agony","floor":2},{"not_picked":["All Out Attack","Footwork"],"picked":"Backflip","floor":7},{"not_picked":["Expertise","Choke"],"picked":"Blur","floor":10},{"not_picked":["Infinite Blades","Dodge and Roll"],"picked":"Endless Agony","floor":12},{"not_picked":["Dodge and Roll","Poisoned Stab"],"picked":"Distraction","floor":13},{"not_picked":["Tactician","PiercingWail"],"picked":"Underhanded Strike","floor":14}],"player_experience":118387,"relics_obtained":[{"floor":7,"key":"Bird Faced Urn"},{"floor":9,"key":"Smiling Mask"},{"floor":13,"key":"Bottled Tornado"}],"event_choices":[{"damage_healed":0,"gold_gain":0,"player_choice":"Take Wound","damage_taken":0,"relics_obtained":["Golden Idol"],"max_hp_gain":0,"max_hp_loss":0,"event_name":"Golden Idol","floor":3,"gold_loss":0,"cards_obtained":["Injury"]},{"cards_removed":["Injury"],"damage_healed":0,"gold_gain":0,"player_choice":"Card Removal","damage_taken":0,"max_hp_gain":0,"max_hp_loss":0,"event_name":"Wheel of Change","floor":4,"gold_loss":0}],"is_beta":false,"boss_relics":[],"items_purged_floors":[],"is_endless":false,"potions_floor_spawned":[10,14],"killed_by":"Slime Boss","ascension_level":1}