{"gold_per_floor":[110,129,139,156,174,189,189,189,215,232,232],"floor_reached":11,"playtime":603,"items_purged":[],"score":69,"play_id":"ea5f39fe-15e0-44a7-b20e-dd2d8ce063ca","local_time":"20190505163904","is_ascension_mode":false,"campfire_choices":[{"data":"Barrage","floor":7,"key":"SMITH"}],"neow_cost":"NONE","seed_source_timestamp":19830683399663,"circlet_count":0,"master_deck":["Strike_B","Strike_B","Strike_B","Strike_B","Defend_B","Defend_B","Defend_B","Defend_B","Zap","Dualcast","Finesse","Barrage+1","Ball Lightning","Melter","Self Repair","Ball Lightning","Regret","Conserve Battery"],"relics":["Cracked Core","The Courier","Blood Vial"],"potions_floor_usage":[],"damage_taken":[{"damage":0,"enemies":"Cultist","floor":1,"turns":3},{"damage":1,"enemies":"Jaw Worm","floor":2,"turns":3},{"damage":8,"enemies":"Small Slimes","floor":3,"turns":2},{"damage":9,"enemies":"Blue Slaver","floor":4,"turns":3},{"damage":11,"enemies":"Large Slime","floor":5,"turns":4},{"damage":0,"enemies":"3 Louse","floor":6,"turns":2},{"damage":12,"enemies":"Looter","floor":10,"turns":3},{"damage":49,"enemies":"3 Sentries","floor":11,"turns":6}],"seed_played":"-4685477786748221290","potions_obtained":[{"floor":1,"key":"GamblersBrew"},{"floor":2,"key":"SteroidPotion"},{"floor":10,"key":"Energy Potion"}],"is_trial":false,"path_per_floor":["M","M","M","M","M","M","R","?","T","M","E"],"character_chosen":"DEFECT","items_purchased":[],"campfire_rested":0,"item_purchase_floors":[],"current_hp_per_floor":[75,74,66,57,46,53,53,53,53,43,0],"gold":232,"neow_bonus":"RANDOM_COLORLESS","is_prod":false,"is_daily":false,"chose_seed":false,"campfire_upgraded":1,"win_rate":0,"timestamp":1557099544,"path_taken":["M","M","M","M","M","M","R","?","T","M","E"],"build_version":"2019-01-23","purchased_purges":0,"victory":false,"max_hp_per_floor":[75,75,75,75,75,75,75,75,75,75,75],"card_choices":[{"not_picked":["Rebound","Double Energy"],"picked":"Barrage","floor":1},{"not_picked":["Gash","Leap"],"picked":"Ball Lightning","floor":2},{"not_picked":["Steam","Skim","Rebound"],"picked":"SKIP","floor":3},{"not_picked":["Blizzard","Ball Lightning"],"picked":"Melter","floor":4},{"not_picked":["Skim","Glacier"],"picked":"Self Repair","floor":5},{"not_picked":["Hologram","Compile Driver"],"picked":"Ball Lightning","floor":6},{"not_picked":["Compile Driver","Auto Shields"],"picked":"Conserve Battery","floor":10}],"player_experience":116460,"relics_obtained":[{"floor":9,"key":"Blood Vial"}],"event_choices":[{"damage_healed":0,"gold_gain":0,"player_choice":"Box","damage_taken":0,"relics_obtained":["The Courier"],"max_hp_gain":0,"max_hp_loss":0,"event_name":"Big Fish","floor":8,"gold_loss":0,"cards_obtained":["Regret"]}],"is_beta":false,"boss_relics":[],"items_purged_floors":[],"is_endless":false,"potions_floor_spawned":[1,2,10],"killed_by":"3 Sentries","ascension_level":0}