{"gold_per_floor":[113,127,127,147,222,222,60,90,113,124,134,134,134,34,34,129,129,154,154,173,187,112,112,112,25,51,51,51,86,86,110,110,110],"floor_reached":33,"playtime":751,"items_purged":["Strike_B","Strike_B"],"score":526,"play_id":"20579f1f-a79f-4f24-afbc-dc01d0266720","local_time":"20190809095503","is_ascension_mode":true,"campfire_choices":[{"data":"Double Energy","floor":6.0,"key":"SMITH"},{"data":"Sunder","floor":12.0,"key":"SMITH"},{"data":"Static Discharge","floor":15.0,"key":"SMITH"},{"data":"Zap","floor":23,"key":"SMITH"},{"data":"Dualcast","floor":28,"key":"SMITH"},{"data":"Tempest","floor":30,"key":"SMITH"},{"data":"Defragment","floor":32,"key":"SMITH"}],"neow_cost":"PERCENT_DAMAGE","seed_source_timestamp":1010099186720210,"circlet_count":0,"master_deck":["AscendersBane","Defend_B","Defend_B","Defend_B","Defend_B","Zap+1","Dualcast+1","Tempest+1","Double Energy+1","Sunder+1","Cold Snap","Static Discharge+1","Core Surge","Conserve Battery","All For One","Ghostly","Ghostly","Ghostly","Lockon","Reinforced Body+1","Defragment+1"],"special_seed":0,"relics":["Cracked Core","Ginger","PreservedInsect","Golden Idol","Sozu","Oddly Smooth Stone","Smiling Mask"],"potions_floor_usage":[29],"damage_taken":[{"damage":2.0,"enemies":"Jaw Worm","floor":1.0,"turns":3.0},{"damage":9.0,"enemies":"Small Slimes","floor":2.0,"turns":3.0},{"damage":1.0,"enemies":"Cultist","floor":4.0,"turns":3.0},{"damage":10.0,"enemies":"Gremlin Nob","floor":8.0,"turns":3.0},{"damage":7.0,"enemies":"3 Louse","floor":10.0,"turns":2.0},{"damage":0.0,"enemies":"Red Slaver","floor":11.0,"turns":4.0},{"damage":5.0,"enemies":"Hexaghost","floor":16.0,"turns":8.0},{"damage":23.0,"enemies":"Shell Parasite","floor":18.0,"turns":4.0},{"damage":4.0,"enemies":"Spheric Guardian","floor":20.0,"turns":3.0},{"damage":19,"enemies":"Snake Plant","floor":21,"turns":3},{"damage":15,"enemies":"Book of Stabbing","floor":29,"turns":5},{"damage":3,"enemies":"Sentry and Sphere","floor":31,"turns":7},{"damage":20,"enemies":"Collector","floor":33,"turns":6}],"seed_played":"-4431293419153295873","potions_obtained":[{"floor":4.0,"key":"FearPotion"},{"floor":8.0,"key":"PowerPotion"},{"floor":10.0,"key":"PowerPotion"}],"is_trial":false,"path_per_floor":["M","M","?","M","?","R","$","E","T","M","M","R","?","$","R","B",null,"M","?","M","M","?","R","?","$","T","$","R","E","R","M","R","B"],"character_chosen":"DEFECT","items_purchased":["Sunder","Lockon"],"campfire_rested":0,"item_purchase_floors":[7,25],"current_hp_per_floor":[44,35,35,34,23,23,23,13,13,6,6,6,6,6,6,1,48,25,64,60,41,41,41,32,32,32,32,32,17,17,14,14,0],"gold":110,"neow_bonus":"ONE_RARE_RELIC","is_prod":false,"is_daily":false,"chose_seed":false,"campfire_upgraded":7,"win_rate":0,"timestamp":1565315703,"path_taken":["M","M","?","M","?","R","?","E","T","M","?","R","?","$","R","BOSS","M","?","?","M","?","R","?","$","T","$","R","E","R","M","R","BOSS"],"build_version":"2019-07-17","purchased_purges":2,"victory":false,"max_hp_per_floor":[71,71,71,71,71,71,71,71,71,71,71,71,64,64,64,64,64,64,64,64,64,64,64,32,32,32,32,32,32,32,32,32,32],"card_choices":[{"not_picked":["Leap","Beam Cell"],"picked":"Tempest","floor":1.0},{"not_picked":["Barrage","Gash","Blizzard"],"picked":"SKIP","floor":2.0},{"not_picked":["White Noise","Reinforced Body"],"picked":"Double Energy","floor":4.0},{"not_picked":["Genetic Algorithm","Gash"],"picked":"Cold Snap","floor":8.0},{"not_picked":["Sweeping Beam","Stack"],"picked":"Hello World","floor":10.0},{"not_picked":["Darkness","Leap"],"picked":"Static Discharge","floor":11.0},{"not_picked":["Fission","Amplify"],"picked":"Core Surge","floor":16.0},{"not_picked":["Stack","Chaos"],"picked":"Conserve Battery","floor":18.0},{"not_picked":["Conserve Battery","Rebound+1","Melter"],"picked":"SKIP","floor":20.0},{"not_picked":["Force Field","Streamline"],"picked":"All For One","floor":21},{"not_picked":["Cold Snap","Stack+1"],"picked":"Reinforced Body+1","floor":29},{"not_picked":["Redo+1","Coolheaded"],"picked":"Defragment","floor":31}],"player_experience":2118291,"relics_obtained":[{"floor":8.0,"key":"PreservedInsect"},{"floor":26,"key":"Oddly Smooth Stone"},{"floor":29,"key":"Smiling Mask"}],"event_choices":[{"cards_removed":["Strike_B"],"damage_healed":0.0,"max_hp_gain":0.0,"max_hp_loss":0.0,"gold_gain":0.0,"event_name":"Living Wall","player_choice":"Forget","floor":3.0,"gold_loss":0.0,"damage_taken":0.0},{"damage_healed":0.0,"max_hp_gain":0.0,"max_hp_loss":0.0,"gold_gain":75.0,"event_name":"World of Goop","player_choice":"Gather Gold","floor":5.0,"gold_loss":0.0,"damage_taken":11.0},{"damage_healed":0.0,"max_hp_gain":0.0,"max_hp_loss":7.0,"gold_gain":0.0,"event_name":"Golden Idol","player_choice":"Lose Max HP","floor":13.0,"gold_loss":0.0,"damage_taken":0.0,"relics_obtained":["Golden Idol"]},{"cards_removed":["Hello World"],"damage_healed":39.0,"max_hp_gain":0.0,"max_hp_loss":0.0,"gold_gain":0.0,"event_name":"Bonfire Elementals","player_choice":"Offered Uncommon","floor":19.0,"gold_loss":0.0,"damage_taken":0.0},{"cards_removed":["Strike_B"],"damage_healed":0,"gold_gain":0,"player_choice":"Gave Gold","damage_taken":0,"max_hp_gain":0,"max_hp_loss":0,"event_name":"Beggar","floor":22,"gold_loss":75},{"damage_healed":0,"gold_gain":0,"player_choice":"Became a Ghost","damage_taken":0,"max_hp_gain":0,"max_hp_loss":32,"event_name":"Ghosts","floor":24,"gold_loss":0,"cards_obtained":["Ghostly","Ghostly","Ghostly"]}],"is_beta":false,"boss_relics":[{"not_picked":["Fusion Hammer","Calling Bell"],"picked":"Sozu"}],"items_purged_floors":[7,14],"is_endless":false,"potions_floor_spawned":[4,8,10,20,31],"killed_by":"Collector","ascension_level":20}