{"gold_per_floor":[16,16,29,29,54,90,111,111,193,193,213,231,244,45,45,165,165,179,304,317,232,262,274,211,234,234,234,254,254,289,289,289,289],"floor_reached":33,"playtime":1851,"items_purged":["Zap"],"score":319,"play_id":"0b073cf6-04f2-463d-9ca7-aa5ce561a8f6","local_time":"20190626144905","is_ascension_mode":false,"campfire_choices":[{"floor":8,"key":"REST"},{"floor":10,"key":"REST"},{"data":"Sweeping Beam","floor":15,"key":"SMITH"},{"data":"Reinforced Body","floor":23,"key":"SMITH"},{"floor":27,"key":"REST"},{"floor":29,"key":"REST"},{"floor":32,"key":"REST"}],"neow_cost":"NO_GOLD","seed_source_timestamp":18418062159999,"circlet_count":0,"master_deck":["Defend_B","Defend_B","Defend_B","Dualcast","Go for the Eyes","Defragment","Gash","Beam Cell","Sweeping Beam+1","Hyperbeam+1","Leap","Ball Lightning+1","Core Surge+1","Reinforced Body+1"],"relics":["Cracked Core","Golden Idol","Pocketwatch","Molten Egg 2","ClockworkSouvenir","Empty Cage","Ice Cream","Blue Candle","MawBank","Symbiotic Virus","Bottled Flame","The Courier"],"potions_floor_usage":[],"damage_taken":[{"damage":0,"enemies":"Small Slimes","floor":1,"turns":3},{"damage":3,"enemies":"Jaw Worm","floor":3,"turns":3},{"damage":2,"enemies":"2 Louse","floor":5,"turns":3},{"damage":23,"enemies":"Gremlin Nob","floor":6,"turns":5},{"damage":11,"enemies":"Lots of Slimes","floor":7,"turns":3},{"damage":0,"enemies":"3 Louse","floor":11,"turns":3},{"damage":0,"enemies":"2 Fungi Beasts","floor":12,"turns":2},{"damage":0,"enemies":"Lots of Slimes","floor":13,"turns":1},{"damage":0,"enemies":"Slime Boss","floor":16,"turns":5},{"damage":1,"enemies":"Shell Parasite","floor":18,"turns":4},{"damage":9,"enemies":"Colosseum Slavers","floor":19,"turns":2},{"damage":19,"enemies":"Colosseum Nobs","floor":19,"turns":3},{"damage":0,"enemies":"Spheric Guardian","floor":20,"turns":2},{"damage":7,"enemies":"Centurion and Healer","floor":22,"turns":5},{"damage":15,"enemies":"Snecko","floor":25,"turns":3},{"damage":21,"enemies":"Snake Plant","floor":28,"turns":2},{"damage":22,"enemies":"Book of Stabbing","floor":30,"turns":4},{"damage":56,"enemies":"Champ","floor":33,"turns":13}],"seed_played":"-2765093888524343983","potions_obtained":[{"floor":1,"key":"SmokeBomb"},{"floor":5,"key":"Strength Potion"},{"floor":11,"key":"Poison Potion"}],"is_trial":false,"path_per_floor":["M","?","M","?","M","E","M","R","T","R","M","M","M","$","R","B",null,"M","?","M","?","M","R","$","M","T","R","M","R","E","?","R","B"],"character_chosen":"DEFECT","items_purchased":["ClockworkSouvenir"],"campfire_rested":5,"item_purchase_floors":[14],"current_hp_per_floor":[75,68,65,47,45,22,11,33,33,55,55,55,55,55,55,55,75,74,46,46,46,39,39,39,24,24,46,25,47,25,25,47,0],"gold":289,"neow_bonus":"REMOVE_TWO","is_prod":false,"is_daily":false,"chose_seed":false,"campfire_upgraded":2,"win_rate":0,"timestamp":1561585745,"path_taken":["M","?","M","?","M","E","M","R","T","R","M","M","M","$","R","BOSS","M","?","M","?","M","R","$","M","T","R","M","R","E","?","R","BOSS"],"build_version":"2019-01-23","purchased_purges":1,"victory":false,"max_hp_per_floor":[75,75,75,75,75,75,75,75,75,75,75,75,75,75,75,75,75,75,75,75,75,75,75,75,75,75,75,75,75,75,75,75,75],"card_choices":[{"not_picked":["Melter","Conserve Battery"],"picked":"Go for the Eyes","floor":1},{"not_picked":["Reinforced Body","Reprogram"],"picked":"Defragment","floor":3},{"not_picked":["Cold Snap","Rebound"],"picked":"Gash","floor":5},{"not_picked":["Conserve Battery","Chill"],"picked":"Beam Cell","floor":6},{"not_picked":["Force Field","Rip and Tear"],"picked":"Sweeping Beam","floor":7},{"not_picked":["Rebound+1","Hologram"],"picked":"Hyperbeam+1","floor":11},{"not_picked":["Coolheaded","Barrage+1"],"picked":"Leap","floor":12},{"not_picked":["Sweeping Beam+1","Barrage+1"],"picked":"Ball Lightning+1","floor":13},{"not_picked":["Biased Cognition","Echo Form"],"picked":"Core Surge+1","floor":16},{"not_picked":["Stack","Cold Snap+1","Steam+1"],"picked":"SKIP","floor":18},{"not_picked":["Blizzard+1","Reprogram"],"picked":"Reinforced Body","floor":19},{"not_picked":["Tempest","Coolheaded","Hologram"],"picked":"SKIP","floor":20},{"not_picked":["Undo","Reboot","Steam"],"picked":"SKIP","floor":22},{"not_picked":["Coolheaded","Compile Driver+1","Sweeping Beam+1"],"picked":"SKIP","floor":25},{"not_picked":["Hologram","Storm","Go for the Eyes+1"],"picked":"SKIP","floor":28},{"not_picked":["Melter+1","Defragment","Sunder+1"],"picked":"SKIP","floor":30}],"player_experience":229868,"relics_obtained":[{"floor":6,"key":"Pocketwatch"},{"floor":9,"key":"Molten Egg 2"},{"floor":19,"key":"Ice Cream"},{"floor":19,"key":"Blue Candle"},{"floor":26,"key":"Symbiotic Virus"},{"floor":30,"key":"Bottled Flame"},{"floor":31,"key":"The Courier"}],"event_choices":[{"cards_removed":["Strike_B"],"damage_healed":0,"gold_gain":0,"player_choice":"Card Removal","damage_taken":7,"max_hp_gain":0,"max_hp_loss":0,"event_name":"Golden Wing","floor":2,"gold_loss":0},{"damage_healed":0,"gold_gain":0,"player_choice":"Take Damage","damage_taken":18,"relics_obtained":["Golden Idol"],"max_hp_gain":0,"max_hp_loss":0,"event_name":"Golden Idol","floor":4,"gold_loss":0},{"damage_healed":0,"gold_gain":0,"player_choice":"Fight","damage_taken":0,"max_hp_gain":0,"max_hp_loss":0,"event_name":"Colosseum","floor":19,"gold_loss":0},{"damage_healed":0,"gold_gain":0,"player_choice":"Fought Nobs","damage_taken":0,"max_hp_gain":0,"max_hp_loss":0,"event_name":"Colosseum","floor":19,"gold_loss":0},{"damage_healed":0,"gold_gain":0,"player_choice":"Obtained Relic","damage_taken":0,"relics_obtained":["MawBank"],"max_hp_gain":0,"max_hp_loss":0,"event_name":"Addict","floor":21,"gold_loss":85},{"damage_healed":0,"gold_gain":0,"player_choice":"Relic","damage_taken":0,"max_hp_gain":0,"max_hp_loss":0,"event_name":"Wheel of Change","floor":31,"gold_loss":0}],"is_beta":false,"boss_relics":[{"not_picked":["Tiny House","Pandora\u0027s Box"],"picked":"Empty Cage"}],"items_purged_floors":[24],"is_endless":false,"potions_floor_spawned":[1,5,11,18,19,25],"killed_by":"Champ","ascension_level":0}