{"gold_per_floor":[217,217,227,240,260,289,289,308,332,367,367,367,442,466,466,466],"floor_reached":16,"playtime":1562,"items_purged":[],"score":123,"play_id":"672a3c2a-6136-4662-9d1e-22dc2f6f5290","local_time":"20190816224536","is_ascension_mode":true,"campfire_choices":[{"floor":7,"key":"REST"},{"floor":11,"key":"REST"},{"floor":15,"key":"REST"}],"neow_cost":"NONE","seed_source_timestamp":273915988326106,"circlet_count":0,"master_deck":["Strike_G","Strike_G","Strike_G","Strike_G","Strike_G","Defend_G","Defend_G","Defend_G","Defend_G","Defend_G","Survivor","Neutralize","Dash","Deadly Poison","Dagger Spray","Flying Knee","Die Die Die","Flying Knee","Injury","Blur"],"relics":["Ring of the Snake","The Courier","Blood Vial","Vajra","Golden Idol"],"potions_floor_usage":[14],"damage_taken":[{"damage":2,"enemies":"Cultist","floor":1,"turns":4},{"damage":0,"enemies":"Jaw Worm","floor":3,"turns":4},{"damage":0,"enemies":"2 Louse","floor":4,"turns":3},{"damage":1,"enemies":"2 Fungi Beasts","floor":5,"turns":3},{"damage":36,"enemies":"3 Sentries","floor":6,"turns":9},{"damage":0,"enemies":"Large Slime","floor":8,"turns":5},{"damage":20,"enemies":"Gremlin Nob","floor":10,"turns":4},{"damage":9,"enemies":"Blue Slaver","floor":14,"turns":2},{"damage":61,"enemies":"The Guardian","floor":16,"turns":15}],"seed_played":"-4362170690702765161","potions_obtained":[{"floor":1,"key":"Strength Potion"},{"floor":4,"key":"Strength Potion"},{"floor":8,"key":"SmokeBomb"},{"floor":10,"key":"Weak Potion"}],"is_trial":false,"path_per_floor":["M","$","M","M","M","E","R","M","T","E","R","?","?","M","R","B"],"character_chosen":"THE_SILENT","items_purchased":[],"campfire_rested":3,"item_purchase_floors":[],"current_hp_per_floor":[68,68,68,68,67,31,52,52,52,34,55,55,44,37,58,0],"gold":466,"neow_bonus":"HUNDRED_GOLD","is_prod":false,"is_daily":false,"chose_seed":false,"campfire_upgraded":0,"win_rate":0,"timestamp":1566013536,"path_taken":["M","$","M","M","M","E","R","M","T","E","R","?","?","M","R","BOSS"],"build_version":"2019-07-17","purchased_purges":0,"victory":false,"max_hp_per_floor":[70,70,70,70,70,70,70,70,70,70,70,70,70,70,70,70],"card_choices":[{"not_picked":["Riddle With Holes","Reflex"],"picked":"Dash","floor":1},{"not_picked":["Riddle With Holes","Skewer"],"picked":"Deadly Poison","floor":3},{"not_picked":["Sucker Punch","Slice"],"picked":"Dagger Spray","floor":4},{"not_picked":["Slice","Accuracy"],"picked":"Flying Knee","floor":5},{"not_picked":["Slice","Acrobatics"],"picked":"Die Die Die","floor":6},{"not_picked":["Acrobatics","Dodge and Roll"],"picked":"Flying Knee","floor":8},{"not_picked":["Riddle With Holes","Reflex","Expertise"],"picked":"SKIP","floor":10},{"not_picked":["Masterful Stab","Dash"],"picked":"Blur","floor":14}],"player_experience":314371,"relics_obtained":[{"floor":6,"key":"The Courier"},{"floor":9,"key":"Blood Vial"},{"floor":10,"key":"Vajra"}],"event_choices":[{"damage_healed":0,"gold_gain":0,"player_choice":"Take Wound","damage_taken":0,"relics_obtained":["Golden Idol"],"max_hp_gain":0,"max_hp_loss":0,"event_name":"Golden Idol","floor":12,"gold_loss":0,"cards_obtained":["Injury"]},{"damage_healed":0,"gold_gain":75,"player_choice":"Gather Gold","damage_taken":11,"max_hp_gain":0,"max_hp_loss":0,"event_name":"World of Goop","floor":13,"gold_loss":0}],"is_beta":false,"boss_relics":[],"items_purged_floors":[],"is_endless":false,"potions_floor_spawned":[1,4,8,10],"killed_by":"The Guardian","ascension_level":2}