{"gold_per_floor":[110,185,185,185,205,205,226,244,269,46,71,94,94,94,94,214,277,293,306,306,325,325,325,325],"floor_reached":24,"playtime":2219,"items_purged":["Injury"],"score":207,"play_id":"e1ca453b-92fc-4f3a-a7c5-12ac7bad0d37","local_time":"20190727215919","is_ascension_mode":true,"campfire_choices":[{"floor":6,"key":"REST"},{"data":"Whirlwind","floor":15,"key":"SMITH"},{"floor":23,"key":"REST"}],"neow_cost":"NONE","seed_source_timestamp":1373480988972305,"circlet_count":0,"master_deck":["Strike_R","Strike_R+1","Strike_R","Strike_R","Strike_R","Defend_R","Defend_R","Defend_R+1","Defend_R","Bash","Flex","Clothesline","Whirlwind+1","Anger+1","Cleave","Sword Boomerang","Regret","Immolate","Whirlwind","Heavy Blade","Twin Strike+1","Twin Strike","RitualDagger","Body Slam"],"relics":["Burning Blood","Bag of Marbles","Golden Idol","Dream Catcher","Whetstone","Red Skull","Tiny House","Potion Belt"],"potions_floor_usage":[16,16,24,24,24],"damage_taken":[{"damage":4,"enemies":"Small Slimes","floor":1,"turns":4},{"damage":2,"enemies":"2 Louse","floor":5,"turns":2},{"damage":2,"enemies":"Jaw Worm","floor":7,"turns":3},{"damage":11,"enemies":"Looter","floor":8,"turns":3},{"damage":4,"enemies":"2 Fungi Beasts","floor":11,"turns":2},{"damage":6,"enemies":"Blue Slaver","floor":12,"turns":3},{"damage":85,"enemies":"The Guardian","floor":16,"turns":8},{"damage":40,"enemies":"Shell Parasite","floor":18,"turns":5},{"damage":20,"enemies":"Spheric Guardian","floor":19,"turns":4},{"damage":0,"enemies":"Snake Plant","floor":21,"turns":2},{"damage":67,"enemies":"Gremlin Leader","floor":24,"turns":7}],"seed_played":"3765670927130233439","potions_obtained":[{"floor":0,"key":"FearPotion"},{"floor":0,"key":"SkillPotion"},{"floor":0,"key":"BloodPotion"},{"floor":8,"key":"Fire Potion"},{"floor":17,"key":"LiquidBronze"},{"floor":18,"key":"Weak Potion"}],"is_trial":false,"path_per_floor":["M","?","?","?","M","R","M","M","T","$","M","M","?","$","R","B",null,"M","M","?","M","?","R","E"],"character_chosen":"IRONCLAD","items_purchased":["Whetstone"],"campfire_rested":2,"item_purchase_floors":[10],"current_hp_per_floor":[80,69,62,62,66,80,80,75,75,75,77,77,77,77,77,18,85,51,37,37,43,37,62,0],"gold":325,"neow_bonus":"THREE_SMALL_POTIONS","is_prod":false,"is_daily":false,"chose_seed":false,"campfire_upgraded":1,"win_rate":0,"timestamp":1564282759,"path_taken":["M","?","?","?","M","R","?","M","T","$","M","M","?","$","R","BOSS","M","M","?","M","?","R","E"],"build_version":"2019-07-17","purchased_purges":1,"victory":false,"max_hp_per_floor":[80,80,80,80,80,80,80,80,80,80,80,80,80,80,80,80,85,85,85,85,85,85,85,85],"card_choices":[{"not_picked":["Ghostly Armor","Wild Strike"],"picked":"Flex","floor":1},{"not_picked":["Fire Breathing","Body Slam"],"picked":"Clothesline","floor":5},{"not_picked":["Clothesline","Iron Wave"],"picked":"Whirlwind","floor":7},{"not_picked":["Feed","Metallicize"],"picked":"Anger","floor":8},{"not_picked":["Battle Trance","True Grit"],"picked":"Cleave","floor":11},{"not_picked":["Iron Wave","Havoc"],"picked":"Sword Boomerang","floor":12},{"not_picked":["Reaper","Exhume"],"picked":"Immolate","floor":16},{"not_picked":["Ghostly Armor","Iron Wave"],"picked":"Whirlwind","floor":17},{"not_picked":["True Grit","Entrench"],"picked":"Heavy Blade","floor":18},{"not_picked":["Entrench+1","Body Slam"],"picked":"Twin Strike+1","floor":19},{"not_picked":["Shrug It Off","Havoc"],"picked":"Twin Strike","floor":21},{"not_picked":["Whirlwind+1","Berserk"],"picked":"Body Slam","floor":23}],"player_experience":198622,"relics_obtained":[{"floor":9,"key":"Dream Catcher"}],"event_choices":[{"damage_healed":0,"gold_gain":75,"player_choice":"Gather Gold","damage_taken":11,"max_hp_gain":0,"max_hp_loss":0,"event_name":"World of Goop","floor":2,"gold_loss":0},{"damage_healed":0,"gold_gain":0,"player_choice":"Success","damage_taken":7,"relics_obtained":["Bag of Marbles"],"max_hp_gain":0,"max_hp_loss":0,"event_name":"Scrap Ooze","floor":3,"gold_loss":0},{"damage_healed":0,"gold_gain":0,"player_choice":"Take Wound","damage_taken":0,"relics_obtained":["Golden Idol"],"max_hp_gain":0,"max_hp_loss":0,"event_name":"Golden Idol","floor":4,"gold_loss":0,"cards_obtained":["Injury"]},{"damage_healed":0,"gold_gain":0,"player_choice":"Box","damage_taken":0,"relics_obtained":["Red Skull"],"max_hp_gain":0,"max_hp_loss":0,"event_name":"Big Fish","floor":13,"gold_loss":0,"cards_obtained":["Regret"]},{"damage_healed":0,"gold_gain":0,"player_choice":"Opened","damage_taken":0,"relics_obtained":["Potion Belt"],"max_hp_gain":0,"max_hp_loss":0,"event_name":"The Mausoleum","floor":20,"gold_loss":0},{"damage_healed":0,"gold_gain":0,"player_choice":"Joined the Cult","damage_taken":6,"max_hp_gain":0,"max_hp_loss":0,"event_name":"Nest","floor":22,"gold_loss":0,"cards_obtained":["RitualDagger"]}],"is_beta":false,"boss_relics":[{"not_picked":["Velvet Choker","Sozu"],"picked":"Tiny House"}],"items_purged_floors":[10],"is_endless":false,"potions_floor_spawned":[5,8,12,18,19],"killed_by":"Gremlin Leader","ascension_level":2}