{"gold_per_floor":[112,129,129,79,79,94,105,105,156,173,183,27,27,41,41,138,138,154,165,165,182,192,192,210,210],"floor_reached":25,"playtime":2072,"items_purged":[],"score":199,"play_id":"0115d125-9d21-4a23-85e1-5c586638078d","local_time":"20190702234113","is_ascension_mode":false,"campfire_choices":[{"floor":8,"key":"REST"},{"data":"Sweeping Beam","floor":13,"key":"SMITH"},{"data":"Ball Lightning","floor":15,"key":"SMITH"},{"floor":23,"key":"REST"}],"neow_cost":"NONE","seed_source_timestamp":1265405405820530,"circlet_count":0,"master_deck":["Strike_B+1","Strike_B+1","Strike_B+1","Defend_B+1","Defend_B+1","Defend_B+1","Defend_B+1","Zap","Dualcast","Conserve Battery","Capacitor","Ball Lightning+1","Sweeping Beam+1","Beam Cell","Beam Cell","Amplify","Sweeping Beam+1","Streamline","Gash+1","Compile Driver+1","BootSequence","Sweeping Beam"],"relics":["Cracked Core","NeowsBlessing","Bag of Marbles","Dream Catcher","PreservedInsect","Lizard Tail"],"potions_floor_usage":[16,19,19],"damage_taken":[{"damage":0,"enemies":"Small Slimes","floor":1,"turns":1},{"damage":0,"enemies":"2 Louse","floor":2,"turns":1},{"damage":0,"enemies":"Cultist","floor":6,"turns":1},{"damage":16,"enemies":"Lots of Slimes","floor":7,"turns":5},{"damage":0,"enemies":"2 Fungi Beasts","floor":10,"turns":3},{"damage":5,"enemies":"Large Slime","floor":11,"turns":5},{"damage":0,"enemies":"Looter","floor":14,"turns":3},{"damage":39,"enemies":"Hexaghost","floor":16,"turns":10},{"damage":42,"enemies":"3 Byrds","floor":18,"turns":5},{"damage":21,"enemies":"Shell Parasite","floor":19,"turns":7},{"damage":29,"enemies":"Snecko","floor":21,"turns":6},{"damage":15,"enemies":"Centurion and Healer","floor":22,"turns":5},{"damage":35,"enemies":"Shelled Parasite and Fungi","floor":24,"turns":7}],"seed_played":"1385272069100684188","potions_obtained":[{"floor":7,"key":"Weak Potion"},{"floor":11,"key":"Dexterity Potion"},{"floor":14,"key":"SpeedPotion"},{"floor":19,"key":"GamblersBrew"},{"floor":24,"key":"Block Potion"}],"is_trial":false,"path_per_floor":["M","M","$","?","?","M","M","R","T","M","M","$","R","M","R","B",null,"M","M","?","M","M","R","M","?"],"character_chosen":"DEFECT","items_purchased":["PreservedInsect"],"campfire_rested":2,"item_purchase_floors":[12],"current_hp_per_floor":[75,75,75,75,75,75,59,75,75,75,70,70,70,70,70,31,75,33,12,12,30,15,37,2,0],"gold":210,"neow_bonus":"THREE_ENEMY_KILL","is_prod":false,"is_daily":false,"chose_seed":false,"campfire_upgraded":2,"win_rate":0.0,"timestamp":1562128873,"path_taken":["M","M","$","?","?","M","M","R","T","?","M","$","R","M","R","BOSS","M","?","?","M","M","R","M","?"],"build_version":"2019-07-01","purchased_purges":0,"victory":false,"max_hp_per_floor":[75,75,75,75,75,75,75,75,75,75,75,75,75,75,75,75,75,75,75,75,75,75,75,75,75],"card_choices":[{"not_picked":["Hologram","Cold Snap"],"picked":"Conserve Battery","floor":1},{"not_picked":["Stack","Loop"],"picked":"Redo","floor":2},{"not_picked":["Streamline","Compile Driver"],"picked":"Capacitor","floor":6},{"not_picked":["Defragment","Go for the Eyes"],"picked":"Ball Lightning","floor":7},{"not_picked":["Aggregate","Skim"],"picked":"Sweeping Beam","floor":10},{"not_picked":["Consume","BootSequence"],"picked":"Beam Cell","floor":11},{"not_picked":["Double Energy","Compile Driver"],"picked":"Beam Cell","floor":14},{"not_picked":["Fission","Creative AI"],"picked":"Amplify","floor":16},{"not_picked":["Gash+1","Coolheaded"],"picked":"Sweeping Beam+1","floor":18},{"not_picked":["Leap","Barrage"],"picked":"Streamline","floor":19},{"not_picked":["White Noise+1","Biased Cognition"],"picked":"Gash+1","floor":21},{"not_picked":["Coolheaded","Tempest"],"picked":"Compile Driver+1","floor":22},{"not_picked":["Steam Power","Darkness"],"picked":"BootSequence","floor":23},{"not_picked":["Coolheaded+1","Reinforced Body"],"picked":"Sweeping Beam","floor":24}],"player_experience":91497,"relics_obtained":[{"floor":9,"key":"Dream Catcher"}],"event_choices":[{"cards_removed":["Strike_B"],"damage_healed":0,"gold_gain":0,"player_choice":"Card Removal","damage_taken":0,"max_hp_gain":0,"max_hp_loss":0,"event_name":"The Cleric","floor":4,"gold_loss":50},{"cards_removed":["Redo"],"damage_healed":0,"gold_gain":0,"player_choice":"Gave Card","damage_taken":0,"relics_obtained":["Bag of Marbles"],"max_hp_gain":0,"max_hp_loss":0,"event_name":"WeMeetAgain","floor":5,"gold_loss":0},{"damage_healed":0,"gold_gain":0,"player_choice":"Simplicity","damage_taken":0,"max_hp_gain":0,"max_hp_loss":0,"event_name":"Back to Basics","floor":20,"gold_loss":0,"cards_upgraded":["Strike_B","Strike_B","Strike_B","Defend_B","Defend_B","Defend_B","Defend_B"]},{"damage_healed":0,"gold_gain":0,"player_choice":"Joined the Cult","damage_taken":6,"max_hp_gain":0,"max_hp_loss":0,"event_name":"Nest","floor":25,"gold_loss":0,"cards_obtained":["RitualDagger"]}],"is_beta":false,"boss_relics":[{"not_picked":["Orrery","Sozu"],"picked":"Lizard Tail"}],"items_purged_floors":[],"is_endless":false,"potions_floor_spawned":[7,11,14,19,24],"ascension_level":0}