{"gold_per_floor":[111,123,123,198,216,216,227,227,282,297,372,372,372,388,388,485,485,500,415,394,423,446,458,497,509,548,560,66,66,66,0,0,0],"floor_reached":33,"playtime":2732,"items_purged":[],"score":305,"play_id":"b567909f-dda4-401c-ac63-668c4fe8f59e","local_time":"20190901102851","is_ascension_mode":false,"campfire_choices":[{"data":"Body Slam","floor":6,"key":"SMITH"},{"data":"Feed","floor":8,"key":"SMITH"},{"data":"Clothesline","floor":13,"key":"SMITH"},{"data":"Bash","floor":15,"key":"SMITH"},{"floor":23,"key":"REST"},{"floor":25,"key":"REST"},{"data":"Rage","floor":27,"key":"SMITH"},{"data":"Iron Wave","floor":29,"key":"SMITH"},{"data":"Impervious","floor":32,"key":"SMITH"}],"neow_cost":"PERCENT_DAMAGE","seed_source_timestamp":367421495881900,"circlet_count":0,"master_deck":["Strike_R","Strike_R","Strike_R","Strike_R","Strike_R","Defend_R","Defend_R","Defend_R","Defend_R","Bash+1","Feed+1","Clothesline+1","Rage+1","Body Slam+1","Pommel Strike+1","Headbutt","Impervious+1","Clothesline","Iron Wave+1","Headbutt","Anger+1","Rage"],"relics":["Burning Blood","Red Skull","Black Star","MawBank","Blood Vial","PreservedInsect","Pen Nib","Oddly Smooth Stone","Juzu Bracelet","Lee\u0027s Waffle"],"potions_floor_usage":[16,22,24,24],"damage_taken":[{"damage":6,"enemies":"Jaw Worm","floor":1,"turns":3},{"damage":4,"enemies":"Cultist","floor":2,"turns":4},{"damage":0,"enemies":"Small Slimes","floor":5,"turns":4},{"damage":13,"enemies":"Exordium Thugs","floor":7,"turns":5},{"damage":0,"enemies":"Exordium Wildlife","floor":10,"turns":3},{"damage":11,"enemies":"2 Fungi Beasts","floor":14,"turns":3},{"damage":25,"enemies":"Hexaghost","floor":16,"turns":9},{"damage":11,"enemies":"3 Byrds","floor":18,"turns":9},{"damage":27,"enemies":"2 Thieves","floor":20,"turns":5},{"damage":52,"enemies":"3 Cultists","floor":21,"turns":8},{"damage":29,"enemies":"Shelled Parasite and Fungi","floor":22,"turns":5},{"damage":12,"enemies":"Book of Stabbing","floor":24,"turns":5},{"damage":122,"enemies":"Automaton","floor":33,"turns":12}],"seed_played":"2379352500412199551","potions_obtained":[{"floor":1,"key":"AttackPotion"},{"floor":16,"key":"FearPotion"},{"floor":18,"key":"AttackPotion"},{"floor":22,"key":"EssenceOfSteel"}],"is_trial":false,"path_per_floor":["M","M","$","?","M","R","M","R","T","M","?","?","R","M","R","B",null,"M","?","M","M","M","R","E","R","T","R","$","R","?","?","R","B"],"character_chosen":"IRONCLAD","items_purchased":["Oddly Smooth Stone","Juzu Bracelet","Lee\u0027s Waffle"],"campfire_rested":2,"item_purchase_floors":[28,28,28],"current_hp_per_floor":[59,61,61,53,62,62,55,55,55,65,54,54,54,53,53,34,94,93,93,76,34,15,48,46,80,80,80,121,121,121,121,121,0],"gold":0,"neow_bonus":"THREE_RARE_CARDS","is_prod":false,"is_daily":false,"chose_seed":false,"campfire_upgraded":7,"win_rate":0.0,"timestamp":1567348131,"path_taken":["M","M","$","?","M","R","?","R","T","M","?","?","R","M","R","BOSS","M","?","M","M","M","R","E","R","T","R","$","R","?","?","R","BOSS"],"build_version":"2019-07-17","purchased_purges":0,"victory":false,"max_hp_per_floor":[83,83,83,83,86,86,86,86,86,90,90,90,90,94,94,94,94,98,98,102,106,110,110,114,114,114,114,121,121,121,121,121,121],"card_choices":[{"not_picked":["Juggernaut","Bludgeon"],"picked":"Feed","floor":0},{"not_picked":["Dual Wield","Anger"],"picked":"Clothesline","floor":1},{"not_picked":["Heavy Blade","Body Slam"],"picked":"Rage","floor":2},{"not_picked":["Evolve","Feed"],"picked":"Body Slam","floor":5},{"not_picked":["Reckless Charge","Wild Strike","Armaments"],"picked":"SKIP","floor":7},{"not_picked":["Warcry","Dual Wield"],"picked":"Pommel Strike","floor":10},{"not_picked":["Carnage","Sword Boomerang"],"picked":"Headbutt","floor":14},{"not_picked":["Fiend Fire","Exhume"],"picked":"Impervious","floor":16},{"not_picked":["Flex","Sword Boomerang"],"picked":"Clothesline","floor":18},{"not_picked":["Flex","Anger"],"picked":"Iron Wave","floor":20},{"not_picked":["Clash","Corruption"],"picked":"Headbutt","floor":21},{"not_picked":["Second Wind+1","Uppercut"],"picked":"Anger+1","floor":22},{"not_picked":["Feel No Pain","Twin Strike+1"],"picked":"Rage","floor":24}],"player_experience":47160,"relics_obtained":[{"floor":9,"key":"Red Skull"},{"floor":24,"key":"Blood Vial"},{"floor":24,"key":"PreservedInsect"},{"floor":26,"key":"Pen Nib"}],"event_choices":[{"damage_healed":0,"gold_gain":75,"player_choice":"Touch","damage_taken":8,"max_hp_gain":0,"max_hp_loss":0,"event_name":"FaceTrader","floor":4,"gold_loss":0},{"damage_healed":0,"gold_gain":75,"player_choice":"Gather Gold","damage_taken":11,"max_hp_gain":0,"max_hp_loss":0,"event_name":"World of Goop","floor":11,"gold_loss":0},{"damage_healed":0,"gold_gain":0,"player_choice":"Upgraded","damage_taken":0,"max_hp_gain":0,"max_hp_loss":0,"event_name":"Upgrade Shrine","floor":12,"gold_loss":0,"cards_upgraded":["Pommel Strike"]},{"damage_healed":0,"gold_gain":0,"player_choice":"Obtained Relic","damage_taken":0,"relics_obtained":["MawBank"],"max_hp_gain":0,"max_hp_loss":0,"event_name":"Addict","floor":19,"gold_loss":85},{"damage_healed":0,"gold_gain":0,"player_choice":"Ignored","damage_taken":0,"max_hp_gain":0,"max_hp_loss":0,"event_name":"Ghosts","floor":30,"gold_loss":0},{"damage_healed":0,"gold_gain":0,"player_choice":"Paid Fearfully","damage_taken":0,"max_hp_gain":0,"max_hp_loss":0,"event_name":"Masked Bandits","floor":31,"gold_loss":66}],"is_beta":false,"boss_relics":[{"not_picked":["White Beast Statue","Mark of Pain"],"picked":"Black Star"}],"items_purged_floors":[],"is_endless":false,"potions_floor_spawned":[1,16,18,22],"killed_by":"Automaton","ascension_level":0}