{"gold_per_floor":[13,13,13,37,312,312,355,373,373,389,389,389,18,34,34,164,164,184,209,4,4,19,19,53,65,100,112,124,156,168,197,209,320,332,363,394,506,535,66,66,85,85,110,110,110,128,128,141,141,141,141,141,11,37,37],"floor_reached":55,"playtime":10313,"items_purged":["Regret"],"score":769,"play_id":"ed50c11e-b660-4add-b663-46095869e2ca","local_time":"20190706045458","is_ascension_mode":true,"campfire_choices":[{"floor":6,"key":"RECALL"},{"floor":12,"key":"REST"},{"floor":15,"key":"REST"},{"floor":23,"key":"REST"},{"floor":25,"key":"REST"},{"floor":27,"key":"REST"},{"data":"Lockon","floor":32,"key":"SMITH"},{"data":"Ball Lightning","floor":40,"key":"SMITH"},{"data":"Hologram","floor":45,"key":"SMITH"},{"data":"Dualcast","floor":47,"key":"SMITH"},{"floor":49,"key":"REST"},{"data":"Leap","floor":52,"key":"SMITH"}],"neow_cost":"NO_GOLD","seed_source_timestamp":40082613493288,"circlet_count":0,"master_deck":["Strike_B","Strike_B","Strike_B+1","Defend_B","Defend_B","Defend_B","Defend_B","Zap","Dualcast+1","Ball Lightning+1","Hologram+1","Scrape","Lockon+1","Beam Cell","Self Repair+1","Steam","Electrodynamics+1","Leap+1","Double Energy","Steam","Hello World+1","Chill","Beam Cell","Electrodynamics+1","Leap+1","Glacier+1","Barrage+1","Fusion","Coolheaded","Writhe","Injury","Ball Lightning+1","Melter+1","Go for the Eyes+1","Barrage+1","Trip","Double Energy+1"],"relics":["Cracked Core","Nunchaku","Bloody Idol","Dodecahedron","Frozen Egg 2","Incense Burner","Busted Crown","Toolbox","MawBank","Cursed Key","Mango","Molten Egg 2","Matryoshka","Bronze Scales","Whetstone","Strawberry"],"potions_floor_usage":[16,19,24,50,50],"damage_taken":[{"damage":0,"enemies":"Small Slimes","floor":1,"turns":2},{"damage":1,"enemies":"Jaw Worm","floor":4,"turns":3},{"damage":45,"enemies":"3 Sentries","floor":7,"turns":8},{"damage":4,"enemies":"2 Louse","floor":8,"turns":3},{"damage":8,"enemies":"Gremlin Gang","floor":10,"turns":4},{"damage":2,"enemies":"2 Fungi Beasts","floor":14,"turns":3},{"damage":48,"enemies":"The Guardian","floor":16,"turns":8},{"damage":16,"enemies":"3 Byrds","floor":18,"turns":4},{"damage":16,"enemies":"Chosen","floor":19,"turns":6},{"damage":18,"enemies":"Shelled Parasite and Fungi","floor":22,"turns":6},{"damage":54,"enemies":"Book of Stabbing","floor":24,"turns":6},{"damage":2,"enemies":"3 Cultists","floor":29,"turns":4},{"damage":3,"enemies":"Centurion and Healer","floor":31,"turns":5},{"damage":60,"enemies":"Collector","floor":33,"turns":8},{"damage":0,"enemies":"Orb Walker","floor":35,"turns":2},{"damage":14,"enemies":"3 Darklings","floor":36,"turns":5},{"damage":0,"enemies":"Mind Bloom Boss Battle","floor":37,"turns":5},{"damage":29,"enemies":"Jaw Worm Horde","floor":38,"turns":3},{"damage":10,"enemies":"Sphere and 2 Shapes","floor":41,"turns":3},{"damage":1,"enemies":"4 Shapes","floor":46,"turns":4},{"damage":25,"enemies":"Spire Growth","floor":48,"turns":4},{"damage":36,"enemies":"Donu and Deca","floor":50,"turns":9},{"damage":99,"enemies":"Shield and Spear","floor":54,"turns":9},{"damage":41,"enemies":"The Heart","floor":55,"turns":3}],"seed_played":"6641483692724345145","potions_obtained":[{"floor":7,"key":"SteroidPotion"},{"floor":10,"key":"Explosive Potion"},{"floor":16,"key":"Poison Potion"},{"floor":22,"key":"FairyPotion"},{"floor":24,"key":"AttackPotion"},{"floor":33,"key":"SkillPotion"},{"floor":41,"key":"FocusPotion"},{"floor":46,"key":"Strength Potion"}],"is_trial":false,"path_per_floor":["M","?","?","M","?","R","E","M","T","M","?","R","$","M","R","B",null,"M","M","$","?","M","R","E","R","T","R","?","M","?","M","R","B",null,"M","M","?","M","$","R","M","?","T","?","R","M","R","M","R","B",null,"R","$","E","B"],"character_chosen":"DEFECT","items_purchased":["Incense Burner","Toolbox","Molten Egg 2","Matryoshka","Barrage+1","Trip"],"campfire_rested":6,"item_purchase_floors":[13,20,39,39,53,53],"current_hp_per_floor":[75,75,75,74,74,74,29,25,25,17,17,39,39,47,69,21,75,69,63,63,63,55,75,31,53,53,75,75,75,75,75,75,20,75,75,75,89,75,80,80,75,89,89,89,89,89,89,69,89,63,89,89,89,30,0],"gold":37,"neow_bonus":"ONE_RARE_RELIC","is_prod":false,"is_daily":false,"chose_seed":false,"campfire_upgraded":5,"win_rate":0,"timestamp":1562406898,"path_taken":["M","?","?","?","?","R","E","M","T","?","?","R","$","?","R","BOSS","M","M","$","?","M","R","E","R","T","R","?","?","?","M","R","BOSS","M","M","?","M","$","R","M","?","T","?","R","?","R","M","R","BOSS","R","$","E","BOSS"],"build_version":"2019-07-05","purchased_purges":1,"victory":false,"max_hp_per_floor":[75,75,75,75,75,75,75,75,75,75,75,75,75,75,75,75,75,75,75,75,75,75,75,75,75,75,75,75,75,75,75,75,75,75,75,75,89,89,89,89,89,89,89,89,89,89,89,89,89,89,89,89,89,96,96],"card_choices":[{"not_picked":["Compile Driver","Loop"],"picked":"Ball Lightning","floor":1},{"not_picked":["Rip and Tear","Conserve Battery"],"picked":"Scrape","floor":4},{"not_picked":["Auto Shields","Buffer"],"picked":"Lockon","floor":7},{"not_picked":["Scrape","Chaos"],"picked":"Beam Cell","floor":8},{"not_picked":["Go for the Eyes","Beam Cell"],"picked":"Self Repair+1","floor":10},{"not_picked":["Fusion","Hologram"],"picked":"Steam","floor":14},{"not_picked":["Rainbow","Hyperbeam"],"picked":"Electrodynamics+1","floor":16},{"not_picked":[],"picked":"Leap","floor":18},{"not_picked":[],"picked":"Double Energy","floor":19},{"not_picked":[],"picked":"Steam","floor":22},{"not_picked":[],"picked":"Hello World+1","floor":24},{"not_picked":[],"picked":"Chill","floor":29},{"not_picked":[],"picked":"Beam Cell","floor":31},{"not_picked":[],"picked":"Electrodynamics+1","floor":33},{"not_picked":[],"picked":"Leap+1","floor":35},{"not_picked":[],"picked":"Glacier+1","floor":36},{"not_picked":[],"picked":"Barrage","floor":37},{"not_picked":[],"picked":"Fusion","floor":38},{"not_picked":[],"picked":"Coolheaded","floor":41},{"not_picked":[],"picked":"Melter+1","floor":46},{"not_picked":[],"picked":"Go for the Eyes+1","floor":48},{"not_picked":[],"picked":"Double Energy+1","floor":54}],"player_experience":133756,"relics_obtained":[{"floor":7,"key":"Dodecahedron"},{"floor":9,"key":"Frozen Egg 2"},{"floor":24,"key":"MawBank"},{"floor":37,"key":"Mango"},{"floor":43,"key":"Bronze Scales"},{"floor":43,"key":"Whetstone"},{"floor":54,"key":"Strawberry"}],"event_choices":[{"damage_healed":0,"gold_gain":0,"cards_transformed":["Strike_B"],"player_choice":"Change","damage_taken":0,"max_hp_gain":0,"max_hp_loss":0,"event_name":"Living Wall","floor":2,"gold_loss":0,"cards_obtained":["Hologram"]},{"damage_healed":0,"gold_gain":0,"player_choice":"Take Wound","damage_taken":0,"relics_obtained":["Golden Idol"],"max_hp_gain":0,"max_hp_loss":0,"event_name":"Golden Idol","floor":3,"gold_loss":0,"cards_obtained":["Injury"]},{"damage_healed":0,"gold_gain":275,"player_choice":"Desecrate","damage_taken":0,"max_hp_gain":0,"max_hp_loss":0,"event_name":"Golden Shrine","floor":5,"gold_loss":0,"cards_obtained":["Regret"]},{"damage_healed":0,"gold_gain":0,"player_choice":"Bought 0 Potions","damage_taken":0,"max_hp_gain":0,"max_hp_loss":0,"event_name":"The Woman in Blue","floor":11,"gold_loss":0},{"damage_healed":0,"gold_gain":0,"player_choice":"Ignored","damage_taken":0,"max_hp_gain":0,"max_hp_loss":0,"event_name":"Vampires","floor":21,"gold_loss":0},{"cards_removed":["Injury"],"damage_healed":0,"gold_gain":0,"player_choice":"Purged","damage_taken":0,"max_hp_gain":0,"max_hp_loss":0,"event_name":"Purifier","floor":28,"gold_loss":0},{"damage_healed":0,"gold_gain":0,"player_choice":"Gave Idol","damage_taken":0,"relics_obtained":["Bloody Idol"],"max_hp_gain":0,"max_hp_loss":0,"event_name":"Forgotten Altar","floor":30,"relics_lost":["Golden Idol"],"gold_loss":0},{"damage_healed":0,"gold_gain":0,"player_choice":"Fight","damage_taken":0,"max_hp_gain":0,"max_hp_loss":0,"event_name":"MindBloom","floor":37,"gold_loss":0},{"damage_healed":22,"gold_gain":0,"player_choice":"Writhe","damage_taken":0,"max_hp_gain":0,"max_hp_loss":0,"event_name":"Winding Halls","floor":42,"gold_loss":0,"cards_obtained":["Writhe"]},{"damage_healed":0,"gold_gain":0,"player_choice":"1 cards matched","damage_taken":0,"max_hp_gain":0,"max_hp_loss":0,"event_name":"Match and Keep!","floor":44,"gold_loss":0,"cards_obtained":["Ball Lightning"]}],"is_beta":false,"boss_relics":[{"not_picked":["Velvet Choker","Runic Dome"],"picked":"Busted Crown"},{"not_picked":["Empty Cage","Eternal Feather"],"picked":"Cursed Key"}],"items_purged_floors":[13],"is_endless":false,"potions_floor_spawned":[7,10,16,22,24,33,37,41,46],"killed_by":"The Heart","ascension_level":1}