{"gold_per_floor":[110,110,110,135,135,135,160,335,335,349,367,89,89,10,10,140,140,154,69,92,142,165,165,189,202,254,254,254],"floor_reached":28,"playtime":2124,"items_purged":["Regret"],"score":231,"play_id":"98d9db5e-0a96-4538-8355-c4396db73436","local_time":"20190807010407","is_ascension_mode":true,"campfire_choices":[{"data":"Dagger Spray","floor":6,"key":"SMITH"},{"data":"Noxious Fumes","floor":15,"key":"SMITH"},{"floor":23,"key":"REST"}],"neow_cost":"NONE","seed_source_timestamp":433449352219252,"circlet_count":0,"master_deck":["Strike_G","Strike_G","Strike_G","Strike_G","Strike_G","Defend_G","Defend_G","Defend_G","Defend_G","Defend_G","Survivor","Neutralize","Sucker Punch","Dagger Spray+1","Accuracy","Doubt","Deadly Poison","Flying Knee","Noxious Fumes+1","Corpse Explosion","Dodge and Roll+1","Deflect","Catalyst+1","Choke","Dodge and Roll","Deadly Poison","Pain"],"relics":["Ring of the Snake","NeowsBlessing","Golden Idol","Juzu Bracelet","Pocketwatch","Lee\u0027s Waffle","Blue Candle","Busted Crown","Dream Catcher","Potion Belt","WarpedTongs"],"potions_floor_usage":[16,22,22,28],"damage_taken":[{"damage":0,"enemies":"Jaw Worm","floor":1,"turns":1},{"damage":0,"enemies":"Small Slimes","floor":4,"turns":1},{"damage":0,"enemies":"2 Louse","floor":7,"turns":1},{"damage":10,"enemies":"Exordium Wildlife","floor":10,"turns":3},{"damage":14,"enemies":"Blue Slaver","floor":11,"turns":5},{"damage":25,"enemies":"The Guardian","floor":16,"turns":10},{"damage":22,"enemies":"Shell Parasite","floor":18,"turns":5},{"damage":4,"enemies":"3 Byrds","floor":20,"turns":5},{"damage":31,"enemies":"Sentry and Sphere","floor":22,"turns":5},{"damage":12,"enemies":"Cultist and Chosen","floor":24,"turns":4},{"damage":7,"enemies":"3 Cultists","floor":25,"turns":3},{"damage":20,"enemies":"Slavers","floor":28,"turns":2}],"seed_played":"-8578837908759889542","potions_obtained":[{"floor":1,"key":"SpeedPotion"},{"floor":10,"key":"Strength Potion"},{"floor":16,"key":"Block Potion"},{"floor":18,"key":"EssenceOfSteel"},{"floor":24,"key":"SkillPotion"},{"floor":25,"key":"SpeedPotion"}],"is_trial":false,"path_per_floor":["M","?","?","M","?","R","M","?","T","M","M","$","T","$","R","B",null,"M","?","M","?","M","R","M","M","T","?","E"],"character_chosen":"THE_SILENT","items_purchased":["Lee\u0027s Waffle","Noxious Fumes"],"campfire_rested":1,"item_purchase_floors":[12,14],"current_hp_per_floor":[70,70,65,65,65,65,65,65,65,55,41,72,72,72,72,47,72,50,50,46,46,15,36,24,17,17,17,0],"gold":254,"neow_bonus":"THREE_ENEMY_KILL","is_prod":false,"is_daily":false,"chose_seed":false,"campfire_upgraded":2,"win_rate":0,"timestamp":1565157847,"path_taken":["M","?","?","?","?","R","M","?","T","M","M","?","?","$","R","BOSS","M","?","M","?","M","R","M","M","T","?","E"],"build_version":"2019-07-17","purchased_purges":1,"victory":false,"max_hp_per_floor":[70,70,65,65,65,65,65,65,65,65,65,72,72,72,72,72,72,72,72,72,72,72,72,72,72,72,72,72],"card_choices":[{"not_picked":["Predator","Cloak And Dagger"],"picked":"Sucker Punch","floor":1},{"not_picked":["Blade Dance","Reflex"],"picked":"Dagger Spray","floor":4},{"not_picked":["Dagger Throw","Venomology"],"picked":"Accuracy","floor":7},{"not_picked":["Riddle With Holes","Flechettes"],"picked":"Deadly Poison","floor":10},{"not_picked":["Prepared","Escape Plan"],"picked":"Flying Knee","floor":11},{"not_picked":["Bullet Time","Night Terror"],"picked":"Corpse Explosion","floor":16},{"not_picked":[],"picked":"Dodge and Roll+1","floor":18},{"not_picked":[],"picked":"Deflect","floor":20},{"not_picked":[],"picked":"Catalyst+1","floor":22},{"not_picked":[],"picked":"Choke","floor":23},{"not_picked":[],"picked":"Dodge and Roll","floor":24},{"not_picked":[],"picked":"Deadly Poison","floor":25}],"player_experience":290135,"relics_obtained":[{"floor":9,"key":"Pocketwatch"},{"floor":13,"key":"Blue Candle"},{"floor":26,"key":"Potion Belt"}],"event_choices":[{"damage_healed":0,"gold_gain":0,"player_choice":"Ignored","damage_taken":0,"max_hp_gain":0,"max_hp_loss":0,"event_name":"Golden Wing","floor":2,"gold_loss":0},{"damage_healed":0,"gold_gain":0,"player_choice":"Lose Max HP","damage_taken":0,"relics_obtained":["Golden Idol"],"max_hp_gain":0,"max_hp_loss":5,"event_name":"Golden Idol","floor":3,"gold_loss":0},{"damage_healed":0,"gold_gain":0,"player_choice":"Box","damage_taken":0,"relics_obtained":["Juzu Bracelet"],"max_hp_gain":0,"max_hp_loss":0,"event_name":"Big Fish","floor":5,"gold_loss":0,"cards_obtained":["Regret"]},{"damage_healed":0,"gold_gain":175,"player_choice":"AGREE","damage_taken":0,"max_hp_gain":0,"max_hp_loss":0,"event_name":"Liars Game","floor":8,"gold_loss":0,"cards_obtained":["Doubt"]},{"damage_healed":0,"gold_gain":0,"player_choice":"Obtained Relic","damage_taken":0,"relics_obtained":["Dream Catcher"],"max_hp_gain":0,"max_hp_loss":0,"event_name":"Addict","floor":19,"gold_loss":85},{"damage_healed":0,"gold_gain":100,"player_choice":"Bet on Murderer","damage_taken":0,"max_hp_gain":0,"max_hp_loss":0,"event_name":"The Joust","floor":21,"gold_loss":50},{"damage_healed":0,"gold_gain":0,"player_choice":"Rummage","damage_taken":0,"relics_obtained":["WarpedTongs"],"max_hp_gain":0,"max_hp_loss":0,"event_name":"Accursed Blacksmith","floor":27,"gold_loss":0,"cards_obtained":["Pain"]}],"is_beta":false,"boss_relics":[{"not_picked":["Orrery","Cursed Key"],"picked":"Busted Crown"}],"items_purged_floors":[12],"is_endless":false,"potions_floor_spawned":[1,10,16,18,24,25],"killed_by":"Slavers","ascension_level":2}