{"gold_per_floor":[116,116,41,61,71,103,103,136,163,173,173,205,205,218,218,317,317,329,254,254],"floor_reached":20,"playtime":1330,"items_purged":["Defend_R"],"score":271,"play_id":"1f2ea1fd-9aec-43dc-9692-5f7ea0c8a218","local_time":"20190902135208","is_ascension_mode":true,"campfire_choices":[{"data":"Bash","floor":7,"key":"SMITH"},{"data":"Clothesline","floor":11,"key":"SMITH"},{"floor":13,"key":"REST"},{"data":"Demon Form","floor":15,"key":"SMITH"}],"neow_cost":"NONE","seed_source_timestamp":467415099149100,"circlet_count":0,"master_deck":["Strike_R","Strike_R","Strike_R","Defend_R","Defend_R","Defend_R","Bash+1","Spot Weakness","Demon Form+1","Clothesline+1","Shockwave","Inflame","Power Through","Feed"],"relics":["Burning Blood","Pen Nib","Red Skull","Dream Catcher","Vajra","Busted Crown"],"potions_floor_usage":[8,12],"damage_taken":[{"damage":9,"enemies":"2 Louse","floor":1,"turns":3},{"damage":1,"enemies":"Cultist","floor":4,"turns":3},{"damage":8,"enemies":"Jaw Worm","floor":5,"turns":4},{"damage":37,"enemies":"Gremlin Nob","floor":6,"turns":5},{"damage":30,"enemies":"Lagavulin","floor":8,"turns":7},{"damage":2,"enemies":"2 Fungi Beasts","floor":10,"turns":3},{"damage":40,"enemies":"3 Sentries","floor":12,"turns":7},{"damage":3,"enemies":"Looter","floor":14,"turns":2},{"damage":36,"enemies":"Hexaghost","floor":16,"turns":10},{"damage":9,"enemies":"Shell Parasite","floor":18,"turns":4},{"damage":0,"enemies":"3 Byrds","floor":20,"turns":1}],"seed_played":"8839417506466078457","potions_obtained":[{"floor":1,"key":"FairyPotion"},{"floor":4,"key":"Poison Potion"},{"floor":10,"key":"Regen Potion"},{"floor":12,"key":"Weak Potion"},{"floor":16,"key":"AttackPotion"}],"is_trial":false,"path_per_floor":["M","?","$","M","M","E","R","E","T","M","R","E","R","M","R","B",null,"M","?","M"],"character_chosen":"IRONCLAD","items_purchased":[],"campfire_rested":1,"item_purchase_floors":[],"current_hp_per_floor":[85,85,85,88,86,55,55,31,31,35,35,16,42,45,45,15,70,67,67,67],"gold":254,"neow_bonus":"TEN_PERCENT_HP_BONUS","is_prod":false,"is_daily":false,"chose_seed":false,"campfire_upgraded":3,"win_rate":0,"timestamp":1567446728,"path_taken":["M","?","?","M","M","E","R","E","T","?","R","E","R","M","R","BOSS","M","?","M"],"build_version":"2019-07-17","purchased_purges":1,"victory":false,"max_hp_per_floor":[88,88,88,88,88,88,88,88,88,88,88,88,88,88,88,88,88,88,88,88],"card_choices":[{"not_picked":["Corruption","Sever Soul","Perfected Strike"],"picked":"SKIP","floor":1},{"not_picked":["Heavy Blade","Perfected Strike"],"picked":"Spot Weakness","floor":4},{"not_picked":["Offering","Armaments","Feel No Pain"],"picked":"SKIP","floor":5},{"not_picked":["Thunderclap","Seeing Red"],"picked":"Demon Form","floor":6},{"not_picked":["Blood for Blood","Barricade"],"picked":"Clothesline","floor":8},{"not_picked":["Armaments","Inflame"],"picked":"Shockwave","floor":10},{"not_picked":["True Grit","Sword Boomerang"],"picked":"Inflame","floor":12},{"not_picked":["Combust","Armaments"],"picked":"Power Through","floor":14},{"not_picked":["Impervious","Demon Form"],"picked":"Feed","floor":16},{"not_picked":["Bloodletting+1"],"picked":"SKIP","floor":18}],"player_experience":140004,"relics_obtained":[{"floor":6,"key":"Pen Nib"},{"floor":8,"key":"Red Skull"},{"floor":9,"key":"Dream Catcher"},{"floor":12,"key":"Vajra"}],"event_choices":[{"cards_removed":["Strike_R"],"damage_healed":0,"gold_gain":0,"player_choice":"Purged","damage_taken":0,"max_hp_gain":0,"max_hp_loss":0,"event_name":"Purifier","floor":2,"gold_loss":0},{"cards_removed":["Strike_R"],"damage_healed":0,"gold_gain":0,"player_choice":"Gave Gold","damage_taken":0,"max_hp_gain":0,"max_hp_loss":0,"event_name":"Beggar","floor":19,"gold_loss":75}],"is_beta":false,"boss_relics":[{"not_picked":["Runic Cube","Cursed Key"],"picked":"Busted Crown"}],"items_purged_floors":[3],"is_endless":false,"potions_floor_spawned":[1,4,10,12,16],"killed_by":"3 Byrds","ascension_level":5}