{"gold_per_floor":[216,291,302,302,313,313,104,121,121,121,139,39,57,75,75,177,177,195,195,120,120],"floor_reached":21,"playtime":1090,"items_purged":["Strike_B","Strike_B"],"score":171,"play_id":"8720ceef-7756-4339-b20b-c383c8ced537","local_time":"20190617235935","is_ascension_mode":false,"campfire_choices":[{"data":"Zap","floor":6,"key":"SMITH"},{"data":"Sweeping Beam","floor":10,"key":"SMITH"},{"floor":15,"key":"REST"}],"neow_cost":"NONE","seed_source_timestamp":51899912794852,"circlet_count":0,"master_deck":["Strike_B","Defend_B","Defend_B","Defend_B","Defend_B","Zap+1","Dualcast","Go for the Eyes","Loop","Storm","Barrage","Sweeping Beam+1","Force Field","Amplify","Heatsinks"],"relics":["Cracked Core","Inserter"],"potions_floor_usage":[],"damage_taken":[{"damage":1,"enemies":"Cultist","floor":1,"turns":3},{"damage":0,"enemies":"Small Slimes","floor":3,"turns":2},{"damage":1,"enemies":"Jaw Worm","floor":5,"turns":4},{"damage":5,"enemies":"3 Louse","floor":8,"turns":3},{"damage":8,"enemies":"2 Fungi Beasts","floor":11,"turns":3},{"damage":4,"enemies":"Red Slaver","floor":13,"turns":2},{"damage":7,"enemies":"Looter","floor":14,"turns":3},{"damage":49,"enemies":"Slime Boss","floor":16,"turns":11},{"damage":26,"enemies":"3 Byrds","floor":18,"turns":5},{"damage":43,"enemies":"Colosseum Slavers","floor":19,"turns":6},{"damage":9,"enemies":"Spheric Guardian","floor":21,"turns":4}],"seed_played":"-1134070107490463689","potions_obtained":[{"floor":8,"key":"Swift Potion"},{"floor":13,"key":"Energy Potion"},{"floor":16,"key":"Poison Potion"}],"is_trial":false,"path_per_floor":["M","?","M","?","M","R","$","M","T","R","M","$","M","M","R","B",null,"M","?","$","M"],"character_chosen":"DEFECT","items_purchased":["Storm","Barrage","Heatsinks"],"campfire_rested":1,"item_purchase_floors":[7,7,20],"current_hp_per_floor":[74,63,63,63,62,62,62,57,57,57,49,49,45,38,60,11,75,49,6,6,0],"gold":120,"neow_bonus":"HUNDRED_GOLD","is_prod":false,"is_daily":false,"chose_seed":false,"campfire_upgraded":2,"win_rate":0,"timestamp":1560841175,"path_taken":["M","?","M","?","?","R","$","M","T","R","M","$","M","M","R","BOSS","M","?","$","M"],"build_version":"2019-01-23","purchased_purges":2,"victory":false,"max_hp_per_floor":[75,75,75,75,75,75,75,75,75,75,75,75,75,75,75,75,75,75,75,75,75],"card_choices":[{"not_picked":["Steam","Coolheaded"],"picked":"Go for the Eyes","floor":1},{"not_picked":["Steam","Steam Power"],"picked":"Loop","floor":3},{"not_picked":["Conserve Battery","Coolheaded","Blizzard"],"picked":"SKIP","floor":5},{"not_picked":["Rip and Tear","Compile Driver"],"picked":"Sweeping Beam","floor":8},{"not_picked":["Reinforced Body","Beam Cell","Fission"],"picked":"SKIP","floor":11},{"not_picked":["Streamline","FTL"],"picked":"Force Field","floor":13},{"not_picked":["Beam Cell","Coolheaded","Cold Snap"],"picked":"SKIP","floor":14},{"not_picked":["Biased Cognition","Meteor Strike"],"picked":"Amplify","floor":16},{"not_picked":["Conserve Battery","Turbo","Redo+1"],"picked":"SKIP","floor":18}],"player_experience":217595,"relics_obtained":[],"event_choices":[{"damage_healed":0,"gold_gain":75,"player_choice":"Gather Gold","damage_taken":11,"max_hp_gain":0,"max_hp_loss":0,"event_name":"World of Goop","floor":2,"gold_loss":0},{"cards_removed":["Strike_B"],"damage_healed":0,"gold_gain":0,"player_choice":"Forget","damage_taken":0,"max_hp_gain":0,"max_hp_loss":0,"event_name":"Living Wall","floor":4,"gold_loss":0},{"damage_healed":0,"gold_gain":0,"player_choice":"Fight","damage_taken":0,"max_hp_gain":0,"max_hp_loss":0,"event_name":"Colosseum","floor":19,"gold_loss":0},{"damage_healed":0,"gold_gain":0,"player_choice":"Fled From Nobs","damage_taken":0,"max_hp_gain":0,"max_hp_loss":0,"event_name":"Colosseum","floor":19,"gold_loss":0}],"is_beta":false,"boss_relics":[{"not_picked":["Runic Pyramid","Eternal Feather"],"picked":"Inserter"}],"items_purged_floors":[7,12],"is_endless":false,"potions_floor_spawned":[8,13,16,18,19],"killed_by":"Spheric Guardian","ascension_level":0}