{"gold_per_floor":[111,122,137,152,152,152,169,169,169,181,181,181,28,41,41,140,140,152,152,162,84,84],"floor_reached":22,"playtime":1108,"items_purged":["Strike_G"],"score":178,"play_id":"1b5ed425-a9a6-4e4e-95a6-344c62c80415","local_time":"20190829012648","is_ascension_mode":false,"campfire_choices":[{"data":"Neutralize","floor":6,"key":"SMITH"},{"data":"Survivor","floor":8,"key":"SMITH"},{"data":"Die Die Die","floor":11,"key":"SMITH"},{"floor":15,"key":"REST"}],"neow_cost":"NONE","seed_source_timestamp":1303333789048437,"circlet_count":0,"master_deck":["Strike_G","Strike_G","Defend_G","Defend_G","Defend_G","Defend_G","Defend_G","Survivor+1","Neutralize+1","Dagger Throw","PiercingWail","Catalyst","Die Die Die+1","Cloak And Dagger","Dagger Throw","Poisoned Stab","Backflip","Predator","Corpse Explosion","Leg Sweep","Backflip","Dash","PiercingWail","Bouncing Flask","Acrobatics","Noxious Fumes"],"relics":["Ring of the Snake","Bottled Flame","Orrery","Orichalcum"],"potions_floor_usage":[16,16],"damage_taken":[{"damage":2,"enemies":"Small Slimes","floor":1,"turns":5},{"damage":6,"enemies":"Jaw Worm","floor":2,"turns":5},{"damage":0,"enemies":"2 Louse","floor":3,"turns":4},{"damage":18,"enemies":"Exordium Thugs","floor":4,"turns":8},{"damage":2,"enemies":"3 Louse","floor":7,"turns":2},{"damage":3,"enemies":"Exordium Wildlife","floor":10,"turns":3},{"damage":0,"enemies":"Looter","floor":14,"turns":3},{"damage":48,"enemies":"The Guardian","floor":16,"turns":18},{"damage":23,"enemies":"Spheric Guardian","floor":18,"turns":10},{"damage":35,"enemies":"3 Byrds","floor":20,"turns":7}],"seed_played":"-6853492826979753321","potions_obtained":[{"floor":2,"key":"GamblersBrew"},{"floor":10,"key":"EssenceOfSteel"},{"floor":14,"key":"Poison Potion"},{"floor":18,"key":"LiquidBronze"},{"floor":20,"key":"SneckoOil"}],"is_trial":false,"path_per_floor":["M","M","M","M","?","R","M","R","T","M","R","?","$","M","R","B",null,"M","?","M","$","?"],"character_chosen":"THE_SILENT","items_purchased":["Poisoned Stab","Backflip","Noxious Fumes"],"campfire_rested":1,"item_purchase_floors":[13,13,21],"current_hp_per_floor":[68,62,62,44,44,44,42,42,42,39,39,32,32,32,53,5,70,47,47,12,12,0],"gold":84,"neow_bonus":"REMOVE_CARD","is_prod":false,"is_daily":false,"chose_seed":false,"campfire_upgraded":3,"win_rate":0,"timestamp":1567034808,"path_taken":["M","M","M","M","?","R","M","R","T","M","R","?","$","M","R","BOSS","M","?","M","?","?"],"build_version":"2019-07-17","purchased_purges":1,"victory":false,"max_hp_per_floor":[70,70,70,70,70,70,70,70,70,70,70,70,70,70,70,70,70,70,70,70,70,75],"card_choices":[{"not_picked":["Dodge and Roll","PiercingWail"],"picked":"Dagger Throw","floor":1},{"not_picked":["Acrobatics","Sucker Punch"],"picked":"PiercingWail","floor":2},{"not_picked":["Blade Dance","Tactician"],"picked":"Catalyst","floor":3},{"not_picked":["Deflect","Slice"],"picked":"Die Die Die","floor":4},{"not_picked":["Outmaneuver","Acrobatics"],"picked":"Cloak And Dagger","floor":7},{"not_picked":["Finisher","A Thousand Cuts"],"picked":"Dagger Throw","floor":10},{"not_picked":["Dodge and Roll","Acrobatics"],"picked":"Predator","floor":14},{"not_picked":["Glass Knife","After Image"],"picked":"Corpse Explosion","floor":16},{"not_picked":["Underhanded Strike","Slice"],"picked":"Leg Sweep","floor":17},{"not_picked":["Dagger Spray","Sucker Punch"],"picked":"Backflip","floor":17},{"not_picked":["Reflex","Riddle With Holes"],"picked":"Dash","floor":17},{"not_picked":["Underhanded Strike","Dagger Spray"],"picked":"PiercingWail","floor":17},{"not_picked":["Flying Knee","Underhanded Strike"],"picked":"Bouncing Flask","floor":18},{"not_picked":["Expertise","Deadly Poison"],"picked":"Acrobatics","floor":20}],"player_experience":74918,"relics_obtained":[{"floor":9,"key":"Bottled Flame"}],"event_choices":[{"damage_healed":0,"gold_gain":0,"player_choice":"Ignored","damage_taken":0,"max_hp_gain":0,"max_hp_loss":0,"event_name":"Shining Light","floor":5,"gold_loss":0},{"cards_removed":["Strike_G"],"damage_healed":0,"gold_gain":0,"player_choice":"Card Removal","damage_taken":7,"max_hp_gain":0,"max_hp_loss":0,"event_name":"Golden Wing","floor":12,"gold_loss":0},{"damage_healed":0,"gold_gain":0,"player_choice":"Gave Potion","damage_taken":0,"relics_obtained":["Orichalcum"],"max_hp_gain":0,"max_hp_loss":0,"event_name":"WeMeetAgain","floor":19,"gold_loss":0}],"is_beta":false,"boss_relics":[{"not_picked":["HoveringKite","Sozu"],"picked":"Orrery"}],"items_purged_floors":[13],"is_endless":false,"potions_floor_spawned":[2,10,14,18,20],"ascension_level":0}