{"gold_per_floor":[115,115,131,131,142,142,158,158,158,172,28,46,75,75,75,75],"floor_reached":16,"playtime":809,"items_purged":[],"score":102,"play_id":"032e145b-bdb5-4658-bc9f-2456504fb3a1","local_time":"20190503190905","is_ascension_mode":false,"campfire_choices":[{"data":"Panacea","floor":6,"key":"SMITH"},{"data":"Sweeping Beam","floor":8,"key":"SMITH"},{"data":"Zap","floor":15,"key":"SMITH"}],"neow_cost":"NONE","seed_source_timestamp":34218174215228,"circlet_count":0,"master_deck":["Strike_B","Strike_B","Strike_B","Strike_B","Defend_B","Defend_B","Defend_B","Defend_B","Zap+1","Dualcast","Panacea+1","Melter","Sweeping Beam+1","Leap","Capacitor"],"relics":["Cracked Core","Lantern","Singing Bowl"],"potions_floor_usage":[],"damage_taken":[{"damage":0,"enemies":"Cultist","floor":1,"turns":4},{"damage":1,"enemies":"Jaw Worm","floor":3,"turns":3},{"damage":2,"enemies":"Small Slimes","floor":5,"turns":3},{"damage":5,"enemies":"Looter","floor":7,"turns":3},{"damage":4,"enemies":"Blue Slaver","floor":10,"turns":3},{"damage":9,"enemies":"Exordium Wildlife","floor":12,"turns":3},{"damage":17,"enemies":"3 Sentries","floor":13,"turns":9},{"damage":35,"enemies":"Hexaghost","floor":16,"turns":8}],"seed_played":"245775465123289343","potions_obtained":[{"floor":3,"key":"Regen Potion"},{"floor":12,"key":"Explosive Potion"},{"floor":13,"key":"SkillPotion"}],"is_trial":false,"path_per_floor":["M","$","M","?","M","R","M","R","T","M","$","M","E","?","R","B"],"character_chosen":"DEFECT","items_purchased":["Lantern"],"campfire_rested":0,"item_purchase_floors":[11],"current_hp_per_floor":[75,75,74,74,72,72,67,67,67,63,63,54,39,32,32,0],"gold":75,"neow_bonus":"RANDOM_COLORLESS","is_prod":false,"is_daily":false,"chose_seed":false,"campfire_upgraded":3,"win_rate":0,"timestamp":1556935745,"path_taken":["M","$","M","?","M","R","M","R","T","?","$","M","E","?","R","BOSS"],"build_version":"2019-01-23","purchased_purges":0,"victory":false,"max_hp_per_floor":[75,75,75,75,75,75,75,75,75,75,75,75,77,77,77,77],"card_choices":[{"not_picked":["Redo","Glacier","Beam Cell"],"picked":"SKIP","floor":1},{"not_picked":["Genetic Algorithm","Conserve Battery"],"picked":"Melter","floor":3},{"not_picked":["Redo","Rebound","Rip and Tear"],"picked":"SKIP","floor":5},{"not_picked":["Barrage","Undo"],"picked":"Sweeping Beam","floor":7},{"not_picked":["Doom and Gloom","Streamline"],"picked":"Leap","floor":10},{"not_picked":["Compile Driver","Rebound"],"picked":"Capacitor","floor":12},{"not_picked":["Echo Form","Lockon","Rebound"],"picked":"Singing Bowl","floor":13}],"player_experience":112384,"relics_obtained":[{"floor":13,"key":"Singing Bowl"}],"event_choices":[{"damage_healed":0,"gold_gain":0,"player_choice":"Bought 0 Potions","damage_taken":0,"max_hp_gain":0,"max_hp_loss":0,"event_name":"The Woman in Blue","floor":4,"gold_loss":0},{"damage_healed":0,"gold_gain":0,"player_choice":"Damaged","damage_taken":7,"max_hp_gain":0,"max_hp_loss":0,"event_name":"Wheel of Change","floor":14,"gold_loss":0}],"is_beta":false,"boss_relics":[],"items_purged_floors":[],"is_endless":false,"potions_floor_spawned":[3,12,13],"killed_by":"Hexaghost","ascension_level":0}