{"gold_per_floor":[118,118,129,148,159,159,173,173,173,173,173,207,222,238,238,238],"floor_reached":16,"playtime":1245,"items_purged":[],"score":114,"play_id":"69aa308f-ebf9-438c-be1c-f607b86c3716","local_time":"20190802205905","is_ascension_mode":true,"campfire_choices":[{"data":"Slice","floor":6,"key":"SMITH"},{"data":"Eviscerate","floor":8,"key":"SMITH"},{"data":"Flying Knee","floor":10,"key":"SMITH"},{"floor":15,"key":"REST"}],"neow_cost":"NONE","seed_source_timestamp":73999916422822,"circlet_count":0,"master_deck":["Strike_G","Strike_G","Strike_G","Strike_G","Strike_G","Defend_G","Defend_G","Defend_G","Defend_G","Survivor","Slice+1","Underhanded Strike","Cloak And Dagger","Flying Knee+1","Eviscerate+1","Bouncing Flask","Predator","Dagger Throw","Dagger Throw"],"relics":["Ring of the Snake","NeowsBlessing","Dodecahedron","Pantograph"],"potions_floor_usage":[13],"damage_taken":[{"damage":0,"enemies":"Jaw Worm","floor":1,"turns":1},{"damage":0,"enemies":"Cultist","floor":3,"turns":1},{"damage":0,"enemies":"2 Louse","floor":4,"turns":1},{"damage":4,"enemies":"2 Fungi Beasts","floor":5,"turns":4},{"damage":5,"enemies":"Blue Slaver","floor":7,"turns":5},{"damage":41,"enemies":"3 Sentries","floor":12,"turns":9},{"damage":15,"enemies":"Lots of Slimes","floor":13,"turns":5},{"damage":14,"enemies":"Red Slaver","floor":14,"turns":2},{"damage":58,"enemies":"Slime Boss","floor":16,"turns":8}],"seed_played":"5091907494220463979","potions_obtained":[{"floor":1,"key":"Energy Potion"},{"floor":5,"key":"Strength Potion"},{"floor":7,"key":"Regen Potion"},{"floor":14,"key":"SteroidPotion"}],"is_trial":false,"path_per_floor":["M","?","M","M","M","R","M","R","T","R","?","E","M","M","R","B"],"character_chosen":"THE_SILENT","items_purchased":[],"campfire_rested":1,"item_purchase_floors":[],"current_hp_per_floor":[70,70,70,70,66,66,61,61,61,61,61,20,19,5,26,0],"gold":238,"neow_bonus":"THREE_ENEMY_KILL","is_prod":false,"is_daily":false,"chose_seed":false,"campfire_upgraded":3,"win_rate":0,"timestamp":1564797545,"path_taken":["M","?","M","?","?","R","M","R","T","R","?","E","M","M","R","BOSS"],"build_version":"2019-07-17","purchased_purges":0,"victory":false,"max_hp_per_floor":[70,70,70,70,70,70,70,70,70,70,70,70,70,70,70,70],"card_choices":[{"not_picked":["Backstab","Blade Dance"],"picked":"Slice","floor":1},{"not_picked":["Escape Plan","Footwork"],"picked":"Underhanded Strike","floor":3},{"not_picked":["Heel Hook","Deflect"],"picked":"Cloak And Dagger","floor":4},{"not_picked":["Footwork","Prepared"],"picked":"Flying Knee","floor":5},{"not_picked":["Adrenaline","Quick Slash"],"picked":"Eviscerate","floor":7},{"not_picked":["Sucker Punch","Tactician"],"picked":"Predator","floor":12},{"not_picked":["Adrenaline","Underhanded Strike"],"picked":"Dagger Throw","floor":13},{"not_picked":["Deflect","Acrobatics"],"picked":"Dagger Throw","floor":14}],"player_experience":267734,"relics_obtained":[{"floor":9,"key":"Dodecahedron"},{"floor":12,"key":"Pantograph"}],"event_choices":[{"cards_removed":["Neutralize"],"damage_healed":0,"gold_gain":0,"player_choice":"Offered Basic","damage_taken":0,"max_hp_gain":0,"max_hp_loss":0,"event_name":"Bonfire Elementals","floor":2,"gold_loss":0},{"damage_healed":0,"gold_gain":0,"cards_transformed":["Defend_G"],"player_choice":"Change","damage_taken":0,"max_hp_gain":0,"max_hp_loss":0,"event_name":"Living Wall","floor":11,"gold_loss":0,"cards_obtained":["Bouncing Flask"]}],"is_beta":false,"boss_relics":[],"items_purged_floors":[],"is_endless":false,"potions_floor_spawned":[1,5,7,14],"killed_by":"Slime Boss","ascension_level":2}