{"gold_per_floor":[111,124,124,124,44,44,82,33,60,73,73,73,73,96,96,221,221,239,35,58,79,103,103,11,11,11,11,11,51,51,64,64,193,193,214,237,46,66,80,80,140,140,192,192,40,59,59,59,59,59],"floor_reached":50,"playtime":4064,"items_purged":[],"score":558,"play_id":"2f44564e-2324-4388-8bae-6c17244352ba","local_time":"20190630184250","is_ascension_mode":true,"campfire_choices":[{"data":"Die Die Die","floor":6,"key":"SMITH"},{"floor":11,"key":"REST"},{"floor":13,"key":"REST"},{"data":"Bane","floor":15,"key":"SMITH"},{"floor":23,"key":"REST"},{"floor":30,"key":"REST"},{"data":"Backstab","floor":32,"key":"SMITH"},{"floor":40,"key":"REST"},{"floor":42,"key":"REST"},{"floor":44,"key":"DIG"},{"floor":49,"key":"DIG"}],"neow_cost":"NONE","seed_source_timestamp":1072709084402247,"circlet_count":0,"master_deck":["Defend_G","Defend_G","Defend_G","Defend_G","Defend_G","Strike_G","Strike_G","Survivor","Neutralize","Die Die Die+1","Backstab","All Out Attack","Regret","Injury","Noxious Fumes","Flying Knee","Quick Slash","Bane+1","Adrenaline","Dodge and Roll","Masterful Stab","Dagger Spray","Outmaneuver","Trip","RitualDagger","Backstab+1","Bane+1","Phantasmal Killer","Backstab+1","Infinite Blades+1","Bullet Time+1","Quick Slash+1","Dagger Spray+1","Dagger Spray+1","Poisoned Stab+1","Compile Driver+1","Discovery","Slice+1","Doubt","Writhe"],"relics":["Ring of the Snake","Shuriken","Golden Idol","Happy Flower","Vajra","Ornamental Fan","Lizard Tail","TwistedFunnel","Regal Pillow","Bottled Lightning","Lantern","Astrolabe","PrismaticShard","Shovel","Dream Catcher","Prayer Wheel","Pen Nib","Anchor"],"potions_floor_usage":[7,33,33,33,41,50,50,50],"damage_taken":[{"damage":6,"enemies":"2 Louse","floor":1,"turns":2},{"damage":1,"enemies":"Jaw Worm","floor":2,"turns":3},{"damage":23,"enemies":"Gremlin Nob","floor":7,"turns":4},{"damage":0,"enemies":"Small Slimes","floor":10,"turns":3},{"damage":0,"enemies":"3 Louse","floor":14,"turns":1},{"damage":2,"enemies":"Slime Boss","floor":16,"turns":5},{"damage":2,"enemies":"Shell Parasite","floor":18,"turns":4},{"damage":15,"enemies":"2 Thieves","floor":20,"turns":2},{"damage":6,"enemies":"Chosen and Byrds","floor":21,"turns":4},{"damage":6,"enemies":"Shelled Parasite and Fungi","floor":22,"turns":3},{"damage":4,"enemies":"Gremlin Leader","floor":29,"turns":3},{"damage":2,"enemies":"Snecko","floor":31,"turns":3},{"damage":94,"enemies":"Automaton","floor":33,"turns":8},{"damage":0,"enemies":"3 Darklings","floor":35,"turns":2},{"damage":23,"enemies":"3 Shapes","floor":36,"turns":2},{"damage":3,"enemies":"Transient","floor":38,"turns":5},{"damage":24,"enemies":"Spire Growth","floor":39,"turns":3},{"damage":34,"enemies":"2 Orb Walkers","floor":41,"turns":4},{"damage":34,"enemies":"4 Shapes","floor":46,"turns":2},{"damage":76,"enemies":"Time Eater","floor":50,"turns":7}],"seed_played":"1107523085417310689","potions_obtained":[{"floor":2,"key":"PowerPotion"},{"floor":7,"key":"Swift Potion"},{"floor":20,"key":"Strength Potion"},{"floor":33,"key":"LiquidBronze"},{"floor":36,"key":"Poison Potion"},{"floor":39,"key":"Fire Potion"},{"floor":41,"key":"Block Potion"}],"is_trial":false,"path_per_floor":["M","M","?","?","$","R","E","$","T","M","R","T","R","M","R","B",null,"M","$","M","M","M","R","$","?","T","?","T","E","R","M","R","B",null,"M","M","$","M","M","R","?","R","T","R","$","M","?","?","R","B"],"character_chosen":"THE_SILENT","items_purchased":["Noxious Fumes","Strength Potion","TwistedFunnel","Trip","PrismaticShard","Pen Nib"],"campfire_rested":6,"item_purchase_floors":[5,8,19,24,37,45],"current_hp_per_floor":[64,63,63,63,63,63,40,40,40,40,61,61,70,70,70,68,70,68,68,53,47,41,62,62,62,62,56,56,52,70,68,68,27,70,70,47,47,44,20,56,22,58,58,58,58,24,70,70,70,0],"gold":59,"neow_bonus":"ONE_RANDOM_RARE_CARD","is_prod":false,"is_daily":false,"chose_seed":false,"campfire_upgraded":3,"win_rate":0,"timestamp":1561938170,"path_taken":["M","M","?","?","?","R","E","$","T","M","R","?","R","M","R","BOSS","M","$","M","M","M","R","$","?","T","?","?","E","R","?","R","BOSS","M","M","$","?","M","R","?","R","T","R","$","M","?","?","R","BOSS"],"build_version":"2019-01-23","purchased_purges":0,"victory":false,"max_hp_per_floor":[70,70,70,70,70,70,70,70,70,70,70,70,70,70,70,70,70,70,70,70,70,70,70,70,70,70,70,70,70,70,70,70,70,70,70,70,70,70,70,70,70,70,70,70,70,70,70,70,70,70],"card_choices":[{"not_picked":["Outmaneuver","Leg Sweep"],"picked":"Backstab","floor":1},{"not_picked":["Eviscerate","Calculated Gamble"],"picked":"All Out Attack","floor":2},{"not_picked":["Deadly Poison","Malaise"],"picked":"Flying Knee","floor":7},{"not_picked":["Distraction","Backflip"],"picked":"Quick Slash","floor":10},{"not_picked":["Dodge and Roll","Crippling Poison"],"picked":"Bane","floor":14},{"not_picked":["Envenom","Glass Knife"],"picked":"Adrenaline","floor":16},{"not_picked":["Expertise+1","Accuracy"],"picked":"Dodge and Roll","floor":18},{"not_picked":["PiercingWail","Dodge and Roll"],"picked":"Masterful Stab","floor":20},{"not_picked":["Cloak And Dagger","Deadly Poison"],"picked":"Dagger Spray","floor":21},{"not_picked":["Dodge and Roll","Escape Plan"],"picked":"Outmaneuver","floor":22},{"not_picked":["Predator+1","Slice"],"picked":"Backstab","floor":29},{"not_picked":["Night Terror","Blade Dance"],"picked":"Bane+1","floor":31},{"not_picked":["Doppelganger","Unload"],"picked":"Phantasmal Killer","floor":33},{"not_picked":["Dagger Spray+1","Eviscerate+1"],"picked":"Quick Slash+1","floor":35},{"not_picked":["Acrobatics","Blade Dance+1"],"picked":"Dagger Spray+1","floor":36},{"not_picked":["True Grit+1","Coolheaded"],"picked":"Dagger Spray+1","floor":38},{"not_picked":["Coolheaded+1","Redo"],"picked":"Poisoned Stab+1","floor":39},{"not_picked":["Body Slam","Cold Snap"],"picked":"Compile Driver+1","floor":41},{"not_picked":["Redo","Master of Strategy"],"picked":"Discovery","floor":46},{"not_picked":["Poisoned Stab+1","Cloak And Dagger+1"],"picked":"Slice+1","floor":46}],"player_experience":46388,"relics_obtained":[{"floor":7,"key":"Happy Flower"},{"floor":9,"key":"Vajra"},{"floor":12,"key":"Ornamental Fan"},{"floor":26,"key":"Regal Pillow"},{"floor":28,"key":"Bottled Lightning"},{"floor":29,"key":"Lantern"},{"floor":41,"key":"Shovel"},{"floor":43,"key":"Dream Catcher"},{"floor":44,"key":"Prayer Wheel"},{"floor":49,"key":"Anchor"}],"event_choices":[{"damage_healed":0,"gold_gain":0,"player_choice":"Box","damage_taken":0,"relics_obtained":["Shuriken"],"max_hp_gain":0,"max_hp_loss":0,"event_name":"Big Fish","floor":3,"gold_loss":0,"cards_obtained":["Regret"]},{"damage_healed":0,"gold_gain":0,"player_choice":"Take Wound","damage_taken":0,"relics_obtained":["Golden Idol"],"max_hp_gain":0,"max_hp_loss":0,"event_name":"Golden Idol","floor":4,"gold_loss":0,"cards_obtained":["Injury"]},{"damage_healed":0,"gold_gain":0,"player_choice":"Ignored","damage_taken":0,"max_hp_gain":0,"max_hp_loss":0,"event_name":"Vampires","floor":25,"gold_loss":0},{"damage_healed":0,"gold_gain":0,"player_choice":"Joined the Cult","damage_taken":6,"max_hp_gain":0,"max_hp_loss":0,"event_name":"Nest","floor":27,"gold_loss":0,"cards_obtained":["RitualDagger"]},{"damage_healed":0,"gold_gain":0,"player_choice":"Fight","damage_taken":0,"max_hp_gain":0,"max_hp_loss":0,"event_name":"Mysterious Sphere","floor":41,"gold_loss":0},{"damage_healed":46,"gold_gain":0,"player_choice":"Heal","damage_taken":0,"max_hp_gain":0,"max_hp_loss":0,"event_name":"MindBloom","floor":47,"gold_loss":0,"cards_obtained":["Doubt"]},{"damage_healed":18,"gold_gain":0,"player_choice":"Writhe","damage_taken":0,"max_hp_gain":0,"max_hp_loss":0,"event_name":"Winding Halls","floor":48,"gold_loss":0,"cards_obtained":["Writhe"]}],"is_beta":false,"boss_relics":[{"not_picked":["Fusion Hammer","Eternal Feather"],"picked":"Lizard Tail"},{"not_picked":["Busted Crown","HoveringKite"],"picked":"Astrolabe"}],"items_purged_floors":[],"is_endless":false,"potions_floor_spawned":[2,7,20,29,33,36,39,41],"killed_by":"Time Eater","ascension_level":1}