{"gold_per_floor":[111,186,111,111,91,91,91,105,128,158,171,205,205,219,219,297,297,317,332,332,149,149,149,149,166,190,190,210,228,247,258,258,258],"floor_reached":33,"playtime":1052,"items_purged":["Shame"],"score":450,"play_id":"10af57da-5c08-4dc6-9935-17f43d34b3b8","local_time":"20190829185236","is_ascension_mode":true,"campfire_choices":[{"data":"Neutralize","floor":6,"key":"SMITH"},{"data":"Die Die Die","floor":13,"key":"SMITH"},{"floor":15,"key":"REST"},{"data":"Footwork","floor":23,"key":"SMITH"},{"data":"Die Die Die","floor":27,"key":"SMITH"},{"floor":32,"key":"REST"}],"neow_cost":"NONE","seed_source_timestamp":178247650850200,"circlet_count":0,"master_deck":["AscendersBane","Strike_G","Strike_G","Strike_G","Strike_G","Strike_G","Defend_G","Defend_G","Defend_G","Defend_G","Survivor","Neutralize+1","Predator","Die Die Die+1","Backflip","Die Die Die+1","Footwork+1","Riddle With Holes","Decay","Riddle With Holes","Flying Knee+1","Riddle With Holes+1","Malaise","Footwork"],"relics":["Velvet Choker","Oddly Smooth Stone","Matryoshka","PreservedInsect","Philosopher\u0027s Stone","Ancient Tea Set","MutagenicStrength","Ornamental Fan","Dream Catcher"],"potions_floor_usage":[12,16,29,33],"damage_taken":[{"damage":2,"enemies":"Jaw Worm","floor":1,"turns":5},{"damage":0,"enemies":"2 Louse","floor":8,"turns":2},{"damage":20,"enemies":"3 Sentries","floor":10,"turns":9},{"damage":0,"enemies":"Cultist","floor":11,"turns":3},{"damage":29,"enemies":"Lagavulin","floor":12,"turns":6},{"damage":4,"enemies":"Gremlin Gang","floor":14,"turns":4},{"damage":35,"enemies":"Slime Boss","floor":16,"turns":11},{"damage":9,"enemies":"Shell Parasite","floor":18,"turns":5},{"damage":2,"enemies":"Chosen","floor":19,"turns":4},{"damage":1,"enemies":"Snecko","floor":25,"turns":5},{"damage":29,"enemies":"Snake Plant","floor":28,"turns":3},{"damage":4,"enemies":"Centurion and Healer","floor":29,"turns":4},{"damage":0,"enemies":"3 Cultists","floor":30,"turns":4},{"damage":1,"enemies":"Snecko","floor":31,"turns":4},{"damage":49,"enemies":"Champ","floor":33,"turns":10}],"seed_played":"7872132834176626912","potions_obtained":[{"floor":5,"key":"Ancient Potion"},{"floor":11,"key":"Regen Potion"},{"floor":14,"key":"Fire Potion"},{"floor":18,"key":"Fire Potion"},{"floor":30,"key":"SpeedPotion"},{"floor":31,"key":"Energy Potion"}],"is_trial":false,"path_per_floor":["M","?","?","$","?","R","$","M","T","E","M","E","R","M","R","B",null,"M","M","?","$","?","R","?","M","T","R","M","M","M","M","R","B"],"character_chosen":"THE_SILENT","items_purchased":["Footwork","Riddle With Holes"],"campfire_rested":2,"item_purchase_floors":[21,21],"current_hp_per_floor":[57,57,57,57,57,57,57,57,57,37,37,23,23,19,38,3,50,41,39,39,39,39,39,39,38,38,38,9,5,5,4,23,0],"gold":258,"neow_bonus":"BOSS_RELIC","is_prod":false,"is_daily":false,"chose_seed":false,"campfire_upgraded":4,"win_rate":0,"timestamp":1567126356,"path_taken":["M","?","?","$","?","R","$","M","T","E","?","E","R","?","R","BOSS","M","M","?","$","?","R","?","M","T","R","M","M","M","M","R","BOSS"],"build_version":"2019-08-26","purchased_purges":1,"victory":false,"max_hp_per_floor":[66,66,66,66,66,66,66,66,66,66,66,66,66,66,66,66,66,66,66,66,66,66,66,66,66,66,66,66,66,66,66,66,66],"card_choices":[{"not_picked":["PiercingWail","Deadly Poison"],"picked":"Predator","floor":1},{"not_picked":["Underhanded Strike","Acrobatics","Outmaneuver"],"picked":"SKIP","floor":8},{"not_picked":["Deadly Poison","Underhanded Strike","Slice"],"picked":"SKIP","floor":10},{"not_picked":["Slice","Bane","Flying Knee"],"picked":"SKIP","floor":11},{"not_picked":["Crippling Poison","Deflect"],"picked":"Die Die Die","floor":12},{"not_picked":["Acrobatics","Underhanded Strike"],"picked":"Backflip","floor":14},{"not_picked":["Envenom","Corpse Explosion"],"picked":"Die Die Die","floor":16},{"not_picked":["Finisher","Cloak And Dagger","Flechettes"],"picked":"SKIP","floor":18},{"not_picked":["Bane","Underhanded Strike+1","Blade Dance"],"picked":"SKIP","floor":19},{"not_picked":["Dagger Throw","Bane"],"picked":"Riddle With Holes","floor":25},{"not_picked":["Slice","Flechettes"],"picked":"Flying Knee+1","floor":28},{"not_picked":["Flying Knee","Acrobatics+1","Slice"],"picked":"SKIP","floor":29},{"not_picked":["PiercingWail","Underhanded Strike"],"picked":"Riddle With Holes+1","floor":30},{"not_picked":["Deflect","Prepared"],"picked":"Malaise","floor":31},{"not_picked":["Backflip","Outmaneuver"],"picked":"Footwork","floor":32}],"player_experience":844991,"relics_obtained":[{"floor":9,"key":"Oddly Smooth Stone"},{"floor":10,"key":"Matryoshka"},{"floor":12,"key":"PreservedInsect"},{"floor":26,"key":"Ornamental Fan"},{"floor":26,"key":"Dream Catcher"}],"event_choices":[{"damage_healed":0,"gold_gain":75,"player_choice":"Gained Gold","damage_taken":0,"max_hp_gain":0,"max_hp_loss":0,"event_name":"Golden Wing","floor":2,"gold_loss":0},{"cards_removed":["Defend_G"],"damage_healed":0,"gold_gain":0,"player_choice":"Card Removal","damage_taken":0,"max_hp_gain":0,"max_hp_loss":0,"event_name":"The Cleric","floor":3,"gold_loss":75},{"damage_healed":0,"gold_gain":0,"player_choice":"Bought 1 Potion","damage_taken":0,"max_hp_gain":0,"max_hp_loss":0,"event_name":"The Woman in Blue","floor":5,"gold_loss":0},{"damage_healed":0,"gold_gain":0,"player_choice":"Stole Relic","damage_taken":0,"relics_obtained":["Ancient Tea Set"],"max_hp_gain":0,"max_hp_loss":0,"event_name":"Addict","floor":20,"gold_loss":0,"cards_obtained":["Shame"]},{"damage_healed":0,"gold_gain":0,"player_choice":"Smashed Altar","damage_taken":0,"max_hp_gain":0,"max_hp_loss":0,"event_name":"Forgotten Altar","floor":22,"gold_loss":0,"cards_obtained":["Decay"]},{"damage_healed":0,"gold_gain":0,"player_choice":"Inject Mutagens","damage_taken":0,"relics_obtained":["MutagenicStrength"],"max_hp_gain":0,"max_hp_loss":0,"event_name":"Drug Dealer","floor":24,"gold_loss":0}],"is_beta":true,"boss_relics":[{"not_picked":["Ectoplasm","Runic Dome"],"picked":"Philosopher\u0027s Stone"}],"items_purged_floors":[21],"is_endless":false,"potions_floor_spawned":[11,14,18,30,31],"killed_by":"Champ","ascension_level":15}