{"gold_per_floor":[113,133,153,60,60,60,94,94,94,94,94,114,114,114,114,215,215,235,86,99,115,15,15,86,86,166,182,202,220,319,336,336,435,435,455,85,85,85,99,99,99,99,99,114,128,143,155,0,0,0],"floor_reached":51,"playtime":3796,"items_purged":["Defend_G","Strike_G"],"score":649,"play_id":"60fe2ae6-1ae5-483a-9ffe-63e56a7cbf34","local_time":"20190422183347","is_ascension_mode":false,"campfire_choices":[{"data":"Infinite Blades","floor":6,"key":"SMITH"},{"floor":8,"key":"REST"},{"data":"After Image","floor":11,"key":"SMITH"},{"data":"Blade Dance","floor":15,"key":"SMITH"},{"floor":23,"key":"REST"},{"data":"Survivor","floor":25,"key":"SMITH"},{"floor":32,"key":"REST"},{"data":"Blade Dance","floor":40,"key":"SMITH"},{"data":"Adrenaline","floor":42,"key":"SMITH"},{"floor":49,"key":"REST"}],"neow_cost":"NONE","seed_source_timestamp":35014300657524,"circlet_count":0,"master_deck":["Survivor+1","Neutralize+1","Prepared","Infinite Blades+1","Blade Dance+1","After Image+1","Caltrops+1","Infinite Blades+1","Escape Plan+1","Cloak And Dagger","Accuracy+1","Blade Dance+1","Adrenaline+1","Envenom+1","Doppelganger","Expertise","Malaise","Backflip","Blade Dance","Noxious Fumes+1","Blade Dance","Panache+1"],"relics":["Ring of the Snake","Sundial","WingedGreaves","Frozen Egg 2","Ornamental Fan","Tiny Chest","Pandora\u0027s Box","Pen Nib","Kunai","Darkstone Periapt","Red Mask"],"potions_floor_usage":[31],"damage_taken":[{"damage":5,"enemies":"Small Slimes","floor":1,"turns":4},{"damage":4,"enemies":"2 Louse","floor":2,"turns":4},{"damage":1,"enemies":"Cultist","floor":3,"turns":4},{"damage":27,"enemies":"Lagavulin","floor":7,"turns":9},{"damage":3,"enemies":"3 Louse","floor":12,"turns":5},{"damage":36,"enemies":"Hexaghost","floor":16,"turns":12},{"damage":6,"enemies":"Spheric Guardian","floor":18,"turns":5},{"damage":9,"enemies":"Shell Parasite","floor":20,"turns":5},{"damage":27,"enemies":"Centurion and Healer","floor":21,"turns":8},{"damage":22,"enemies":"Cultist and Chosen","floor":27,"turns":8},{"damage":14,"enemies":"Shelled Parasite and Fungi","floor":28,"turns":6},{"damage":0,"enemies":"Centurion and Healer","floor":29,"turns":9},{"damage":0,"enemies":"Snake Plant","floor":31,"turns":5},{"damage":5,"enemies":"Collector","floor":33,"turns":10},{"damage":15,"enemies":"3 Darklings","floor":35,"turns":4},{"damage":0,"enemies":"Orb Walker","floor":39,"turns":2},{"damage":0,"enemies":"Maw","floor":44,"turns":5},{"damage":3,"enemies":"Jaw Worm Horde","floor":45,"turns":4},{"damage":0,"enemies":"Spire Growth","floor":46,"turns":3},{"damage":0,"enemies":"Maw","floor":47,"turns":5},{"damage":43,"enemies":"Time Eater","floor":50,"turns":10}],"seed_played":"-8203715849782993378","potions_obtained":[{"floor":2,"key":"FearPotion"},{"floor":7,"key":"Block Potion"},{"floor":16,"key":"Weak Potion"},{"floor":28,"key":"Regen Potion"},{"floor":35,"key":"Fire Potion"}],"is_trial":false,"path_per_floor":["M","M","M","$","?","R","E","R","T","?","R","M","?","?","R","B",null,"M","$","M","M","$","R","T","R","T","M","M","M","?","M","R","B",null,"M","$","?","?","M","R","T","R","T","M","M","M","M","?","R","B",null],"character_chosen":"THE_SILENT","items_purchased":["Infinite Blades","Blade Dance","Infinite Blades+1","Pen Nib","Blade Dance","Panache+1"],"campfire_rested":4,"item_purchase_floors":[4,4,19,36,36,36],"current_hp_per_floor":[65,61,60,60,48,48,21,42,42,42,42,39,62,62,62,26,70,64,64,55,28,28,49,49,49,49,27,13,13,13,28,49,44,70,55,55,55,55,55,55,55,55,55,55,52,52,52,52,70,27],"gold":0,"neow_bonus":"UPGRADE_CARD","is_prod":false,"is_daily":false,"chose_seed":false,"campfire_upgraded":6,"win_rate":0,"timestamp":1555983227,"path_taken":["M","M","M","$","?","R","E","R","T","?","R","?","?","?","R","BOSS","M","$","?","M","$","R","?","R","T","M","M","?","?","M","R","BOSS","M","$","?","?","M","R","?","R","T","?","?","M","M","?","R","BOSS"],"build_version":"2019-01-23","purchased_purges":2,"victory":true,"max_hp_per_floor":[70,70,70,70,70,70,70,70,70,70,70,70,70,70,70,70,70,70,70,70,70,70,70,70,70,70,70,70,70,70,70,70,70,70,70,70,70,70,70,70,70,70,70,70,70,70,70,70,70,70],"card_choices":[{"not_picked":["Sucker Punch","Escape Plan","Dodge and Roll"],"picked":"SKIP","floor":1},{"not_picked":["Eviscerate","PiercingWail"],"picked":"Prepared","floor":2},{"not_picked":["Skewer","Dodge and Roll","Bane"],"picked":"SKIP","floor":3},{"not_picked":["Bouncing Flask","Cloak And Dagger"],"picked":"After Image","floor":7},{"not_picked":["Underhanded Strike","Tactician"],"picked":"Caltrops+1","floor":12},{"not_picked":["Eviscerate","Acrobatics","Quick Slash"],"picked":"SKIP","floor":18},{"not_picked":["PiercingWail","Bouncing Flask"],"picked":"Escape Plan+1","floor":20},{"not_picked":["Sucker Punch","Deflect","Tactician+1"],"picked":"SKIP","floor":21},{"not_picked":["Backflip","Acrobatics"],"picked":"Cloak And Dagger","floor":27},{"not_picked":["Flying Knee","Backflip","Heel Hook"],"picked":"SKIP","floor":28},{"not_picked":["Bane","Riddle With Holes"],"picked":"Accuracy+1","floor":29},{"not_picked":["Dagger Throw","Underhanded Strike"],"picked":"Blade Dance","floor":31},{"not_picked":["Night Terror","Envenom+1"],"picked":"Adrenaline","floor":33},{"not_picked":["Dash","Quick Slash"],"picked":"Noxious Fumes+1","floor":35},{"not_picked":["Crippling Poison","Backstab+1","PiercingWail+1"],"picked":"SKIP","floor":39},{"not_picked":["Crippling Poison","Backstab+1","PiercingWail+1"],"picked":"SKIP","floor":39},{"not_picked":["Dagger Spray","Poisoned Stab+1","Flying Knee"],"picked":"SKIP","floor":44},{"not_picked":["Escape Plan+1","Backflip","Poisoned Stab+1"],"picked":"SKIP","floor":45},{"not_picked":["Footwork+1","Crippling Poison","Bane"],"picked":"SKIP","floor":46},{"not_picked":["Crippling Poison+1","Flechettes","Glass Knife"],"picked":"SKIP","floor":47}],"player_experience":75123,"relics_obtained":[{"floor":7,"key":"WingedGreaves"},{"floor":9,"key":"Frozen Egg 2"},{"floor":24,"key":"Ornamental Fan"},{"floor":26,"key":"Tiny Chest"},{"floor":41,"key":"Kunai"},{"floor":43,"key":"Darkstone Periapt"}],"event_choices":[{"damage_healed":0,"gold_gain":0,"player_choice":"Success","damage_taken":12,"relics_obtained":["Sundial"],"max_hp_gain":0,"max_hp_loss":0,"event_name":"Scrap Ooze","floor":5,"gold_loss":0},{"cards_removed":["Strike_G"],"damage_healed":0,"gold_gain":0,"player_choice":"Offered Basic","damage_taken":0,"max_hp_gain":0,"max_hp_loss":0,"event_name":"Bonfire Elementals","floor":10,"gold_loss":0},{"damage_healed":23,"gold_gain":0,"player_choice":"Banana","damage_taken":0,"max_hp_gain":0,"max_hp_loss":0,"event_name":"Big Fish","floor":13,"gold_loss":0},{"damage_healed":0,"gold_gain":0,"player_choice":"Bought 0 Potions","damage_taken":0,"max_hp_gain":0,"max_hp_loss":0,"event_name":"The Woman in Blue","floor":14,"gold_loss":0},{"damage_healed":0,"gold_gain":99,"player_choice":"Stole From Cult","damage_taken":0,"max_hp_gain":0,"max_hp_loss":0,"event_name":"Nest","floor":30,"gold_loss":0},{"damage_healed":0,"gold_gain":0,"player_choice":"Memory 1","damage_taken":0,"max_hp_gain":0,"max_hp_loss":0,"event_name":"SensoryStone","floor":37,"gold_loss":0},{"cards_removed":["Corpse Explosion"],"damage_healed":0,"gold_gain":0,"player_choice":"Removed Skill","damage_taken":0,"max_hp_gain":0,"max_hp_loss":0,"event_name":"Falling","floor":38,"gold_loss":0},{"damage_healed":0,"gold_gain":0,"player_choice":"Paid","damage_taken":0,"relics_obtained":["Red Mask"],"max_hp_gain":0,"max_hp_loss":0,"event_name":"Tomb of Lord Red Mask","floor":48,"gold_loss":155}],"is_beta":false,"boss_relics":[{"not_picked":["Runic Dome","Calling Bell","Snecko Eye"]},{"not_picked":["Runic Pyramid","Eternal Feather"],"picked":"Pandora\u0027s Box"}],"items_purged_floors":[19,22],"is_endless":false,"potions_floor_spawned":[2,7,16,20,21,28,29,35],"ascension_level":0}