{"gold_per_floor":[112,112,129,204,204,204,13,13,13,13,47,47,59,59,59,59],"floor_reached":16,"playtime":977,"items_purged":[],"score":106,"play_id":"28fc8322-3e14-4593-81fa-0cb0cf1b8d56","local_time":"20190713013158","is_ascension_mode":true,"campfire_choices":[{"floor":6,"key":"RECALL"},{"data":"Zap","floor":8,"key":"SMITH"},{"data":"Strike_B","floor":10,"key":"SMITH"},{"floor":15,"key":"REST"}],"neow_cost":"NONE","seed_source_timestamp":91439690807738,"circlet_count":0,"master_deck":["Strike_B+1","Strike_B","Strike_B","Strike_B","Defend_B","Defend_B","Defend_B","Defend_B","Zap+1","Dualcast","Panacea","Go for the Eyes","Injury","Gash","BootSequence+1","Beam Cell","Compile Driver"],"relics":["Cracked Core","ClockworkSouvenir","Centennial Puzzle"],"potions_floor_usage":[],"damage_taken":[{"damage":1,"enemies":"Cultist","floor":1,"turns":4},{"damage":0,"enemies":"Small Slimes","floor":3,"turns":3},{"damage":38,"enemies":"3 Sentries","floor":11,"turns":9},{"damage":0,"enemies":"Jaw Worm","floor":13,"turns":2},{"damage":50,"enemies":"Slime Boss","floor":16,"turns":8}],"seed_played":"-4323674552308901467","potions_obtained":[],"is_trial":false,"path_per_floor":["M","?","M","?","?","R","$","R","T","R","E","?","M","$","R","B"],"character_chosen":"DEFECT","items_purchased":["ClockworkSouvenir"],"campfire_rested":1,"item_purchase_floors":[7],"current_hp_per_floor":[74,74,74,63,63,63,63,63,63,63,25,25,25,25,47,0],"gold":59,"neow_bonus":"RANDOM_COLORLESS","is_prod":false,"is_daily":false,"chose_seed":false,"campfire_upgraded":2,"win_rate":0,"timestamp":1562999518,"path_taken":["M","?","?","?","?","R","$","R","T","R","E","?","M","?","R","BOSS"],"build_version":"2019-07-05","purchased_purges":0,"victory":false,"max_hp_per_floor":[75,75,75,75,75,75,75,75,75,75,75,75,75,75,75,75],"card_choices":[{"not_picked":["Hologram","Aggregate"],"picked":"Go for the Eyes","floor":1},{"not_picked":["Genetic Algorithm","Double Energy"],"picked":"BootSequence","floor":3},{"not_picked":["Turbo","Streamline"],"picked":"Beam Cell","floor":11},{"not_picked":["Stack","Chaos"],"picked":"Compile Driver","floor":13}],"player_experience":150296,"relics_obtained":[{"floor":11,"key":"Centennial Puzzle"}],"event_choices":[{"damage_healed":0,"gold_gain":0,"player_choice":"2 cards matched","damage_taken":0,"max_hp_gain":0,"max_hp_loss":0,"event_name":"Match and Keep!","floor":2,"gold_loss":0,"cards_obtained":["Injury","Gash"]},{"damage_healed":0,"gold_gain":75,"player_choice":"Gather Gold","damage_taken":11,"max_hp_gain":0,"max_hp_loss":0,"event_name":"World of Goop","floor":4,"gold_loss":0},{"damage_healed":0,"gold_gain":0,"player_choice":"Grow","damage_taken":0,"max_hp_gain":0,"max_hp_loss":0,"event_name":"Living Wall","floor":5,"gold_loss":0,"cards_upgraded":["BootSequence"]},{"damage_healed":0,"gold_gain":0,"player_choice":"Ignored","damage_taken":0,"max_hp_gain":0,"max_hp_loss":0,"event_name":"Shining Light","floor":12,"gold_loss":0}],"is_beta":false,"boss_relics":[],"items_purged_floors":[],"is_endless":false,"potions_floor_spawned":[],"killed_by":"Slime Boss","ascension_level":2}