{"gold_per_floor":[117,129,129,129,129,129,140,140,140,140,157,157,175,250,250,347,347,365,180,180,180,180,180,180],"floor_reached":24,"playtime":1888,"items_purged":["Regret"],"score":225,"play_id":"c7ad1fc4-61db-4bd2-8bd7-6212febfdac7","local_time":"20190728011317","is_ascension_mode":true,"campfire_choices":[{"data":"Perfected Strike","floor":6,"key":"SMITH"},{"data":"Anger","floor":10,"key":"SMITH"},{"floor":12,"key":"REST"},{"data":"Heavy Blade","floor":15,"key":"SMITH"},{"floor":23,"key":"REST"}],"neow_cost":"NONE","seed_source_timestamp":1385449442825015,"circlet_count":0,"master_deck":["Defend_R","Defend_R","Defend_R","Defend_R","Bash","Anger+1","Perfected Strike+1","Body Slam","Heavy Blade+1","Clash","Demon Form","Body Slam+1","Bite","Bite","Bite","Bite","Bite","Decay"],"relics":["Burning Blood","Ancient Tea Set","Meat on the Bone","Vajra","The Courier","Lizard Tail"],"potions_floor_usage":[16,24],"damage_taken":[{"damage":9,"enemies":"Jaw Worm","floor":1,"turns":5},{"damage":5,"enemies":"Small Slimes","floor":2,"turns":4},{"damage":4,"enemies":"2 Louse","floor":7,"turns":3},{"damage":22,"enemies":"Exordium Thugs","floor":11,"turns":4},{"damage":7,"enemies":"Looter","floor":13,"turns":3},{"damage":62,"enemies":"Hexaghost","floor":16,"turns":9},{"damage":51,"enemies":"Shell Parasite","floor":18,"turns":6},{"damage":128,"enemies":"Book of Stabbing","floor":24,"turns":8}],"seed_played":"-1403370610249161182","potions_obtained":[{"floor":7,"key":"LiquidBronze"},{"floor":16,"key":"SkillPotion"}],"is_trial":false,"path_per_floor":["M","M","?","?","?","R","M","?","T","R","M","R","M","?","R","B",null,"M","$","?","?","?","R","E"],"character_chosen":"IRONCLAD","items_purchased":["Blood Vial"],"campfire_rested":2,"item_purchase_floors":[19],"current_hp_per_floor":[77,78,78,78,71,71,73,73,73,73,57,80,79,71,71,27,80,47,47,47,47,47,71,0],"gold":180,"neow_bonus":"RANDOM_COMMON_RELIC","is_prod":false,"is_daily":false,"chose_seed":false,"campfire_upgraded":3,"win_rate":0,"timestamp":1564294397,"path_taken":["M","M","?","?","?","R","M","?","T","R","M","R","M","?","R","BOSS","M","$","?","?","?","R","E"],"build_version":"2019-07-17","purchased_purges":1,"victory":false,"max_hp_per_floor":[80,80,80,80,80,80,80,80,80,80,80,80,80,80,80,80,80,80,80,80,80,80,80,80],"card_choices":[{"not_picked":["Wild Strike","Clothesline"],"picked":"Anger","floor":1},{"not_picked":["Infernal Blade","Flex"],"picked":"Perfected Strike","floor":2},{"not_picked":["Flame Barrier","Warcry"],"picked":"Body Slam","floor":7},{"not_picked":["Pommel Strike","Sword Boomerang"],"picked":"Heavy Blade","floor":11},{"not_picked":["Power Through","Corruption"],"picked":"Clash","floor":13},{"not_picked":["Offering","Impervious"],"picked":"Demon Form","floor":16},{"not_picked":["Intimidate","Uppercut+1"],"picked":"Body Slam+1","floor":18}],"player_experience":210142,"relics_obtained":[{"floor":9,"key":"The Courier"}],"event_choices":[{"damage_healed":0,"gold_gain":0,"player_choice":"Ignored","damage_taken":0,"max_hp_gain":0,"max_hp_loss":0,"event_name":"Golden Wing","floor":3,"gold_loss":0},{"damage_healed":0,"gold_gain":0,"player_choice":"Box","damage_taken":0,"relics_obtained":["Meat on the Bone"],"max_hp_gain":0,"max_hp_loss":0,"event_name":"Big Fish","floor":4,"gold_loss":0,"cards_obtained":["Regret"]},{"damage_healed":0,"gold_gain":0,"player_choice":"Success","damage_taken":7,"relics_obtained":["Vajra"],"max_hp_gain":0,"max_hp_loss":0,"event_name":"Scrap Ooze","floor":5,"gold_loss":0},{"damage_healed":0,"gold_gain":0,"player_choice":"Leave","damage_taken":0,"max_hp_gain":0,"max_hp_loss":0,"event_name":"The Cleric","floor":8,"gold_loss":0},{"damage_healed":0,"gold_gain":75,"player_choice":"Touch","damage_taken":8,"max_hp_gain":0,"max_hp_loss":0,"event_name":"FaceTrader","floor":14,"gold_loss":0},{"damage_healed":0,"gold_gain":0,"player_choice":"Ignored","damage_taken":0,"max_hp_gain":0,"max_hp_loss":0,"event_name":"Beggar","floor":20,"gold_loss":0},{"damage_healed":0,"gold_gain":0,"player_choice":"Became a vampire (Vial)","damage_taken":0,"max_hp_gain":0,"max_hp_loss":0,"event_name":"Vampires","floor":21,"relics_lost":["Blood Vial"],"gold_loss":0,"cards_obtained":["Bite","Bite","Bite","Bite","Bite"]},{"damage_healed":0,"gold_gain":0,"player_choice":"Smashed Altar","damage_taken":0,"max_hp_gain":0,"max_hp_loss":0,"event_name":"Forgotten Altar","floor":22,"gold_loss":0,"cards_obtained":["Decay"]}],"is_beta":false,"boss_relics":[{"not_picked":["Runic Cube","Coffee Dripper"],"picked":"Lizard Tail"}],"items_purged_floors":[19],"is_endless":false,"potions_floor_spawned":[7,16],"killed_by":"Book of Stabbing","ascension_level":2}