{"gold_per_floor":[210,230,230,242,242,276,276,29,102,102,119,119,119,138,138,138],"floor_reached":16,"playtime":1013,"items_purged":[],"score":105,"play_id":"a16cd7dc-5027-4fb0-a390-d1241600ecbe","local_time":"20190703202146","is_ascension_mode":true,"campfire_choices":[{"floor":7,"key":"RECALL"},{"floor":10,"key":"REST"},{"floor":13,"key":"REST"},{"floor":15,"key":"REST"}],"neow_cost":"NONE","seed_source_timestamp":1340902796680025,"circlet_count":0,"master_deck":["Strike_B","Strike_B","Strike_B","Defend_B","Defend_B","Defend_B","Defend_B","Zap","Dualcast","Gash","Scrape","Beam Cell","Pain","Lockon","Storm","Blizzard","Gash"],"relics":["Cracked Core","WarpedTongs","Art of War","Gremlin Horn","The Courier"],"potions_floor_usage":[],"damage_taken":[{"damage":4,"enemies":"Cultist","floor":1,"turns":4},{"damage":6,"enemies":"Jaw Worm","floor":2,"turns":3},{"damage":2,"enemies":"Small Slimes","floor":4,"turns":3},{"damage":29,"enemies":"Lagavulin","floor":6,"turns":5},{"damage":13,"enemies":"Exordium Wildlife","floor":11,"turns":3},{"damage":4,"enemies":"Large Slime","floor":14,"turns":4},{"damage":75,"enemies":"The Guardian","floor":16,"turns":8}],"seed_played":"-8168257920416344071","potions_obtained":[{"floor":11,"key":"Dexterity Potion"}],"is_trial":false,"path_per_floor":["M","M","T","M","?","E","R","$","T","R","M","?","R","M","R","B"],"character_chosen":"DEFECT","items_purchased":["Gremlin Horn"],"campfire_rested":3,"item_purchase_floors":[8],"current_hp_per_floor":[71,65,65,63,63,34,34,34,34,56,43,43,65,61,75,0],"gold":138,"neow_bonus":"HUNDRED_GOLD","is_prod":false,"is_daily":false,"chose_seed":false,"campfire_upgraded":0,"win_rate":0,"timestamp":1562203306,"path_taken":["M","M","?","M","?","E","R","$","T","R","?","?","R","?","R","BOSS"],"build_version":"2019-07-01","purchased_purges":0,"victory":false,"max_hp_per_floor":[75,75,75,75,75,75,75,75,75,75,75,75,75,75,75,75],"card_choices":[{"not_picked":["Stack","Go for the Eyes"],"picked":"Gash","floor":1},{"not_picked":["Go for the Eyes","Cold Snap"],"picked":"Scrape","floor":2},{"not_picked":["Conserve Battery","Chill"],"picked":"Beam Cell","floor":4},{"not_picked":["Hyperbeam","Steam"],"picked":"Lockon","floor":6},{"not_picked":["Stack","Glacier"],"picked":"Storm","floor":11},{"not_picked":["Beam Cell","Turbo"],"picked":"Gash","floor":14}],"player_experience":99650,"relics_obtained":[{"floor":6,"key":"Art of War"},{"floor":9,"key":"The Courier"}],"event_choices":[{"damage_healed":0,"gold_gain":0,"player_choice":"Rummage","damage_taken":0,"relics_obtained":["WarpedTongs"],"max_hp_gain":0,"max_hp_loss":0,"event_name":"Accursed Blacksmith","floor":5,"gold_loss":0,"cards_obtained":["Pain"]},{"damage_healed":0,"gold_gain":0,"cards_transformed":["Strike_B"],"player_choice":"Transformed","damage_taken":0,"max_hp_gain":0,"max_hp_loss":0,"event_name":"Transmorgrifier","floor":12,"gold_loss":0,"cards_obtained":["Blizzard"]}],"is_beta":false,"boss_relics":[],"items_purged_floors":[],"is_endless":false,"potions_floor_spawned":[11],"killed_by":"The Guardian","ascension_level":1}