{"gold_per_floor":[109,184,39,56,70,70,99,99,124,124,124,141,141,141,141,241,241,256,256,274,294,319,348,348,373,373,373,373,373,386,386,386,489,539,553,553,573,376,393,393,393],"floor_reached":41,"playtime":7358,"items_purged":[],"score":498,"play_id":"52dac811-2253-4df0-bc59-431268afa545","local_time":"20190706015940","is_ascension_mode":true,"campfire_choices":[{"floor":6,"key":"RECALL"},{"floor":8,"key":"REST"},{"floor":10,"key":"REST"},{"data":"Endless Agony","floor":15,"key":"SMITH"},{"floor":24,"key":"REST"},{"floor":27,"key":"REST"},{"floor":29,"key":"REST"},{"floor":32,"key":"REST"},{"floor":40,"key":"REST"}],"neow_cost":"NONE","seed_source_timestamp":32532022558222,"circlet_count":0,"master_deck":["Survivor","Neutralize","Masterful Stab","Endless Agony+1","Distraction","Poisoned Stab","Flying Knee","Noxious Fumes","Well Laid Plans","Die Die Die","Corpse Explosion","Crippling Poison","Dagger Throw","Predator","Dagger Spray","Heel Hook","Bouncing Flask","All Out Attack","Deflect","Endless Agony+1","Cloak And Dagger","Choke+1","Backflip+1","Terror","Backstab","Blade Dance+1","Dagger Throw","Endless Agony","Accuracy","Phantasmal Killer+1","Quick Slash","Cloak And Dagger+1","Good Instincts+1","Dark Shackles+1","Quick Slash","Endless Agony+1","Endless Agony+1"],"relics":["Ring of the Snake","NeowsBlessing","Strawberry","Snake Skull","Smiling Mask","Pandora\u0027s Box","Red Mask","Pantograph","Dream Catcher","Toxic Egg 2","Art of War","Tiny House","DollysMirror"],"potions_floor_usage":[23,33,33,33,41,41,41],"damage_taken":[{"damage":0,"enemies":"Small Slimes","floor":1,"turns":1},{"damage":0,"enemies":"Cultist","floor":4,"turns":1},{"damage":0,"enemies":"2 Louse","floor":5,"turns":1},{"damage":33,"enemies":"3 Sentries","floor":7,"turns":13},{"damage":0,"enemies":"Looter","floor":12,"turns":2},{"damage":36,"enemies":"Hexaghost","floor":16,"turns":7},{"damage":10,"enemies":"Chosen","floor":18,"turns":4},{"damage":12,"enemies":"2 Thieves","floor":20,"turns":2},{"damage":8,"enemies":"Cultist and Chosen","floor":21,"turns":5},{"damage":19,"enemies":"Masked Bandits","floor":22,"turns":3},{"damage":27,"enemies":"Slavers","floor":23,"turns":4},{"damage":19,"enemies":"Gremlin Leader","floor":25,"turns":5},{"damage":23,"enemies":"Shelled Parasite and Fungi","floor":30,"turns":5},{"damage":67,"enemies":"Champ","floor":33,"turns":13},{"damage":5,"enemies":"Orb Walker","floor":35,"turns":2},{"damage":32,"enemies":"3 Shapes","floor":37,"turns":4},{"damage":24,"enemies":"Sphere and 2 Shapes","floor":39,"turns":4},{"damage":50,"enemies":"Giant Head","floor":41,"turns":7}],"seed_played":"-671997658169518211","potions_obtained":[{"floor":1,"key":"Ancient Potion"},{"floor":4,"key":"SpeedPotion"},{"floor":22,"key":"GhostInAJar"},{"floor":25,"key":"Weak Potion"},{"floor":33,"key":"FearPotion"},{"floor":34,"key":"Regen Potion"},{"floor":37,"key":"FearPotion"},{"floor":39,"key":"GhostInAJar"}],"is_trial":false,"path_per_floor":["M","?","$","M","M","R","E","R","T","R","?","M","T","$","R","B",null,"M","?","M","M","?","E","R","E","T","R","?","R","M","?","R","B",null,"M","?","M","$","M","R","E"],"character_chosen":"THE_SILENT","items_purchased":["Strawberry","DollysMirror"],"campfire_rested":7,"item_purchase_floors":[3,38],"current_hp_per_floor":[70,59,66,66,66,66,33,56,56,77,77,77,77,77,77,41,77,67,67,55,47,28,1,24,5,5,28,28,51,28,28,51,9,82,77,72,40,40,16,40,0],"gold":393,"neow_bonus":"THREE_ENEMY_KILL","is_prod":false,"is_daily":false,"chose_seed":false,"campfire_upgraded":1,"win_rate":0,"timestamp":1562396380,"path_taken":["M","?","$","M","M","R","E","R","T","R","?","?","?","$","R","BOSS","M","?","M","M","?","E","R","E","T","R","?","R","?","?","R","BOSS","M","?","M","$","M","R","E"],"build_version":"2019-07-05","purchased_purges":0,"victory":false,"max_hp_per_floor":[70,70,77,77,77,77,77,77,77,77,77,77,77,77,77,77,77,77,77,77,77,77,77,77,77,77,77,77,77,77,77,77,77,82,82,82,82,82,82,82,82],"card_choices":[{"not_picked":["Poisoned Stab","Distraction"],"picked":"Masterful Stab","floor":1},{"not_picked":["Distraction","Finisher"],"picked":"Endless Agony","floor":4},{"not_picked":["Dodge and Roll","Reflex"],"picked":"Distraction","floor":5},{"not_picked":["Riddle With Holes","Outmaneuver"],"picked":"Poisoned Stab","floor":7},{"not_picked":["Dodge and Roll","Flechettes"],"picked":"Well Laid Plans","floor":12},{"not_picked":["Storm of Steel","Corpse Explosion"],"picked":"Die Die Die","floor":16},{"not_picked":["Catalyst","Caltrops+1"],"picked":"Poisoned Stab","floor":18},{"not_picked":["Deadly Poison+1","Underhanded Strike"],"picked":"Cloak And Dagger","floor":20},{"not_picked":["Outmaneuver+1","Underhanded Strike"],"picked":"Choke+1","floor":21},{"not_picked":["Flechettes","Footwork+1"],"picked":"Backflip+1","floor":22},{"not_picked":["All Out Attack","Dagger Throw"],"picked":"Terror","floor":23},{"not_picked":["Reflex","Burst"],"picked":"Backstab","floor":25},{"not_picked":["Flying Knee","Poisoned Stab"],"picked":"Blade Dance+1","floor":27},{"not_picked":["Crippling Poison+1","Deadly Poison+1"],"picked":"Dagger Throw","floor":29},{"not_picked":["Calculated Gamble+1","Caltrops"],"picked":"Endless Agony","floor":30},{"not_picked":["Well Laid Plans","Dodge and Roll+1"],"picked":"Accuracy","floor":32},{"not_picked":["A Thousand Cuts","Doppelganger+1"],"picked":"Phantasmal Killer+1","floor":33},{"not_picked":["Acrobatics+1","Catalyst+1"],"picked":"Quick Slash","floor":34},{"not_picked":["Sucker Punch","Deadly Poison+1"],"picked":"Cloak And Dagger+1","floor":35},{"not_picked":["Discovery+1","Finesse+1"],"picked":"Good Instincts+1","floor":36},{"not_picked":["Purity+1","Forethought+1"],"picked":"Dark Shackles+1","floor":36},{"not_picked":["PiercingWail+1","Noxious Fumes+1"],"picked":"Quick Slash","floor":37},{"not_picked":["Deadly Poison+1","Calculated Gamble+1"],"picked":"Endless Agony+1","floor":39}],"player_experience":126398,"relics_obtained":[{"floor":7,"key":"Snake Skull"},{"floor":13,"key":"Smiling Mask"},{"floor":22,"key":"Red Mask"},{"floor":23,"key":"Pantograph"},{"floor":25,"key":"Dream Catcher"},{"floor":26,"key":"Toxic Egg 2"}],"event_choices":[{"damage_healed":0,"gold_gain":75,"player_choice":"Gather Gold","damage_taken":11,"max_hp_gain":0,"max_hp_loss":0,"event_name":"World of Goop","floor":2,"gold_loss":0},{"damage_healed":0,"gold_gain":0,"player_choice":"2 cards matched","damage_taken":0,"max_hp_gain":0,"max_hp_loss":0,"event_name":"Match and Keep!","floor":11,"gold_loss":0,"cards_obtained":["Flying Knee","Noxious Fumes"]},{"damage_healed":0,"gold_gain":0,"player_choice":"Read","damage_taken":0,"max_hp_gain":0,"max_hp_loss":0,"event_name":"The Library","floor":19,"gold_loss":0,"cards_obtained":["Endless Agony"]},{"damage_healed":0,"gold_gain":0,"player_choice":"Fought Bandits","damage_taken":0,"max_hp_gain":0,"max_hp_loss":0,"event_name":"Masked Bandits","floor":22,"gold_loss":0},{"cards_removed":["Caltrops"],"damage_healed":0,"gold_gain":0,"player_choice":"Purged","damage_taken":0,"max_hp_gain":0,"max_hp_loss":0,"event_name":"Purifier","floor":28,"gold_loss":0},{"cards_removed":["Poisoned Stab"],"damage_healed":0,"gold_gain":0,"player_choice":"Gave Card","damage_taken":0,"relics_obtained":["Art of War"],"max_hp_gain":0,"max_hp_loss":0,"event_name":"WeMeetAgain","floor":31,"gold_loss":0},{"damage_healed":0,"gold_gain":0,"player_choice":"Memory 2","damage_taken":5,"max_hp_gain":0,"max_hp_loss":0,"event_name":"SensoryStone","floor":36,"gold_loss":0}],"is_beta":false,"boss_relics":[{"not_picked":["Ring of the Serpent","Snecko Eye"],"picked":"Pandora\u0027s Box"},{"not_picked":["Coffee Dripper","Velvet Choker"],"picked":"Tiny House"}],"items_purged_floors":[],"is_endless":false,"potions_floor_spawned":[1,4,22,25,33,37,39],"killed_by":"Giant Head","ascension_level":1}