{"gold_per_floor":[118,137,148,323,337,337,356,374,420,420,420,433,433,447,447,547,547,535,547,547,30,30,30],"floor_reached":23,"playtime":1882,"items_purged":[],"score":229,"play_id":"9f01883c-fa1b-4816-a5b4-0c7075d65148","local_time":"20190728112728","is_ascension_mode":true,"campfire_choices":[{"floor":6,"key":"REST"},{"floor":10,"key":"REST"},{"data":"Cleave","floor":13,"key":"SMITH"},{"floor":15,"key":"REST"}],"neow_cost":"NONE","seed_source_timestamp":1422306762901654,"circlet_count":0,"master_deck":["Strike_R","Strike_R","Strike_R","Strike_R","Defend_R","Defend_R","Defend_R","Defend_R","Bash","Perfected Strike","Blood for Blood","Cleave+1","Doubt","Rupture","Perfected Strike","Headbutt","Second Wind","Spot Weakness","Heavy Blade","Impervious","Rampage","Sword Boomerang+1","Writhe"],"relics":["Burning Blood","Strawberry","Eternal Feather","Charon\u0027s Ashes","HandDrill","Centennial Puzzle"],"potions_floor_usage":[16,23,23,23],"damage_taken":[{"damage":19,"enemies":"Cultist","floor":1,"turns":5},{"damage":4,"enemies":"Jaw Worm","floor":2,"turns":4},{"damage":14,"enemies":"Small Slimes","floor":3,"turns":3},{"damage":16,"enemies":"Looter","floor":5,"turns":4},{"damage":37,"enemies":"Exordium Wildlife","floor":7,"turns":5},{"damage":26,"enemies":"Gremlin Gang","floor":8,"turns":5},{"damage":0,"enemies":"Large Slime","floor":12,"turns":5},{"damage":4,"enemies":"Lots of Slimes","floor":14,"turns":2},{"damage":64,"enemies":"Slime Boss","floor":16,"turns":12},{"damage":19,"enemies":"2 Thieves","floor":18,"turns":4},{"damage":46,"enemies":"Shell Parasite","floor":19,"turns":6},{"damage":67,"enemies":"Book of Stabbing","floor":23,"turns":5}],"seed_played":"-7603460279638712336","potions_obtained":[{"floor":3,"key":"Fire Potion"},{"floor":5,"key":"Swift Potion"},{"floor":8,"key":"SteroidPotion"},{"floor":16,"key":"Ancient Potion"},{"floor":19,"key":"BloodPotion"}],"is_trial":false,"path_per_floor":["M","M","M","?","M","R","M","M","T","R","?","M","R","M","R","B",null,"M","M","?","$","?","E"],"character_chosen":"IRONCLAD","items_purchased":["Charon\u0027s Ashes","HandDrill"],"campfire_rested":3,"item_purchase_floors":[21,21],"current_hp_per_floor":[75,77,69,69,59,85,54,34,41,69,69,75,75,77,95,37,95,82,42,42,42,42,0],"gold":30,"neow_bonus":"TEN_PERCENT_HP_BONUS","is_prod":false,"is_daily":false,"chose_seed":false,"campfire_upgraded":1,"win_rate":0,"timestamp":1564331248,"path_taken":["M","M","M","?","M","R","M","M","T","R","?","?","R","M","R","BOSS","M","M","?","$","?","E"],"build_version":"2019-07-17","purchased_purges":0,"victory":false,"max_hp_per_floor":[88,88,88,88,88,88,88,88,95,95,95,95,95,95,95,95,95,95,95,95,95,95,95],"card_choices":[{"not_picked":["Clothesline","Thunderclap"],"picked":"Perfected Strike","floor":1},{"not_picked":["Headbutt","Sword Boomerang"],"picked":"Blood for Blood","floor":2},{"not_picked":["Pummel","Body Slam"],"picked":"Cleave","floor":3},{"not_picked":["Barricade","Havoc"],"picked":"Rupture","floor":5},{"not_picked":["Carnage","Sword Boomerang"],"picked":"Perfected Strike","floor":7},{"not_picked":["Body Slam","Warcry"],"picked":"Headbutt","floor":8},{"not_picked":["Warcry","Clothesline"],"picked":"Spot Weakness","floor":12},{"not_picked":["Dual Wield","Shrug It Off"],"picked":"Heavy Blade","floor":14},{"not_picked":["Brutality","Fiend Fire"],"picked":"Impervious","floor":16},{"not_picked":["Warcry","Pummel"],"picked":"Rampage","floor":18},{"not_picked":["Shrug It Off","Metallicize"],"picked":"Sword Boomerang+1","floor":19}],"player_experience":214411,"relics_obtained":[{"floor":9,"key":"Strawberry"}],"event_choices":[{"damage_healed":0,"gold_gain":175,"player_choice":"AGREE","damage_taken":0,"max_hp_gain":0,"max_hp_loss":0,"event_name":"Liars Game","floor":4,"gold_loss":0,"cards_obtained":["Doubt"]},{"damage_healed":0,"gold_gain":0,"cards_transformed":["Strike_R"],"player_choice":"Transformed","damage_taken":0,"max_hp_gain":0,"max_hp_loss":0,"event_name":"Transmorgrifier","floor":11,"gold_loss":0,"cards_obtained":["Second Wind"]},{"damage_healed":0,"gold_gain":0,"player_choice":"Ignored","damage_taken":0,"max_hp_gain":0,"max_hp_loss":0,"event_name":"Beggar","floor":20,"gold_loss":0},{"damage_healed":0,"gold_gain":0,"player_choice":"Opened","damage_taken":0,"relics_obtained":["Centennial Puzzle"],"max_hp_gain":0,"max_hp_loss":0,"event_name":"The Mausoleum","floor":22,"gold_loss":0,"cards_obtained":["Writhe"]}],"is_beta":false,"boss_relics":[{"not_picked":["Coffee Dripper","Astrolabe"],"picked":"Eternal Feather"}],"items_purged_floors":[],"is_endless":false,"potions_floor_spawned":[3,5,8,12,14,16,19],"killed_by":"Book of Stabbing","ascension_level":2}