{"gold_per_floor":[112,130,150,164,164,164,195,215,239,249,269,269,269],"floor_reached":13,"playtime":1280,"items_purged":[],"score":93,"play_id":"8f01831a-ed81-4071-a274-4e493cbfde9b","local_time":"20190902000516","is_ascension_mode":true,"campfire_choices":[{"data":"Pommel Strike","floor":6,"key":"SMITH"},{"data":"Body Slam","floor":12,"key":"SMITH"}],"neow_cost":"NONE","seed_source_timestamp":417854128712500,"circlet_count":0,"master_deck":["Strike_R","Strike_R","Strike_R","Strike_R","Defend_R","Defend_R","Defend_R","Defend_R","Bash","Shrug It Off","Cleave","Pommel Strike+1","Headbutt","Body Slam+1","Fire Breathing","Flex","Anger"],"relics":["Burning Blood","Pen Nib","Centennial Puzzle"],"potions_floor_usage":[13,13],"damage_taken":[{"damage":1,"enemies":"Cultist","floor":1,"turns":3},{"damage":4,"enemies":"Small Slimes","floor":2,"turns":5},{"damage":0,"enemies":"2 Louse","floor":3,"turns":2},{"damage":7,"enemies":"Looter","floor":4,"turns":3},{"damage":46,"enemies":"Lagavulin","floor":7,"turns":10},{"damage":4,"enemies":"Gremlin Gang","floor":8,"turns":5},{"damage":0,"enemies":"2 Fungi Beasts","floor":10,"turns":2},{"damage":2,"enemies":"Blue Slaver","floor":11,"turns":4},{"damage":9,"enemies":"3 Sentries","floor":13,"turns":2}],"seed_played":"-5386006667572564079","potions_obtained":[{"floor":4,"key":"Weak Potion"},{"floor":8,"key":"Ancient Potion"},{"floor":10,"key":"Weak Potion"},{"floor":11,"key":"Energy Potion"}],"is_trial":false,"path_per_floor":["M","M","M","M","$","R","E","M","T","M","M","R","E"],"character_chosen":"IRONCLAD","items_purchased":[],"campfire_rested":0,"item_purchase_floors":[],"current_hp_per_floor":[80,80,80,79,79,79,39,41,41,47,51,51,42],"gold":269,"neow_bonus":"REMOVE_CARD","is_prod":false,"is_daily":false,"chose_seed":false,"campfire_upgraded":2,"win_rate":0,"timestamp":1567397116,"path_taken":["M","M","M","M","$","R","E","M","T","M","M","R","E"],"build_version":"2019-07-17","purchased_purges":0,"victory":false,"max_hp_per_floor":[80,80,80,80,80,80,80,80,80,80,80,80,80],"card_choices":[{"not_picked":["Heavy Blade","Havoc"],"picked":"Shrug It Off","floor":1},{"not_picked":["Evolve","Feel No Pain"],"picked":"Cleave","floor":2},{"not_picked":["Flex","Combust"],"picked":"Pommel Strike","floor":3},{"not_picked":["True Grit","Heavy Blade"],"picked":"Headbutt","floor":4},{"not_picked":["Berserk","Sword Boomerang"],"picked":"Body Slam","floor":7},{"not_picked":["Armaments","Reckless Charge"],"picked":"Fire Breathing","floor":8},{"not_picked":["Sword Boomerang","Dropkick"],"picked":"Flex","floor":10},{"not_picked":["Thunderclap","Uppercut"],"picked":"Anger","floor":11}],"player_experience":96930,"relics_obtained":[{"floor":7,"key":"Pen Nib"},{"floor":9,"key":"Centennial Puzzle"}],"event_choices":[],"is_beta":false,"boss_relics":[],"items_purged_floors":[],"is_endless":false,"potions_floor_spawned":[4,8,10,11],"killed_by":"3 Sentries","ascension_level":1}