{"gold_per_floor":[110,110,110,130,130,130,305,305,305,330,330,343,359,7,7,126,126,149,149,149,165,165,208,208],"floor_reached":24,"playtime":2087,"items_purged":[],"score":204,"play_id":"64f69d54-4c6e-4177-ab6e-659354e2a4c9","local_time":"20190901080258","is_ascension_mode":false,"campfire_choices":[{"data":"Pommel Strike","floor":6,"key":"SMITH"},{"data":"Pommel Strike","floor":8,"key":"SMITH"},{"data":"Rampage","floor":11,"key":"SMITH"},{"data":"Body Slam","floor":15,"key":"SMITH"}],"neow_cost":"NONE","seed_source_timestamp":359315628773500,"circlet_count":0,"master_deck":["Strike_R+1","Strike_R+1","Strike_R+1","Strike_R+1","Defend_R+1","Defend_R+1","Defend_R+1","Defend_R+1","Bash+1","Pommel Strike+1","Pommel Strike+1","Doubt","Rampage+1","Pommel Strike+1","Body Slam+1","Shrug It Off","Feed+1","Body Slam","Flame Barrier","Headbutt+1"],"relics":["Burning Blood","Golden Idol","Thread and Needle","Membership Card","Frozen Egg 2","Runic Cube","Question Card","MutagenicStrength","Whetstone"],"potions_floor_usage":[18,23,23],"damage_taken":[{"damage":5,"enemies":"Jaw Worm","floor":1,"turns":5},{"damage":0,"enemies":"Small Slimes","floor":4,"turns":3},{"damage":0,"enemies":"2 Louse","floor":10,"turns":2},{"damage":3,"enemies":"Blue Slaver","floor":12,"turns":4},{"damage":0,"enemies":"Exordium Thugs","floor":13,"turns":5},{"damage":52,"enemies":"Slime Boss","floor":16,"turns":14},{"damage":5,"enemies":"3 Byrds","floor":18,"turns":7},{"damage":6,"enemies":"2 Thieves","floor":21,"turns":4},{"damage":82,"enemies":"Slavers","floor":23,"turns":10},{"damage":23,"enemies":"3 Cultists","floor":24,"turns":4}],"seed_played":"-8493732189679040750","potions_obtained":[{"floor":4,"key":"EssenceOfSteel"},{"floor":10,"key":"EssenceOfSteel"},{"floor":13,"key":"Poison Potion"},{"floor":23,"key":"AttackPotion"}],"is_trial":false,"path_per_floor":["M","?","?","M","?","R","?","R","T","M","R","M","M","$","R","B",null,"M","?","T","M","?","E","M"],"character_chosen":"IRONCLAD","items_purchased":["Membership Card","Frozen Egg 2","Shrug It Off"],"campfire_rested":0,"item_purchase_floors":[14,14,14],"current_hp_per_floor":[80,80,85,85,64,64,64,64,64,70,70,73,79,79,79,33,85,88,88,88,91,91,18,0],"gold":208,"neow_bonus":"REMOVE_CARD","is_prod":false,"is_daily":false,"chose_seed":false,"campfire_upgraded":4,"win_rate":0.0,"timestamp":1567339378,"path_taken":["M","?","?","M","?","R","?","R","T","M","R","M","M","$","R","BOSS","M","?","?","M","?","E","M"],"build_version":"2019-07-17","purchased_purges":0,"victory":false,"max_hp_per_floor":[80,80,85,85,85,85,85,85,85,85,85,85,85,85,85,85,85,88,88,88,91,91,94,94],"card_choices":[{"not_picked":["Thunderclap","Armaments"],"picked":"Pommel Strike","floor":1},{"not_picked":["Fiend Fire","Whirlwind"],"picked":"Pommel Strike","floor":4},{"not_picked":["Anger","Clash"],"picked":"Rampage","floor":10},{"not_picked":["Infernal Blade","Corruption"],"picked":"Pommel Strike","floor":12},{"not_picked":["Pommel Strike","Clash"],"picked":"Body Slam","floor":13},{"not_picked":["Bludgeon","Double Tap"],"picked":"Feed","floor":16},{"not_picked":["Uppercut+1","Second Wind"],"picked":"Body Slam","floor":18},{"not_picked":["Sword Boomerang","Cleave","Reckless Charge+1"],"picked":"Flame Barrier","floor":21},{"not_picked":["Power Through+1","Corruption+1","Carnage+1"],"picked":"Headbutt+1","floor":23}],"player_experience":39182,"relics_obtained":[{"floor":9,"key":"Thread and Needle"},{"floor":20,"key":"Question Card"},{"floor":23,"key":"Whetstone"}],"event_choices":[{"damage_healed":0,"gold_gain":0,"player_choice":"Grow","damage_taken":0,"max_hp_gain":0,"max_hp_loss":0,"event_name":"Living Wall","floor":2,"gold_loss":0,"cards_upgraded":["Bash"]},{"damage_healed":0,"gold_gain":0,"player_choice":"Donut","damage_taken":0,"max_hp_gain":5,"max_hp_loss":0,"event_name":"Big Fish","floor":3,"gold_loss":0},{"damage_healed":0,"gold_gain":0,"player_choice":"Take Damage","damage_taken":21,"relics_obtained":["Golden Idol"],"max_hp_gain":0,"max_hp_loss":0,"event_name":"Golden Idol","floor":5,"gold_loss":0},{"damage_healed":0,"gold_gain":175,"player_choice":"AGREE","damage_taken":0,"max_hp_gain":0,"max_hp_loss":0,"event_name":"Liars Game","floor":7,"gold_loss":0,"cards_obtained":["Doubt"]},{"damage_healed":0,"gold_gain":0,"player_choice":"Simplicity","damage_taken":0,"max_hp_gain":0,"max_hp_loss":0,"event_name":"Back to Basics","floor":19,"gold_loss":0,"cards_upgraded":["Strike_R","Strike_R","Strike_R","Strike_R","Defend_R","Defend_R","Defend_R","Defend_R"]},{"damage_healed":0,"gold_gain":0,"player_choice":"Inject Mutagens","damage_taken":0,"relics_obtained":["MutagenicStrength"],"max_hp_gain":0,"max_hp_loss":0,"event_name":"Drug Dealer","floor":22,"gold_loss":0}],"is_beta":false,"boss_relics":[{"not_picked":["Astrolabe","Coffee Dripper"],"picked":"Runic Cube"}],"items_purged_floors":[],"is_endless":false,"potions_floor_spawned":[4,10,13,23],"killed_by":"3 Cultists","ascension_level":0}