{"gold_per_floor":[111,111,111,123,135,135,165,179,179,179,89,89,99,116,116,188,238,253,233,207,222,254,254,285,285,337,357,357,372,372,422,422,499,499,513,788,199,218,231,260,260,280,305,305,305,336,356,375,375,375],"floor_reached":51,"playtime":2875,"items_purged":["Regret"],"score":1374,"play_id":"05425f59-178f-4a1c-8d2e-2a320fe112ae","local_time":"20190331160652","is_ascension_mode":true,"campfire_choices":[{"floor":6.0,"key":"REST"},{"floor":10.0,"key":"REST"},{"data":"Hyperbeam","floor":15.0,"key":"SMITH"},{"floor":23.0,"key":"REST"},{"floor":28.0,"key":"REST"},{"data":"Buffer","floor":30.0,"key":"SMITH"},{"floor":32.0,"key":"REST"},{"floor":41.0,"key":"REST"},{"floor":44.0,"key":"REST"},{"floor":49.0,"key":"REST"}],"neow_cost":"NONE","seed_source_timestamp":0,"circlet_count":0,"master_deck":["AscendersBane","Strike_B","Strike_B","Strike_B","Defend_B+1","Defend_B+1","Defend_B","Defend_B","Zap","Dualcast","Go for the Eyes","Coolheaded","Hyperbeam+1","Leap","Dramatic Entrance+1","Sunder","Hologram","Echo Form","Coolheaded+1","Leap","Conserve Battery","Buffer+1","Echo Form","Defragment+1","Buffer+1"],"special_seed":0,"relics":["Cracked Core","NeowsBlessing","Smiling Mask","Lantern","Pocketwatch","Tiny House","Red Mask","Cables","MutagenicStrength","Happy Flower","Busted Crown","HandDrill","Incense Burner","Blue Candle","Boot","Bird Faced Urn"],"potions_floor_usage":[50],"damage_taken":[{"damage":0.0,"enemies":"Jaw Worm","floor":1.0,"turns":1.0},{"damage":0.0,"enemies":"Small Slimes","floor":4.0,"turns":1.0},{"damage":0.0,"enemies":"Cultist","floor":5.0,"turns":1.0},{"damage":48.0,"enemies":"Gremlin Nob","floor":7.0,"turns":5.0},{"damage":2.0,"enemies":"2 Fungi Beasts","floor":8.0,"turns":3.0},{"damage":3.0,"enemies":"Looter","floor":13.0,"turns":3.0},{"damage":0.0,"enemies":"Large Slime","floor":14.0,"turns":5.0},{"damage":16.0,"enemies":"Slime Boss","floor":16.0,"turns":7.0},{"damage":18.0,"enemies":"3 Byrds","floor":18.0,"turns":4.0},{"damage":31.0,"enemies":"2 Thieves","floor":20.0,"turns":4.0},{"damage":10.0,"enemies":"3 Cultists","floor":21.0,"turns":4.0},{"damage":0.0,"enemies":"Masked Bandits","floor":22.0,"turns":2.0},{"damage":12.0,"enemies":"Gremlin Leader","floor":24.0,"turns":8.0},{"damage":8.0,"enemies":"Snake Plant","floor":27.0,"turns":8.0},{"damage":11.0,"enemies":"Chosen and Byrds","floor":29.0,"turns":6.0},{"damage":16.0,"enemies":"Champ","floor":33.0,"turns":20.0},{"damage":6.0,"enemies":"3 Shapes","floor":35.0,"turns":2.0},{"damage":0.0,"enemies":"Orb Walker","floor":38.0,"turns":4.0},{"damage":2.0,"enemies":"Writhing Mass","floor":39.0,"turns":6.0},{"damage":45.0,"enemies":"Reptomancer","floor":40.0,"turns":11.0},{"damage":15.0,"enemies":"Maw","floor":42.0,"turns":9.0},{"damage":2.0,"enemies":"Giant Head","floor":46.0,"turns":12.0},{"damage":27.0,"enemies":"3 Darklings","floor":47.0,"turns":3.0},{"damage":10.0,"enemies":"4 Shapes","floor":48.0,"turns":5.0},{"damage":23,"enemies":"Donu and Deca","floor":50,"turns":9}],"seed_played":"6991716412136697317","potions_obtained":[{"floor":5.0,"key":"SteroidPotion"},{"floor":7.0,"key":"Ancient Potion"},{"floor":8.0,"key":"EssenceOfSteel"},{"floor":19.0,"key":"Energy Potion"},{"floor":22.0,"key":"FocusPotion"},{"floor":27.0,"key":"AttackPotion"},{"floor":29.0,"key":"Energy Potion"},{"floor":42.0,"key":"SneckoOil"},{"floor":48.0,"key":"Ancient Potion"}],"is_trial":false,"path_per_floor":["M","?","?","M","M","R","E","M","T","R","$","T","M","M","R","B",null,"M","?","M","M","?","R","E","?","T","M","R","M","R","?","R","B",null,"M","?","$","M","M","E","R","M","T","R","?","E","M","M","R","B",null],"character_chosen":"DEFECT","items_purchased":["Dramatic Entrance","HandDrill","Incense Burner"],"campfire_rested":8,"item_purchase_floors":[11,37,37],"current_hp_per_floor":[64,43,36,36,36,57,9,7,7,28,28,28,25,25,25,9,61,43,43,12,2,2,24,12,12,12,4,26,15,15,15,37,21,62,56,56,56,56,54,9,31,16,16,38,38,36,13,15,37,28],"gold":375,"neow_bonus":"THREE_ENEMY_KILL","is_prod":false,"is_daily":false,"chose_seed":false,"campfire_upgraded":2,"win_rate":0,"timestamp":1554070012,"path_taken":["M","?","?","M","M","R","E","M","T","R","?","?","M","M","R","BOSS","M","?","M","?","?","R","E","?","T","M","R","M","R","?","R","BOSS","M","?","$","?","?","E","R","M","T","R","?","E","M","?","R","BOSS"],"build_version":"2019-03-15","purchased_purges":1,"victory":true,"max_hp_per_floor":[71,71,71,71,71,71,71,71,71,71,71,71,71,71,71,71,76,76,76,76,76,76,76,76,76,76,76,76,76,76,76,76,76,76,76,76,76,76,76,76,76,76,76,76,76,76,76,76,76,76],"card_choices":[{"not_picked":["Undo","Steam"],"picked":"Go for the Eyes","floor":1.0},{"not_picked":["Compile Driver","Redo","Turbo"],"picked":"SKIP","floor":4.0},{"not_picked":["Rebound","Fusion"],"picked":"Coolheaded","floor":5.0},{"not_picked":["Sweeping Beam","Static Discharge"],"picked":"Hyperbeam","floor":7.0},{"not_picked":["Turbo","Rebound"],"picked":"Leap","floor":8.0},{"not_picked":["Conserve Battery","Compile Driver"],"picked":"Sunder","floor":13.0},{"not_picked":["Ball Lightning","Sunder"],"picked":"Hologram","floor":14.0},{"not_picked":["Meteor Strike","Rainbow"],"picked":"Echo Form","floor":16.0},{"not_picked":["Undo","Go for the Eyes"],"picked":"Coolheaded+1","floor":18.0},{"not_picked":["Steam Power","Steam"],"picked":"Leap","floor":20.0},{"not_picked":["Turbo","Leap"],"picked":"Conserve Battery","floor":21.0},{"not_picked":["Static Discharge","Genetic Algorithm","Hologram"],"picked":"SKIP","floor":24.0},{"not_picked":["Coolheaded","Leap","Genetic Algorithm"],"picked":"SKIP","floor":27.0},{"not_picked":["Sweeping Beam","Undo"],"picked":"Buffer","floor":29.0},{"not_picked":["Fission","Biased Cognition"],"picked":"Echo Form","floor":33.0},{"not_picked":["Double Energy"],"picked":"SKIP","floor":35.0},{"not_picked":["Conserve Battery"],"picked":"SKIP","floor":38.0},{"not_picked":["Redo"],"picked":"SKIP","floor":39.0},{"not_picked":["Hello World"],"picked":"SKIP","floor":40.0},{"not_picked":[],"picked":"Defragment+1","floor":42.0},{"not_picked":["Turbo"],"picked":"SKIP","floor":46.0},{"not_picked":["Steam+1"],"picked":"SKIP","floor":47.0},{"not_picked":["Barrage"],"picked":"SKIP","floor":48.0}],"player_experience":818930,"relics_obtained":[{"floor":7.0,"key":"Smiling Mask"},{"floor":9.0,"key":"Lantern"},{"floor":12.0,"key":"Pocketwatch"},{"floor":22.0,"key":"Red Mask"},{"floor":24.0,"key":"Cables"},{"floor":26.0,"key":"Happy Flower"},{"floor":40.0,"key":"Blue Candle"},{"floor":43.0,"key":"Boot"},{"floor":46.0,"key":"Bird Faced Urn"}],"event_choices":[{"damage_healed":0.0,"max_hp_gain":0.0,"max_hp_loss":0.0,"gold_gain":0.0,"event_name":"Shining Light","player_choice":"Entered Light","floor":2.0,"gold_loss":0.0,"damage_taken":21.0,"cards_upgraded":["Defend_B","Defend_B"]},{"cards_removed":["Strike_B"],"damage_healed":0.0,"max_hp_gain":0.0,"max_hp_loss":0.0,"gold_gain":0.0,"event_name":"Golden Wing","player_choice":"Card Removal","floor":3.0,"gold_loss":0.0,"damage_taken":7.0},{"damage_healed":0.0,"max_hp_gain":0.0,"max_hp_loss":0.0,"gold_gain":0.0,"event_name":"The Woman in Blue","player_choice":"Bought 1 Potion","floor":19.0,"gold_loss":0.0,"damage_taken":0.0},{"damage_healed":0.0,"max_hp_gain":0.0,"max_hp_loss":0.0,"gold_gain":0.0,"event_name":"Masked Bandits","player_choice":"Fought Bandits","floor":22.0,"gold_loss":0.0,"damage_taken":0.0},{"damage_healed":0.0,"max_hp_gain":0.0,"max_hp_loss":0.0,"gold_gain":0.0,"event_name":"Drug Dealer","player_choice":"Inject Mutagens","floor":25.0,"gold_loss":0.0,"damage_taken":0.0,"relics_obtained":["MutagenicStrength"]},{"damage_healed":0.0,"max_hp_gain":0.0,"max_hp_loss":0.0,"gold_gain":50.0,"event_name":"Nest","player_choice":"Stole From Cult","floor":31.0,"gold_loss":0.0,"damage_taken":0.0},{"damage_healed":0.0,"max_hp_gain":0.0,"max_hp_loss":0.0,"gold_gain":275.0,"event_name":"Golden Shrine","player_choice":"Desecrate","floor":36.0,"gold_loss":0.0,"damage_taken":0.0,"cards_obtained":["Regret"]},{"damage_healed":0.0,"max_hp_gain":0.0,"max_hp_loss":0.0,"gold_gain":0.0,"event_name":"Duplicator","player_choice":"Copied","floor":45.0,"gold_loss":0.0,"damage_taken":0.0,"cards_obtained":["Buffer"]}],"is_beta":true,"boss_relics":[{"not_picked":["Runic Dome","Empty Cage"],"picked":"Tiny House"},{"not_picked":["Philosopher\u0027s Stone","Orrery"],"picked":"Busted Crown"}],"items_purged_floors":[37],"is_endless":false,"potions_floor_spawned":[5,7,8,22,27,29,42,47,48],"ascension_level":19}