{"gold_per_floor":[110,55,72,72,72,100,111,111,111,111,144,170,217,233,233,336,336,346,168,182,281,37,37,51,82,109,109,128,158,158,178,178,178],"floor_reached":33,"playtime":1717,"items_purged":["Strike_G","Strike_G"],"score":343,"play_id":"53ff03f5-769c-4c3d-901f-a8d7841da365","local_time":"20190502222919","is_ascension_mode":false,"campfire_choices":[{"floor":15,"key":"REST"},{"floor":23,"key":"REST"},{"floor":27,"key":"REST"},{"floor":30,"key":"REST"},{"floor":32,"key":"REST"}],"neow_cost":"NONE","seed_source_timestamp":41929852979878,"circlet_count":0,"master_deck":["Defend_G","Defend_G","Defend_G","Defend_G+1","Defend_G","Strike_G","Strike_G+1","Strike_G+1","Survivor","Neutralize","Prepared","Deadly Poison","Infinite Blades","Poisoned Stab+1","Deadly Poison","All Out Attack","Deadly Poison","Crippling Poison+1","Catalyst","Footwork","Deadly Poison+1","Backstab+1"],"relics":["Ring of the Snake","NeowsBlessing","Letter Opener","PreservedInsect","The Courier","Whetstone","Vajra","Odd Mushroom","Blood Vial","White Beast Statue","TheAbacus","Unceasing Top","Regal Pillow","Blue Candle"],"potions_floor_usage":[],"damage_taken":[{"damage":0,"enemies":"Jaw Worm","floor":1,"turns":1},{"damage":0,"enemies":"Cultist","floor":3,"turns":1},{"damage":0,"enemies":"Lagavulin","floor":6,"turns":1},{"damage":7,"enemies":"2 Louse","floor":7,"turns":3},{"damage":14,"enemies":"Gremlin Nob","floor":11,"turns":3},{"damage":14,"enemies":"The Mushroom Lair","floor":12,"turns":4},{"damage":1,"enemies":"Blue Slaver","floor":14,"turns":3},{"damage":22,"enemies":"The Guardian","floor":16,"turns":9},{"damage":8,"enemies":"Chosen","floor":18,"turns":5},{"damage":22,"enemies":"Spheric Guardian","floor":20,"turns":5},{"damage":19,"enemies":"Cultist and Chosen","floor":24,"turns":6},{"damage":28,"enemies":"Book of Stabbing","floor":25,"turns":3},{"damage":11,"enemies":"3 Cultists","floor":28,"turns":5},{"damage":41,"enemies":"Gremlin Leader","floor":29,"turns":4},{"damage":23,"enemies":"Sentry and Sphere","floor":31,"turns":5},{"damage":66,"enemies":"Champ","floor":33,"turns":9}],"seed_played":"6667188956715011423","potions_obtained":[{"floor":3,"key":"Dexterity Potion"},{"floor":12,"key":"LiquidBronze"},{"floor":18,"key":"SpeedPotion"},{"floor":28,"key":"Explosive Potion"},{"floor":31,"key":"GhostInAJar"}],"is_trial":false,"path_per_floor":["M","?","M","?","$","E","M","?","T","?","E","?","T","M","R","B",null,"M","$","M","?","$","R","M","E","T","R","M","E","R","M","R","B"],"character_chosen":"THE_SILENT","items_purchased":["Catalyst","Footwork","TheAbacus"],"campfire_rested":5,"item_purchase_floors":[19,19,22],"current_hp_per_floor":[70,70,70,58,58,58,51,37,37,37,23,9,9,10,31,11,70,62,62,42,42,42,63,46,20,20,56,47,8,44,23,59,0],"gold":178,"neow_bonus":"THREE_ENEMY_KILL","is_prod":false,"is_daily":false,"chose_seed":false,"campfire_upgraded":0,"win_rate":0,"timestamp":1556861359,"path_taken":["M","?","?","?","$","E","M","?","T","?","E","?","?","M","R","BOSS","M","$","M","?","$","R","M","E","T","R","M","E","R","M","R","BOSS"],"build_version":"2019-01-23","purchased_purges":2,"victory":false,"max_hp_per_floor":[70,70,70,70,70,70,70,70,70,70,70,70,70,70,70,70,70,70,70,70,70,70,70,70,70,70,70,70,70,70,70,70,70],"card_choices":[{"not_picked":["Deflect","Dodge and Roll"],"picked":"Prepared","floor":1},{"not_picked":["PiercingWail","Flying Knee"],"picked":"Deadly Poison","floor":3},{"not_picked":["Blade Dance","Leg Sweep"],"picked":"Infinite Blades","floor":6},{"not_picked":["Tactician","Bane"],"picked":"Poisoned Stab","floor":7},{"not_picked":["Underhanded Strike","All Out Attack"],"picked":"Deadly Poison","floor":11},{"not_picked":["Calculated Gamble","Slice"],"picked":"All Out Attack","floor":12},{"not_picked":["Bouncing Flask","Riddle With Holes"],"picked":"Deadly Poison","floor":14},{"not_picked":["Underhanded Strike","Slice"],"picked":"Crippling Poison+1","floor":18},{"not_picked":["Deflect","Underhanded Strike","Footwork"],"picked":"SKIP","floor":20},{"not_picked":["Underhanded Strike","Crippling Poison","Masterful Stab"],"picked":"SKIP","floor":24},{"not_picked":["Predator","Cloak And Dagger","PiercingWail"],"picked":"SKIP","floor":25},{"not_picked":["Quick Slash","Tools of the Trade"],"picked":"Deadly Poison+1","floor":28},{"not_picked":["Blade Dance","Crippling Poison","Deflect"],"picked":"SKIP","floor":29},{"not_picked":["Predator","Bane"],"picked":"Backstab+1","floor":31}],"player_experience":104573,"relics_obtained":[{"floor":6,"key":"The Courier"},{"floor":9,"key":"Whetstone"},{"floor":11,"key":"Vajra"},{"floor":12,"key":"Odd Mushroom"},{"floor":13,"key":"Blood Vial"},{"floor":25,"key":"Unceasing Top"},{"floor":26,"key":"Regal Pillow"},{"floor":29,"key":"Blue Candle"}],"event_choices":[{"damage_healed":0,"gold_gain":0,"player_choice":"Paid Gold","damage_taken":0,"relics_obtained":["Letter Opener"],"max_hp_gain":0,"max_hp_loss":0,"event_name":"WeMeetAgain","floor":2,"gold_loss":55},{"damage_healed":0,"gold_gain":0,"player_choice":"Success","damage_taken":12,"relics_obtained":["PreservedInsect"],"max_hp_gain":0,"max_hp_loss":0,"event_name":"Scrap Ooze","floor":4,"gold_loss":0},{"damage_healed":0,"gold_gain":0,"player_choice":"Entered Light","damage_taken":14,"max_hp_gain":0,"max_hp_loss":0,"event_name":"Shining Light","floor":8,"gold_loss":0,"cards_upgraded":["Defend_G","Strike_G"]},{"damage_healed":0,"gold_gain":0,"player_choice":"Ignored","damage_taken":0,"max_hp_gain":0,"max_hp_loss":0,"event_name":"Liars Game","floor":10,"gold_loss":0},{"damage_healed":0,"gold_gain":0,"player_choice":"Fought Mushrooms","damage_taken":0,"max_hp_gain":0,"max_hp_loss":0,"event_name":"Mushrooms","floor":12,"gold_loss":0},{"damage_healed":0,"gold_gain":99,"player_choice":"Stole From Cult","damage_taken":0,"max_hp_gain":0,"max_hp_loss":0,"event_name":"Nest","floor":21,"gold_loss":0}],"is_beta":false,"boss_relics":[{"not_picked":["Velvet Choker","Snecko Eye"],"picked":"White Beast Statue"}],"items_purged_floors":[19,22],"is_endless":false,"potions_floor_spawned":[3,7,12,18,20,24,25,28,29,31],"killed_by":"Champ","ascension_level":0}