{"gold_per_floor":[112,112,131,56,76,76,92,92,92,104,104,121,139,150,150,253,253,263,263,19,29,49,49,63,90,90,90,102,102,118,92,92,193,193,212,87,487,498,498,498,498,512,512,525,540,193,43,63,63,63],"floor_reached":50,"playtime":2735,"items_purged":["Strike_B","Fission","Aggregate","Dualcast"],"score":440,"play_id":"c8440865-5160-44dc-a365-356e6de9220b","local_time":"20190425215152","is_ascension_mode":false,"campfire_choices":[{"data":"Beam Cell","floor":6,"key":"SMITH"},{"data":"Gash","floor":8,"key":"SMITH"},{"floor":11,"key":"REST"},{"floor":15,"key":"REST"},{"data":"Hologram","floor":23,"key":"SMITH"},{"data":"Hologram","floor":27,"key":"SMITH"},{"data":"All For One","floor":29,"key":"SMITH"},{"floor":32,"key":"REST"},{"floor":40,"key":"REST"},{"floor":49,"key":"REST"}],"neow_cost":"","seed_source_timestamp":13730635651024,"circlet_count":0,"master_deck":["Gash","Beam Cell+1","Gash+1","Gash","Leap","All For One+1","Hologram+1","Melter","Static Discharge","Consume","Hologram+1","Hologram+1","Go for the Eyes","Leap","Machine Learning","Scrape+1","Dark Shackles"],"relics":["Cracked Core","Bottled Lightning","Pandora\u0027s Box","Bag of Preparation","PreservedInsect","Bronze Scales","Old Coin","Singing Bowl","Bottled Flame"],"potions_floor_usage":[],"damage_taken":[{"damage":0,"enemies":"Small Slimes","floor":1,"turns":3},{"damage":1,"enemies":"Cultist","floor":3,"turns":3},{"damage":0,"enemies":"2 Louse","floor":5,"turns":2},{"damage":8,"enemies":"Exordium Wildlife","floor":7,"turns":3},{"damage":27,"enemies":"Gremlin Gang","floor":10,"turns":4},{"damage":12,"enemies":"3 Louse","floor":12,"turns":2},{"damage":12,"enemies":"Blue Slaver","floor":13,"turns":3},{"damage":0,"enemies":"Large Slime","floor":14,"turns":4},{"damage":57,"enemies":"Hexaghost","floor":16,"turns":10},{"damage":9,"enemies":"Shell Parasite","floor":18,"turns":3},{"damage":1,"enemies":"Chosen","floor":21,"turns":3},{"damage":9,"enemies":"3 Cultists","floor":22,"turns":4},{"damage":4,"enemies":"Snake Plant","floor":24,"turns":2},{"damage":0,"enemies":"Centurion and Healer","floor":28,"turns":4},{"damage":10,"enemies":"Shelled Parasite and Fungi","floor":30,"turns":4},{"damage":18,"enemies":"Collector","floor":33,"turns":6},{"damage":39,"enemies":"3 Shapes","floor":35,"turns":4},{"damage":19,"enemies":"Mind Bloom Boss Battle","floor":37,"turns":3},{"damage":4,"enemies":"Orb Walker","floor":38,"turns":3},{"damage":3,"enemies":"Maw","floor":42,"turns":4},{"damage":0,"enemies":"Transient","floor":44,"turns":5},{"damage":11,"enemies":"Sphere and 2 Shapes","floor":45,"turns":4},{"damage":18,"enemies":"Jaw Worm Horde","floor":48,"turns":4},{"damage":40,"enemies":"Donu and Deca","floor":50,"turns":3}],"seed_played":"-8801748634881630853","potions_obtained":[{"floor":1,"key":"Strength Potion"},{"floor":2,"key":"Fire Potion"},{"floor":2,"key":"EssenceOfSteel"},{"floor":3,"key":"Ancient Potion"}],"is_trial":true,"path_per_floor":["M","?","M","$","M","R","M","R","T","M","R","M","M","M","R","B",null,"M","?","$","M","M","R","M","T","T","R","M","R","M","$","R","B",null,"M","$","?","M","?","R","?","M","T","M","M","$","$","M","R","B"],"character_chosen":"DEFECT","items_purchased":["Bag of Preparation","Leap","Bottled Flame","Dark Shackles"],"campfire_rested":5,"item_purchase_floors":[20,31,46,46],"current_hp_per_floor":[75,75,74,74,74,74,66,66,66,39,61,49,37,37,59,2,75,66,66,66,65,56,56,52,52,52,52,52,52,42,42,64,46,75,36,36,17,13,13,35,35,32,32,34,25,25,25,9,33,0],"gold":63,"neow_bonus":"","is_prod":false,"is_daily":false,"chose_seed":false,"campfire_upgraded":5,"win_rate":0.0,"timestamp":1556254312,"path_taken":["M","?","M","?","M","R","M","R","T","M","R","M","M","M","R","BOSS","M","?","$","M","M","R","M","?","T","R","M","R","?","$","R","BOSS","M","$","?","M","?","R","?","?","T","M","M","?","$","M","R","BOSS"],"build_version":"2019-01-23","purchased_purges":4,"victory":false,"max_hp_per_floor":[75,75,75,75,75,75,75,75,75,75,75,75,75,75,75,75,75,75,75,75,75,75,75,75,75,75,75,75,75,75,75,75,75,75,75,75,75,75,75,75,75,75,75,77,79,79,79,81,81,81],"card_choices":[{"not_picked":["Undo","Cold Snap","Coolheaded"],"picked":"SKIP","floor":1},{"not_picked":["Barrage","Streamline"],"picked":"Gash","floor":3},{"not_picked":["Cold Snap","FTL"],"picked":"Beam Cell","floor":5},{"not_picked":["Barrage","Seek"],"picked":"Gash","floor":7},{"not_picked":["Go for the Eyes","Leap"],"picked":"Gash","floor":10},{"not_picked":["Beam Cell","Doom and Gloom","Barrage"],"picked":"SKIP","floor":12},{"not_picked":["Consume","Conserve Battery"],"picked":"Leap","floor":13},{"not_picked":["Rip and Tear","Hologram","Cold Snap"],"picked":"SKIP","floor":14},{"not_picked":["Rainbow","Hyperbeam"],"picked":"All For One","floor":16},{"not_picked":["Stack","Ball Lightning","Steam"],"picked":"SKIP","floor":18},{"not_picked":["Redo+1","Streamline"],"picked":"Hologram+1","floor":21},{"not_picked":["Beam Cell","Compile Driver"],"picked":"Go for the Eyes","floor":22},{"not_picked":["Echo Form","Conserve Battery","FTL+1"],"picked":"SKIP","floor":24},{"not_picked":["Steam+1","Melter","FTL"],"picked":"SKIP","floor":28},{"not_picked":["Turbo+1","Aggregate","Cold Snap"],"picked":"SKIP","floor":30},{"not_picked":["Hyperbeam","Rainbow"],"picked":"Machine Learning","floor":33},{"not_picked":["Rebound+1","Heatsinks+1"],"picked":"Scrape+1","floor":35},{"not_picked":["Redo","Chill+1","Tempest+1"],"picked":"SKIP","floor":38},{"not_picked":["Steam Power+1","Chill+1","Stack"],"picked":"SKIP","floor":42},{"not_picked":["Redo+1","Coolheaded+1","Beam Cell+1"],"picked":"Singing Bowl","floor":44},{"not_picked":["Static Discharge","Steam+1","Fusion+1"],"picked":"Singing Bowl","floor":45},{"not_picked":["Scrape+1","Ball Lightning+1","Blizzard+1"],"picked":"Singing Bowl","floor":48}],"player_experience":90998,"relics_obtained":[{"floor":9,"key":"Bottled Lightning"},{"floor":25,"key":"PreservedInsect"},{"floor":26,"key":"Bronze Scales"},{"floor":37,"key":"Old Coin"},{"floor":43,"key":"Singing Bowl"}],"event_choices":[{"damage_healed":0,"gold_gain":0,"player_choice":"Got Potions","damage_taken":0,"max_hp_gain":0,"max_hp_loss":0,"event_name":"Lab","floor":2,"gold_loss":0},{"damage_healed":0,"gold_gain":0,"cards_transformed":["Coolheaded","Zap"],"player_choice":"Became Test Subject","damage_taken":0,"max_hp_gain":0,"max_hp_loss":0,"event_name":"Drug Dealer","floor":19,"gold_loss":0,"cards_obtained":["Fission","Steam"]},{"damage_healed":0,"gold_gain":0,"player_choice":"Fight","damage_taken":0,"max_hp_gain":0,"max_hp_loss":0,"event_name":"MindBloom","floor":37,"gold_loss":0},{"cards_removed":["Steam"],"damage_healed":0,"gold_gain":0,"player_choice":"Removed Skill","damage_taken":0,"max_hp_gain":0,"max_hp_loss":0,"event_name":"Falling","floor":39,"gold_loss":0},{"damage_healed":0,"gold_gain":0,"player_choice":"Ignored","damage_taken":0,"max_hp_gain":0,"max_hp_loss":0,"event_name":"Tomb of Lord Red Mask","floor":41,"gold_loss":0}],"is_beta":false,"boss_relics":[{"not_picked":["Tiny House","White Beast Statue"],"picked":"Pandora\u0027s Box"},{"not_picked":["Cursed Key","Runic Pyramid","Coffee Dripper"]}],"items_purged_floors":[4,20,36,47],"is_endless":false,"potions_floor_spawned":[1,3,10,16,21,24,35,44,45],"killed_by":"Donu and Deca","ascension_level":0}