{"gold_per_floor":[110,110,110,70,70,70,70,99,99,124,134,184,194,228,228,307,357,372,297,312,160,160],"floor_reached":22,"playtime":438,"items_purged":["Strike_B"],"score":650,"play_id":"d5ef9efc-58ce-4a36-b9a2-7408a5e033ff","local_time":"20190816145349","is_ascension_mode":true,"campfire_choices":[{"data":"Zap","floor":6.0,"key":"SMITH"},{"data":"Hyperbeam","floor":15,"key":"SMITH"}],"neow_cost":"NONE","seed_source_timestamp":1633237192516072,"circlet_count":0,"master_deck":["AscendersBane","Defend_B","Defend_B+1","Defend_B","Defend_B","Zap+1","Dualcast","BootSequence","Hyperbeam+1","Skim","Buffer","Chaos","Compile Driver","Beam Cell","Hologram","Fission","Darkness","Compile Driver+1","Sunder"],"special_seed":0,"relics":["Cracked Core","NeowsBlessing","Singing Bowl","Ornamental Fan","Juzu Bracelet","Omamori","Lantern","Tiny House"],"potions_floor_usage":[14,16],"damage_taken":[{"damage":0.0,"enemies":"Cultist","floor":1.0,"turns":1.0},{"damage":0.0,"enemies":"Lagavulin","floor":8.0,"turns":1.0},{"damage":0.0,"enemies":"3 Sentries","floor":10.0,"turns":1.0},{"damage":4.0,"enemies":"Small Slimes","floor":11.0,"turns":4.0},{"damage":0,"enemies":"Jaw Worm","floor":13,"turns":3},{"damage":0,"enemies":"Gremlin Nob","floor":14,"turns":3},{"damage":0,"enemies":"Slime Boss","floor":16,"turns":7},{"damage":16,"enemies":"Spheric Guardian","floor":18,"turns":4},{"damage":31,"enemies":"Shell Parasite","floor":20,"turns":9},{"damage":26,"enemies":"Cultist and Chosen","floor":22,"turns":4}],"seed_played":"-6495634157781178151","potions_obtained":[{"floor":10.0,"key":"Ancient Potion"},{"floor":11.0,"key":"Explosive Potion"},{"floor":16,"key":"Strength Potion"},{"floor":17,"key":"Weak Potion"},{"floor":18,"key":"FocusPotion"}],"is_trial":false,"path_per_floor":["M","T","?","$","?","R","$","E","T","E","M","?","M","E","R","B",null,"M","?","M","$","M"],"character_chosen":"DEFECT","items_purchased":["Skim","Sunder"],"campfire_rested":0,"item_purchase_floors":[4,21],"current_hp_per_floor":[64,64,64,64,57,57,57,57,57,57,53,46,46,46,46,46,70,56,56,25,25,0],"gold":160,"neow_bonus":"THREE_ENEMY_KILL","is_prod":false,"is_daily":false,"chose_seed":false,"campfire_upgraded":2,"win_rate":0,"timestamp":1565938429,"path_taken":["M","?","?","?","?","R","$","E","T","E","M","?","M","E","R","BOSS","M","?","M","$","M"],"build_version":"2019-07-17","purchased_purges":1,"victory":false,"max_hp_per_floor":[71,71,71,71,71,71,71,71,71,71,71,71,71,71,71,71,76,78,78,78,78,78],"card_choices":[{"not_picked":["Beam Cell","Leap"],"picked":"BootSequence","floor":1.0},{"not_picked":["Steam","Scrape"],"picked":"Buffer","floor":8.0},{"not_picked":["Hologram","Beam Cell"],"picked":"Chaos","floor":10.0},{"not_picked":["Redo","Steam"],"picked":"Compile Driver","floor":11.0},{"not_picked":["Steam","Cold Snap"],"picked":"Beam Cell","floor":13},{"not_picked":["Streamline","Gash"],"picked":"Hologram","floor":14},{"not_picked":["Amplify","Thunder Strike"],"picked":"Fission","floor":16},{"not_picked":["Leap","Rebound"],"picked":"Darkness","floor":17},{"not_picked":["Chaos","Steam Power","Cold Snap"],"picked":"Singing Bowl","floor":18},{"not_picked":["Cold Snap","Rebound+1"],"picked":"Compile Driver+1","floor":20}],"player_experience":2185330,"relics_obtained":[{"floor":2.0,"key":"Singing Bowl"},{"floor":8.0,"key":"Ornamental Fan"},{"floor":9.0,"key":"Juzu Bracelet"},{"floor":10.0,"key":"Omamori"},{"floor":14,"key":"Lantern"}],"event_choices":[{"damage_healed":0.0,"max_hp_gain":0.0,"max_hp_loss":0.0,"gold_gain":0.0,"cards_transformed":["Strike_B"],"event_name":"Living Wall","player_choice":"Change","floor":3.0,"gold_loss":0.0,"damage_taken":0.0,"cards_obtained":["Hyperbeam"]},{"cards_removed":["Strike_B"],"damage_healed":0.0,"max_hp_gain":0.0,"max_hp_loss":0.0,"gold_gain":0.0,"event_name":"Golden Wing","player_choice":"Card Removal","floor":5.0,"gold_loss":0.0,"damage_taken":7.0},{"damage_healed":0,"gold_gain":50,"player_choice":"Touch","damage_taken":7,"max_hp_gain":0,"max_hp_loss":0,"event_name":"FaceTrader","floor":12,"gold_loss":0},{"cards_removed":["Strike_B"],"damage_healed":0,"gold_gain":0,"player_choice":"Gave Gold","damage_taken":0,"max_hp_gain":0,"max_hp_loss":0,"event_name":"Beggar","floor":19,"gold_loss":75}],"is_beta":false,"boss_relics":[{"not_picked":["Fusion Hammer","Lizard Tail"],"picked":"Tiny House"}],"items_purged_floors":[21],"is_endless":false,"potions_floor_spawned":[10,11,16,18],"killed_by":"Cultist and Chosen","ascension_level":20}