{"gold_per_floor":[115,126,51,66,80,80,93,93,93,168,187,187,187,202,202,305,305,318,119,136,156,31,31,43,58,85,85],"floor_reached":27,"playtime":1189,"items_purged":["Strike_B","Strike_B","Strike_B"],"score":209,"play_id":"01dc2a76-f597-4494-8a33-c3787e93b548","local_time":"20190605171900","is_ascension_mode":false,"campfire_choices":[{"data":"Zap","floor":6,"key":"SMITH"},{"data":"Thunder Strike","floor":8,"key":"SMITH"},{"floor":12,"key":"REST"},{"floor":15,"key":"RECALL"},{"floor":23,"key":"REST"}],"neow_cost":"NONE","seed_source_timestamp":24213961656210,"circlet_count":0,"master_deck":["Strike_B","Defend_B","Defend_B","Defend_B","Defend_B","Zap+1","Dualcast+1","Thunder Strike+1","Ball Lightning","Conserve Battery","Ball Lightning","Ball Lightning","BootSequence","Defragment","Leap"],"relics":["Cracked Core","Busted Crown","Orichalcum"],"potions_floor_usage":[11],"damage_taken":[{"damage":5,"enemies":"Small Slimes","floor":1,"turns":3},{"damage":0,"enemies":"2 Louse","floor":2,"turns":2},{"damage":6,"enemies":"Cultist","floor":4,"turns":3},{"damage":2,"enemies":"3 Louse","floor":5,"turns":3},{"damage":0,"enemies":"Gremlin Gang","floor":7,"turns":4},{"damage":0,"enemies":"Large Slime","floor":11,"turns":3},{"damage":0,"enemies":"Lots of Slimes","floor":14,"turns":3},{"damage":44,"enemies":"Hexaghost","floor":16,"turns":6},{"damage":0,"enemies":"Chosen","floor":18,"turns":3},{"damage":23,"enemies":"3 Byrds","floor":20,"turns":4},{"damage":29,"enemies":"3 Cultists","floor":21,"turns":5},{"damage":1,"enemies":"Snake Plant","floor":24,"turns":3},{"damage":10,"enemies":"Centurion and Healer","floor":25,"turns":6},{"damage":49,"enemies":"Gremlin Leader","floor":27,"turns":4}],"seed_played":"3128069824667487525","potions_obtained":[{"floor":5,"key":"Weak Potion"},{"floor":7,"key":"Explosive Potion"},{"floor":11,"key":"Fruit Juice"},{"floor":16,"key":"GamblersBrew"},{"floor":18,"key":"Ancient Potion"}],"is_trial":false,"path_per_floor":["M","M","$","M","M","R","M","R","T","?","M","R","?","M","R","B",null,"M","$","M","M","$","R","M","M","T","E"],"character_chosen":"DEFECT","items_purchased":["Defragment","Leap"],"campfire_rested":2,"item_purchase_floors":[19,19],"current_hp_per_floor":[70,70,70,64,62,62,62,62,62,51,56,80,80,80,80,36,80,80,80,57,28,28,52,51,41,41,0],"gold":85,"neow_bonus":"ONE_RANDOM_RARE_CARD","is_prod":false,"is_daily":false,"chose_seed":false,"campfire_upgraded":2,"win_rate":0,"timestamp":1559780340,"path_taken":["M","M","$","M","M","R","M","R","T","?","M","R","?","M","R","BOSS","M","$","M","M","$","R","M","M","T","E"],"build_version":"2019-01-23","purchased_purges":3,"victory":false,"max_hp_per_floor":[75,75,75,75,75,75,75,75,75,75,80,80,80,80,80,80,80,80,80,80,80,80,80,80,80,80,80],"card_choices":[{"not_picked":["Steam","Loop"],"picked":"Ball Lightning","floor":1},{"not_picked":["Hologram","Leap"],"picked":"Conserve Battery","floor":2},{"not_picked":["Heatsinks","Turbo"],"picked":"Ball Lightning","floor":4},{"not_picked":["Compile Driver","Chaos","Stack"],"picked":"SKIP","floor":5},{"not_picked":["Glacier","Turbo"],"picked":"Ball Lightning","floor":7},{"not_picked":["Turbo","Rip and Tear"],"picked":"BootSequence","floor":11},{"not_picked":["Streamline","Hello World","Cold Snap"],"picked":"SKIP","floor":14},{"not_picked":["FTL+1"],"picked":"SKIP","floor":18},{"not_picked":["Compile Driver"],"picked":"SKIP","floor":20},{"not_picked":["Cold Snap"],"picked":"SKIP","floor":21},{"not_picked":["Beam Cell"],"picked":"SKIP","floor":24},{"not_picked":["Chill"],"picked":"SKIP","floor":25}],"player_experience":198154,"relics_obtained":[{"floor":26,"key":"Orichalcum"}],"event_choices":[{"damage_healed":0,"gold_gain":75,"player_choice":"Gather Gold","damage_taken":11,"max_hp_gain":0,"max_hp_loss":0,"event_name":"World of Goop","floor":10,"gold_loss":0},{"damage_healed":0,"gold_gain":0,"player_choice":"Upgraded","damage_taken":0,"max_hp_gain":0,"max_hp_loss":0,"event_name":"Upgrade Shrine","floor":13,"gold_loss":0,"cards_upgraded":["Dualcast"]}],"is_beta":false,"boss_relics":[{"not_picked":["Sozu","Philosopher\u0027s Stone"],"picked":"Busted Crown"}],"items_purged_floors":[3,19,22],"is_endless":false,"potions_floor_spawned":[5,7,11,14,16,18,24,25],"killed_by":"Gremlin Leader","ascension_level":0}