{"gold_per_floor":[119,119,119,136,136,136,161,161,239,251,251,251],"floor_reached":12,"playtime":752,"items_purged":[],"score":109,"play_id":"2cb94eea-0105-4cb4-b465-ed708a49d4e5","local_time":"20190801210052","is_ascension_mode":true,"campfire_choices":[{"data":"Riddle With Holes","floor":6,"key":"SMITH"},{"floor":8,"key":"REST"}],"neow_cost":"NONE","seed_source_timestamp":1803452028733999,"circlet_count":0,"master_deck":["Strike_G","Strike_G","Strike_G","Strike_G","Strike_G","Defend_G","Defend_G","Defend_G","Defend_G","Defend_G","Survivor","Neutralize","Quick Slash","Regret","Riddle With Holes+1","Bane","Deadly Poison"],"relics":["Ring of the Snake","Pantograph","Tough Bandages","Pear","Bottled Lightning"],"potions_floor_usage":[],"damage_taken":[{"damage":1,"enemies":"Small Slimes","floor":1,"turns":4},{"damage":4,"enemies":"Jaw Worm","floor":4,"turns":5},{"damage":49,"enemies":"Gremlin Nob","floor":7,"turns":6},{"damage":12,"enemies":"2 Louse","floor":10,"turns":2},{"damage":44,"enemies":"Lagavulin","floor":12,"turns":7}],"seed_played":"-572762174824436662","potions_obtained":[],"is_trial":false,"path_per_floor":["M","$","?","M","?","R","E","R","T","M","T","E"],"character_chosen":"THE_SILENT","items_purchased":[],"campfire_rested":1,"item_purchase_floors":[],"current_hp_per_floor":[76,76,76,72,72,72,23,46,56,44,44,0],"gold":251,"neow_bonus":"TEN_PERCENT_HP_BONUS","is_prod":false,"is_daily":false,"chose_seed":false,"campfire_upgraded":1,"win_rate":0,"timestamp":1564711252,"path_taken":["M","$","?","M","?","R","E","R","T","M","?","E"],"build_version":"2019-07-17","purchased_purges":0,"victory":false,"max_hp_per_floor":[77,77,77,77,77,77,77,77,87,87,87,87],"card_choices":[{"not_picked":["Underhanded Strike","Escape Plan"],"picked":"Quick Slash","floor":1},{"not_picked":["Acrobatics","Sucker Punch"],"picked":"Riddle With Holes","floor":4},{"not_picked":["Dagger Throw","Concentrate"],"picked":"Bane","floor":7},{"not_picked":["Calculated Gamble","Dagger Throw"],"picked":"Deadly Poison","floor":10}],"player_experience":260165,"relics_obtained":[{"floor":7,"key":"Tough Bandages"},{"floor":9,"key":"Pear"},{"floor":11,"key":"Bottled Lightning"}],"event_choices":[{"damage_healed":0,"gold_gain":0,"player_choice":"Box","damage_taken":0,"relics_obtained":["Pantograph"],"max_hp_gain":0,"max_hp_loss":0,"event_name":"Big Fish","floor":3,"gold_loss":0,"cards_obtained":["Regret"]},{"damage_healed":0,"gold_gain":0,"player_choice":"Ignored","damage_taken":0,"max_hp_gain":0,"max_hp_loss":0,"event_name":"Shining Light","floor":5,"gold_loss":0}],"is_beta":false,"boss_relics":[],"items_purged_floors":[],"is_endless":false,"potions_floor_spawned":[],"killed_by":"Lagavulin","ascension_level":2}