{"gold_per_floor":[113,38,48,48,48,73,32,32,56,56,66,66,99,116,116,193,193,206,41,51,68,78,113,113,146,146,146,146,87,107,125,125,199,199,210,225,225,277,59,59,59,78,102,133,133,47,47,65,65,65,65,65,65,9,38,38],"floor_reached":57,"playtime":2721,"items_purged":["Strike_B"],"score":2906,"play_id":"0acf2618-8b35-4115-82c9-be3ed56147fa","local_time":"20190822170638","is_ascension_mode":true,"campfire_choices":[{"data":"Darkness","floor":10.0,"key":"SMITH"},{"data":"Dualcast","floor":12.0,"key":"SMITH"},{"data":"Zap","floor":15.0,"key":"SMITH"},{"data":"Redo","floor":24.0,"key":"SMITH"},{"data":"Heatsinks","floor":27.0,"key":"SMITH"},{"data":"Loop","floor":32.0,"key":"SMITH"},{"data":"Fusion","floor":40.0,"key":"SMITH"},{"data":"Deep Breath","floor":41.0,"key":"SMITH"},{"data":"Turbo","floor":45.0,"key":"SMITH"},{"floor":49.0,"key":"RECALL"},{"floor":53.0,"key":"REST"}],"neow_cost":"NONE","seed_source_timestamp":2156075748085709,"circlet_count":0,"master_deck":["AscendersBane","Defend_B+1","Defend_B+1","Defend_B+1","Zap+1","Dualcast+1","Gash+1","Steam+1","Reinforced Body+1","Darkness+1","Self Repair+1","Conserve Battery+1","Electrodynamics+1","Compile Driver+1","Echo Form+1","Redo+1","Heatsinks+1","Undo+1","Compile Driver+1","Loop+1","Capacitor+1","Skim+1","Hologram+1","Loop+1","Double Energy+1","Multi-Cast+1","Compile Driver+1","Fusion+1","Panacea+1","Deep Breath+1","Flash of Steel+1","Hologram+1","Turbo+1","Fusion+1","Heatsinks+1","All For One"],"special_seed":0,"relics":["Cracked Core","NeowsBlessing","Oddly Smooth Stone","Anchor","Pen Nib","Eternal Feather","Bag of Preparation","Blood Vial","Nuclear Battery","WingedGreaves","Omamori","Smiling Mask","Singing Bowl","Mark of the Bloom","Bird Faced Urn"],"potions_floor_usage":[56],"damage_taken":[{"damage":0.0,"enemies":"Small Slimes","floor":1.0,"turns":1.0},{"damage":0.0,"enemies":"2 Louse","floor":3.0,"turns":1.0},{"damage":0.0,"enemies":"Gremlin Nob","floor":6.0,"turns":1.0},{"damage":0.0,"enemies":"Cultist","floor":11.0,"turns":4.0},{"damage":11.0,"enemies":"3 Sentries","floor":13.0,"turns":11.0},{"damage":0.0,"enemies":"Blue Slaver","floor":14.0,"turns":4.0},{"damage":50.0,"enemies":"Slime Boss","floor":16.0,"turns":7.0},{"damage":11.0,"enemies":"Shell Parasite","floor":18.0,"turns":7.0},{"damage":26.0,"enemies":"Spheric Guardian","floor":20.0,"turns":6.0},{"damage":19.0,"enemies":"Cultist and Chosen","floor":21.0,"turns":7.0},{"damage":15.0,"enemies":"Centurion and Healer","floor":22.0,"turns":9.0},{"damage":33.0,"enemies":"Gremlin Leader","floor":23.0,"turns":7.0},{"damage":21.0,"enemies":"Book of Stabbing","floor":25.0,"turns":7.0},{"damage":5.0,"enemies":"Chosen and Byrds","floor":30.0,"turns":6.0},{"damage":0.0,"enemies":"3 Cultists","floor":31.0,"turns":3.0},{"damage":46.0,"enemies":"Collector","floor":33.0,"turns":8.0},{"damage":3.0,"enemies":"3 Shapes","floor":35.0,"turns":4.0},{"damage":0.0,"enemies":"Orb Walker","floor":36.0,"turns":4.0},{"damage":25.0,"enemies":"2 Orb Walkers","floor":38.0,"turns":4.0},{"damage":26.0,"enemies":"Transient","floor":42.0,"turns":6.0},{"damage":8.0,"enemies":"Giant Head","floor":44.0,"turns":6.0},{"damage":12.0,"enemies":"3 Darklings","floor":48.0,"turns":3.0},{"damage":23.0,"enemies":"Time Eater","floor":50.0,"turns":7.0},{"damage":0.0,"enemies":"Donu and Deca","floor":51.0,"turns":3.0},{"damage":0.0,"enemies":"Shield and Spear","floor":55.0,"turns":2.0},{"damage":31,"enemies":"The Heart","floor":56,"turns":12}],"seed_played":"-7867343766051934597","potions_obtained":[{"floor":3.0,"key":"LiquidBronze"},{"floor":11.0,"key":"Swift Potion"},{"floor":13.0,"key":"FocusPotion"},{"floor":23.0,"key":"Block Potion"},{"floor":25.0,"key":"SpeedPotion"},{"floor":30.0,"key":"Block Potion"},{"floor":38.0,"key":"FocusPotion"},{"floor":44.0,"key":"FearPotion"},{"floor":48.0,"key":"SkillPotion"}],"is_trial":false,"path_per_floor":["M","?","M","?","?","E","$","?","T","R","M","R","E","M","R","B",null,"M","$","M","M","M","E","R","E","T","R","?","$","M","M","R","B",null,"M","M","?","?","$","R","R","M","T","E","R","$","?","M","R","B","B",null,"R","$","E","B",null],"character_chosen":"DEFECT","items_purchased":["Darkness","Heatsinks","Hologram","Turbo","Omamori","Heatsinks","Swift Potion"],"campfire_rested":1,"item_purchase_floors":[7,19,29,39,39,46,54],"current_hp_per_floor":[64,64,64,69,62,62,62,62,62,62,69,69,65,72,72,29,64,67,67,48,36,35,16,28,14,14,26,26,26,30,32,47,10,60,66,75,65,49,49,67,76,57,57,60,78,78,78,66,66,43,43,43,43,43,43,12],"gold":38,"neow_bonus":"THREE_ENEMY_KILL","is_prod":false,"is_daily":false,"chose_seed":false,"campfire_upgraded":9,"win_rate":0,"timestamp":1566464798,"path_taken":["M","?","M","?","?","E","$","?","T","R","M","R","E","M","R","BOSS","M","$","M","M","?","E","R","E","T","R","?","$","M","?","R","BOSS","M","M","?","?","$","R","R","M","T","E","R","?","?","?","R","BOSS","BOSS","R","$","E","BOSS"],"build_version":"2019-07-17","purchased_purges":1,"victory":true,"max_hp_per_floor":[71,71,71,76,76,76,76,76,76,76,76,76,76,76,76,76,76,76,76,76,76,76,76,76,76,76,76,76,76,76,76,76,76,76,76,76,76,76,76,76,76,76,76,78,78,78,78,80,80,80,80,80,80,80,80,80],"card_choices":[{"not_picked":["Stack","Hologram"],"picked":"Gash","floor":1.0},{"not_picked":["Redo","Go for the Eyes"],"picked":"Steam","floor":3.0},{"not_picked":["Beam Cell","Auto Shields"],"picked":"Reinforced Body","floor":6.0},{"not_picked":["Sweeping Beam","Steam Power"],"picked":"Conserve Battery","floor":11.0},{"not_picked":["White Noise","Sweeping Beam"],"picked":"Electrodynamics","floor":13.0},{"not_picked":["Leap","Stack"],"picked":"Compile Driver","floor":14.0},{"not_picked":["Reboot","Biased Cognition"],"picked":"Echo Form","floor":16.0},{"not_picked":["Hologram","Go for the Eyes"],"picked":"Redo","floor":18.0},{"not_picked":["Conserve Battery","Steam+1"],"picked":"Undo","floor":20.0},{"not_picked":["Rebound","Melter"],"picked":"Compile Driver+1","floor":21.0},{"not_picked":["Fusion","Force Field"],"picked":"Loop","floor":22.0},{"not_picked":["Streamline","Echo Form"],"picked":"Capacitor","floor":23.0},{"not_picked":["Chill+1","Stack"],"picked":"Skim","floor":25.0},{"not_picked":["Conserve Battery","Leap"],"picked":"Loop+1","floor":30.0},{"not_picked":["Rebound","Go for the Eyes+1"],"picked":"Double Energy+1","floor":31.0},{"not_picked":["Biased Cognition","Amplify"],"picked":"Multi-Cast","floor":33.0},{"not_picked":["Barrage","Reprogram"],"picked":"Compile Driver+1","floor":35.0},{"not_picked":["Conserve Battery+1","Sweeping Beam"],"picked":"Fusion","floor":36.0},{"not_picked":["Dark Shackles","Impatience"],"picked":"Panacea","floor":37.0},{"not_picked":["Forethought","Good Instincts"],"picked":"Deep Breath","floor":37.0},{"not_picked":["Trip","Enlightenment"],"picked":"Flash of Steel","floor":37.0},{"not_picked":["Compile Driver+1","Storm+1"],"picked":"Hologram","floor":38.0},{"not_picked":["Thunder Strike","Redo"],"picked":"Fusion+1","floor":42.0},{"not_picked":["Cold Snap+1","Rebound","Storm+1"],"picked":"Singing Bowl","floor":44.0},{"not_picked":["Compile Driver","Turbo","Fusion"],"picked":"Singing Bowl","floor":48.0},{"not_picked":["Go for the Eyes","Sweeping Beam"],"picked":"All For One","floor":55.0}],"player_experience":2223928,"relics_obtained":[{"floor":6.0,"key":"Oddly Smooth Stone"},{"floor":9.0,"key":"Anchor"},{"floor":13.0,"key":"Pen Nib"},{"floor":23.0,"key":"Bag of Preparation"},{"floor":25.0,"key":"Blood Vial"},{"floor":38.0,"key":"WingedGreaves"},{"floor":43.0,"key":"Smiling Mask"},{"floor":44.0,"key":"Singing Bowl"},{"floor":55.0,"key":"Bird Faced Urn"}],"event_choices":[{"cards_removed":["Strike_B"],"damage_healed":0.0,"max_hp_gain":0.0,"max_hp_loss":0.0,"gold_gain":0.0,"event_name":"The Cleric","player_choice":"Card Removal","floor":2.0,"gold_loss":75.0,"damage_taken":0.0},{"damage_healed":0.0,"max_hp_gain":5.0,"max_hp_loss":0.0,"gold_gain":0.0,"event_name":"Big Fish","player_choice":"Donut","floor":4.0,"gold_loss":0.0,"damage_taken":0.0},{"cards_removed":["Strike_B"],"damage_healed":0.0,"max_hp_gain":0.0,"max_hp_loss":0.0,"gold_gain":0.0,"event_name":"Golden Wing","player_choice":"Card Removal","floor":5.0,"gold_loss":0.0,"damage_taken":7.0},{"damage_healed":0.0,"max_hp_gain":0.0,"max_hp_loss":0.0,"gold_gain":0.0,"cards_transformed":["Strike_B"],"event_name":"Transmorgrifier","player_choice":"Transformed","floor":8.0,"gold_loss":0.0,"damage_taken":0.0,"cards_obtained":["Self Repair"]},{"cards_removed":["Defend_B"],"damage_healed":0.0,"max_hp_gain":0.0,"max_hp_loss":0.0,"gold_gain":0.0,"event_name":"Purifier","player_choice":"Purged","floor":28.0,"gold_loss":0.0,"damage_taken":0.0},{"damage_healed":0.0,"max_hp_gain":0.0,"max_hp_loss":0.0,"gold_gain":0.0,"event_name":"SensoryStone","player_choice":"Memory 3","floor":37.0,"gold_loss":0.0,"damage_taken":10.0},{"damage_healed":0.0,"max_hp_gain":0.0,"max_hp_loss":0.0,"gold_gain":0.0,"event_name":"Mysterious Sphere","player_choice":"Fight","floor":38.0,"gold_loss":0.0,"damage_taken":0.0},{"damage_healed":0.0,"max_hp_gain":0.0,"max_hp_loss":0.0,"gold_gain":0.0,"event_name":"MindBloom","player_choice":"Upgrade","floor":47.0,"gold_loss":0.0,"damage_taken":0.0,"cards_upgraded":["Defend_B","Defend_B","Defend_B","Gash","Steam","Reinforced Body","Self Repair","Conserve Battery","Electrodynamics","Compile Driver","Echo Form","Undo","Capacitor","Skim","Hologram","Multi-Cast","Panacea","Flash of Steel","Hologram","Heatsinks"],"relics_obtained":["Mark of the Bloom"]}],"is_beta":false,"boss_relics":[{"not_picked":["Fusion Hammer","Velvet Choker"],"picked":"Eternal Feather"},{"not_picked":["Empty Cage","Orrery"],"picked":"Nuclear Battery"}],"items_purged_floors":[19],"is_endless":false,"potions_floor_spawned":[3,11,13,23,25,30,38,44,48],"ascension_level":20}