{"gold_per_floor":[117,17,30,30,30,57,74,74,74,94,120,134,134,148,148,245,245,228,128,140,153,173,173,200,200,200,200,200,213,213,226,226,226],"floor_reached":33,"playtime":1660,"items_purged":["Strike_G","Strike_G"],"score":304,"play_id":"7a8279fd-b24a-49ab-a520-146b363ff017","local_time":"20190831155619","is_ascension_mode":false,"campfire_choices":[{"floor":8,"key":"REST"},{"data":"1","floor":13,"key":"LIFT"},{"data":"2","floor":15,"key":"LIFT"},{"floor":23,"key":"REST"},{"data":"3","floor":25,"key":"LIFT"},{"data":"Infinite Blades","floor":28,"key":"SMITH"},{"floor":30,"key":"REST"},{"floor":32,"key":"REST"}],"neow_cost":"NONE","seed_source_timestamp":1527757009729835,"circlet_count":0,"master_deck":["Strike_G","Strike_G","Strike_G","Defend_G","Defend_G","Defend_G","Defend_G","Defend_G","Survivor","Neutralize+1","Quick Slash","Dagger Throw","Infinite Blades+1","Dash","Backstab","Blade Dance","Outmaneuver","Well Laid Plans","Prepared","Dodge and Roll","Infinite Blades+1","PiercingWail","Blade Dance","After Image","Blur","Quick Slash+1","Cloak And Dagger","Distraction","Accuracy+1","Blade Dance+1","Finisher","Burst","Blade Dance"],"relics":["Ring of the Snake","Prayer Wheel","Girya","Question Card","Busted Crown","Matryoshka","Pear","Frozen Egg 2"],"potions_floor_usage":[33],"damage_taken":[{"damage":0,"enemies":"2 Louse","floor":1,"turns":3},{"damage":0,"enemies":"Cultist","floor":3,"turns":4},{"damage":45,"enemies":"Lagavulin","floor":6,"turns":14},{"damage":0,"enemies":"Jaw Worm","floor":7,"turns":4},{"damage":6,"enemies":"Exordium Wildlife","floor":10,"turns":3},{"damage":6,"enemies":"3 Sentries","floor":11,"turns":8},{"damage":0,"enemies":"2 Fungi Beasts","floor":12,"turns":2},{"damage":0,"enemies":"Looter","floor":14,"turns":2},{"damage":16,"enemies":"The Guardian","floor":16,"turns":14},{"damage":17,"enemies":"2 Thieves","floor":18,"turns":4},{"damage":8,"enemies":"Shell Parasite","floor":20,"turns":4},{"damage":23,"enemies":"Cultist and Chosen","floor":21,"turns":7},{"damage":0,"enemies":"Centurion and Healer","floor":22,"turns":6},{"damage":10,"enemies":"Book of Stabbing","floor":24,"turns":5},{"damage":21,"enemies":"Snake Plant","floor":29,"turns":2},{"damage":15,"enemies":"Shelled Parasite and Fungi","floor":31,"turns":3},{"damage":60,"enemies":"Automaton","floor":33,"turns":6}],"seed_played":"-8849447168929620292","potions_obtained":[{"floor":6,"key":"PowerPotion"},{"floor":11,"key":"LiquidBronze"},{"floor":12,"key":"Ancient Potion"}],"is_trial":false,"path_per_floor":["M","$","M","?","$","E","M","R","T","M","E","M","R","M","R","B",null,"M","$","M","M","M","R","E","R","T","?","R","M","R","M","R","B"],"character_chosen":"THE_SILENT","items_purchased":["Dagger Throw"],"campfire_rested":4,"item_purchase_floors":[2],"current_hp_per_floor":[70,70,70,70,70,25,25,46,46,40,34,34,34,34,34,18,70,53,53,45,22,22,43,33,33,43,43,43,22,46,31,55,0],"gold":226,"neow_bonus":"UPGRADE_CARD","is_prod":false,"is_daily":false,"chose_seed":false,"campfire_upgraded":1,"win_rate":0,"timestamp":1567259779,"path_taken":["M","$","M","?","$","E","M","R","T","M","E","M","R","?","R","BOSS","M","$","M","M","M","R","E","R","T","?","R","M","R","M","R","BOSS"],"build_version":"2019-07-17","purchased_purges":2,"victory":false,"max_hp_per_floor":[70,70,70,70,70,70,70,70,70,70,70,70,70,70,70,70,70,70,70,70,70,70,70,70,70,80,80,80,80,80,80,80,80],"card_choices":[{"not_picked":["Slice","Acrobatics"],"picked":"Quick Slash","floor":1},{"not_picked":["Dodge and Roll","Concentrate"],"picked":"Infinite Blades","floor":3},{"not_picked":["Underhanded Strike","Deflect"],"picked":"Dash","floor":6},{"not_picked":["Acrobatics","Unload"],"picked":"Backstab","floor":7},{"not_picked":["Bane","Deadly Poison"],"picked":"Blade Dance","floor":7},{"not_picked":["Heel Hook","Calculated Gamble"],"picked":"Outmaneuver","floor":10},{"not_picked":["Flying Knee","Reflex"],"picked":"Well Laid Plans","floor":10},{"not_picked":["Doppelganger","Slice"],"picked":"Prepared","floor":11},{"not_picked":["All Out Attack","Flechettes","Heel Hook"],"picked":"Dodge and Roll","floor":12},{"not_picked":["Poisoned Stab","Expertise","Dagger Spray"],"picked":"Infinite Blades","floor":12},{"not_picked":["Deadly Poison","Finisher","Dodge and Roll"],"picked":"PiercingWail","floor":14},{"not_picked":["Acrobatics","Poisoned Stab","Outmaneuver"],"picked":"Blade Dance","floor":14},{"not_picked":["Night Terror","Malaise","Tools of the Trade"],"picked":"After Image","floor":16},{"not_picked":["Dagger Throw"],"picked":"Blur","floor":18},{"not_picked":["Dagger Spray+1"],"picked":"Quick Slash+1","floor":18},{"not_picked":["Flying Knee"],"picked":"Cloak And Dagger","floor":20},{"not_picked":["Bouncing Flask"],"picked":"Distraction","floor":20},{"not_picked":["Poisoned Stab","Masterful Stab"],"picked":"SKIP","floor":21},{"not_picked":["Endless Agony+1","Flying Knee"],"picked":"SKIP","floor":21},{"not_picked":["Backstab"],"picked":"Accuracy+1","floor":22},{"not_picked":["Heel Hook"],"picked":"Blade Dance+1","floor":22},{"not_picked":["Calculated Gamble+1"],"picked":"Finisher","floor":24},{"not_picked":["Flying Knee+1"],"picked":"Burst","floor":29},{"not_picked":["Quick Slash","Distraction"],"picked":"SKIP","floor":29},{"not_picked":["Concentrate+1"],"picked":"Blade Dance","floor":31},{"not_picked":["Dash","Slice"],"picked":"SKIP","floor":31}],"player_experience":105615,"relics_obtained":[{"floor":6,"key":"Prayer Wheel"},{"floor":9,"key":"Girya"},{"floor":11,"key":"Question Card"},{"floor":24,"key":"Matryoshka"},{"floor":26,"key":"Pear"},{"floor":26,"key":"Frozen Egg 2"}],"event_choices":[{"damage_healed":0,"gold_gain":0,"player_choice":"Forge","damage_taken":0,"max_hp_gain":0,"max_hp_loss":0,"event_name":"Accursed Blacksmith","floor":4,"gold_loss":0,"cards_upgraded":["Infinite Blades"]},{"damage_healed":0,"gold_gain":0,"player_choice":"Ignored","damage_taken":0,"max_hp_gain":0,"max_hp_loss":0,"event_name":"Cursed Tome","floor":27,"gold_loss":0}],"is_beta":false,"boss_relics":[{"not_picked":["White Beast Statue","Cursed Key"],"picked":"Busted Crown"}],"items_purged_floors":[2,19],"is_endless":false,"potions_floor_spawned":[6,11,12,14,18,22,24,31],"killed_by":"Automaton","ascension_level":0}