{"gold_per_floor":[117,42,42,42,56,56,87,87,87,102,132,132,132,146,146,224,224,243,221,221,221,234,234,48,48,48,48,48,48],"floor_reached":29,"playtime":722,"items_purged":["Strike_B"],"score":508,"play_id":"303a376d-4982-41e4-a3f3-43c02d0bc29d","local_time":"20190817225607","is_ascension_mode":true,"campfire_choices":[{"data":"Zap","floor":6,"key":"SMITH"},{"data":"Fusion","floor":8,"key":"SMITH"},{"data":"Coolheaded","floor":12,"key":"SMITH"},{"data":"Blizzard","floor":15,"key":"SMITH"},{"floor":23,"key":"REST"},{"data":"Fission","floor":25,"key":"SMITH"},{"data":"Dualcast","floor":28,"key":"SMITH"}],"neow_cost":"NONE","seed_source_timestamp":1748306787212242,"circlet_count":0,"master_deck":["AscendersBane","Defend_B+1","Defend_B","Defend_B","Defend_B+1","Zap+1","Dualcast+1","Ball Lightning","Coolheaded+1","Fusion+1","Gash","Storm","Blizzard+1","Fission+1","Conserve Battery","Compile Driver","Conserve Battery","Heatsinks","Decay","Coolheaded","Seek"],"relics":["Cracked Core","NeowsBlessing","Incense Burner","Oddly Smooth Stone","Peace Pipe","Du-Vu Doll","Inserter","DataDisk","The Courier"],"potions_floor_usage":[11,16,16,22],"damage_taken":[{"damage":0,"enemies":"Jaw Worm","floor":1,"turns":1},{"damage":0,"enemies":"Small Slimes","floor":5,"turns":1},{"damage":0,"enemies":"Lagavulin","floor":7,"turns":1},{"damage":0,"enemies":"Cultist","floor":10,"turns":3},{"damage":16,"enemies":"3 Sentries","floor":11,"turns":8},{"damage":14,"enemies":"Exordium Wildlife","floor":14,"turns":9},{"damage":2,"enemies":"The Guardian","floor":16,"turns":12},{"damage":32,"enemies":"Shell Parasite","floor":18,"turns":8},{"damage":14,"enemies":"2 Thieves","floor":19,"turns":4},{"damage":8,"enemies":"Snake Plant","floor":22,"turns":7},{"damage":9,"enemies":"Slavers","floor":29,"turns":3}],"seed_played":"-7553805523531783181","potions_obtained":[{"floor":5,"key":"GamblersBrew"},{"floor":7,"key":"Weak Potion"},{"floor":11,"key":"Swift Potion"},{"floor":16,"key":"FearPotion"},{"floor":18,"key":"Weak Potion"}],"is_trial":false,"path_per_floor":["M","$","?","?","M","R","E","R","T","M","E","R","?","M","R","B",null,"M","M","?","?","M","R","$","R","T","?","R","E"],"character_chosen":"DEFECT","items_purchased":["DataDisk","Coolheaded"],"campfire_rested":1,"item_purchase_floors":[24,24],"current_hp_per_floor":[64,64,59,38,38,38,38,38,38,38,22,22,22,8,8,6,55,23,9,9,9,1,22,22,22,22,22,22,13],"gold":48,"neow_bonus":"THREE_ENEMY_KILL","is_prod":false,"is_daily":false,"chose_seed":false,"campfire_upgraded":6,"win_rate":0,"timestamp":1566053767,"path_taken":["M","$","?","?","M","R","E","R","T","M","E","R","?","?","R","BOSS","M","M","?","?","M","R","$","R","T","?","R","E"],"build_version":"2019-07-17","purchased_purges":1,"victory":false,"max_hp_per_floor":[71,71,71,71,71,71,71,71,71,71,71,71,71,71,71,71,71,71,71,71,71,71,71,71,71,71,71,71,71],"card_choices":[{"not_picked":["Darkness","Stack"],"picked":"Ball Lightning","floor":1},{"not_picked":["Rebound","Seek"],"picked":"Coolheaded","floor":5},{"not_picked":["Self Repair","Multi-Cast"],"picked":"Fusion","floor":7},{"not_picked":["Chill","Scrape"],"picked":"Gash","floor":10},{"not_picked":["Steam","Barrage"],"picked":"Storm","floor":11},{"not_picked":["Redo","Conserve Battery"],"picked":"Blizzard","floor":14},{"not_picked":["Creative AI","Multi-Cast"],"picked":"Fission","floor":16},{"not_picked":["Sweeping Beam","Leap"],"picked":"Conserve Battery","floor":18},{"not_picked":["Conserve Battery+1","Doom and Gloom"],"picked":"Compile Driver","floor":19},{"not_picked":["Blizzard","Doom and Gloom+1","Conserve Battery+1"],"picked":"SKIP","floor":22}],"player_experience":2193288,"relics_obtained":[{"floor":7,"key":"Oddly Smooth Stone"},{"floor":9,"key":"Peace Pipe"},{"floor":11,"key":"Du-Vu Doll"},{"floor":26,"key":"The Courier"}],"event_choices":[{"damage_healed":0,"gold_gain":0,"player_choice":"Success","damage_taken":5,"relics_obtained":["Incense Burner"],"max_hp_gain":0,"max_hp_loss":0,"event_name":"Scrap Ooze","floor":3,"gold_loss":0},{"damage_healed":0,"gold_gain":0,"player_choice":"Entered Light","damage_taken":21,"max_hp_gain":0,"max_hp_loss":0,"event_name":"Shining Light","floor":4,"gold_loss":0,"cards_upgraded":["Defend_B","Defend_B"]},{"cards_removed":["Strike_B"],"damage_healed":0,"gold_gain":0,"player_choice":"Purged","damage_taken":0,"max_hp_gain":0,"max_hp_loss":0,"event_name":"Purifier","floor":13,"gold_loss":0},{"damage_healed":0,"gold_gain":0,"cards_transformed":["Strike_B","Strike_B"],"player_choice":"Became Test Subject","damage_taken":0,"max_hp_gain":0,"max_hp_loss":0,"event_name":"Drug Dealer","floor":20,"gold_loss":0,"cards_obtained":["Conserve Battery","Heatsinks"]},{"damage_healed":0,"gold_gain":0,"player_choice":"Smashed Altar","damage_taken":0,"max_hp_gain":0,"max_hp_loss":0,"event_name":"Forgotten Altar","floor":21,"gold_loss":0,"cards_obtained":["Decay"]},{"damage_healed":0,"gold_gain":0,"player_choice":"Read","damage_taken":0,"max_hp_gain":0,"max_hp_loss":0,"event_name":"The Library","floor":27,"gold_loss":0,"cards_obtained":["Seek"]}],"is_beta":false,"boss_relics":[{"not_picked":["Philosopher\u0027s Stone","Ectoplasm"],"picked":"Inserter"}],"items_purged_floors":[2],"is_endless":false,"potions_floor_spawned":[5,7,11,16,18],"killed_by":"Slavers","ascension_level":20}