{"gold_per_floor":[116,134,154,170,182,182,215,215,215,246,19,19,19],"floor_reached":13,"playtime":1400,"items_purged":[],"score":109,"play_id":"4686ff90-2d57-4d16-8ca7-bf0573470c19","local_time":"20190829214930","is_ascension_mode":true,"campfire_choices":[{"data":"Armaments","floor":6,"key":"SMITH"},{"floor":8,"key":"REST"},{"floor":12,"key":"REST"}],"neow_cost":"NONE","seed_source_timestamp":65244346718300,"circlet_count":0,"master_deck":["Strike_R","Strike_R","Strike_R","Strike_R","Strike_R","Defend_R","Defend_R","Defend_R","Defend_R","Bash","Armaments+1","Ghostly Armor","Cleave","Pommel Strike","Shrug It Off","Inflame","Warcry","Corruption"],"relics":["Burning Blood","Oddly Smooth Stone","FossilizedHelix","StoneCalendar","OrangePellets"],"potions_floor_usage":[],"damage_taken":[{"damage":10,"enemies":"Cultist","floor":1,"turns":5},{"damage":11,"enemies":"Jaw Worm","floor":2,"turns":4},{"damage":1,"enemies":"2 Louse","floor":3,"turns":3},{"damage":10,"enemies":"Looter","floor":4,"turns":5},{"damage":9,"enemies":"Exordium Wildlife","floor":5,"turns":5},{"damage":27,"enemies":"3 Sentries","floor":7,"turns":9},{"damage":24,"enemies":"Lagavulin","floor":10,"turns":7},{"damage":99,"enemies":"Gremlin Nob","floor":13,"turns":6}],"seed_played":"4439656340514054678","potions_obtained":[{"floor":4,"key":"GamblersBrew"},{"floor":10,"key":"GamblersBrew"}],"is_trial":false,"path_per_floor":["M","M","M","M","M","R","E","R","T","E","$","R","E"],"character_chosen":"IRONCLAD","items_purchased":["Corruption","OrangePellets"],"campfire_rested":2,"item_purchase_floors":[11,11],"current_hp_per_floor":[84,79,84,80,77,77,56,82,82,64,64,88,0],"gold":19,"neow_bonus":"TEN_PERCENT_HP_BONUS","is_prod":false,"is_daily":false,"chose_seed":false,"campfire_upgraded":1,"win_rate":0,"timestamp":1567133370,"path_taken":["M","M","M","M","M","R","E","R","T","E","$","R","E"],"build_version":"2019-07-17","purchased_purges":0,"victory":false,"max_hp_per_floor":[88,88,88,88,88,88,88,88,88,88,88,88,88],"card_choices":[{"not_picked":["Clothesline","Sword Boomerang"],"picked":"Armaments","floor":1},{"not_picked":["Iron Wave","Headbutt"],"picked":"Ghostly Armor","floor":2},{"not_picked":["Sword Boomerang","Warcry"],"picked":"Cleave","floor":3},{"not_picked":["Dropkick","Heavy Blade"],"picked":"Pommel Strike","floor":4},{"not_picked":["Clothesline","Searing Blow"],"picked":"Shrug It Off","floor":5},{"not_picked":["Rupture","Shockwave"],"picked":"Inflame","floor":7},{"not_picked":["Combust","Cleave"],"picked":"Warcry","floor":10}],"player_experience":365671,"relics_obtained":[{"floor":7,"key":"Oddly Smooth Stone"},{"floor":9,"key":"FossilizedHelix"},{"floor":10,"key":"StoneCalendar"}],"event_choices":[],"is_beta":false,"boss_relics":[],"items_purged_floors":[],"is_endless":false,"potions_floor_spawned":[4,10],"killed_by":"Gremlin Nob","ascension_level":3}