{"gold_per_floor":[368,368,387,86,102,102,113,144,169,244,263,276,286,85,85,190,190,202,50,63,63,73,73,85,85,85,85,0,0,31,42,42,147,147,159,159,159,159,0,0,0,0,0,13,13,27,54,54,54,54],"floor_reached":50,"playtime":3818,"items_purged":[],"score":515,"play_id":"4f83b920-a378-41fc-84df-497b28a276ce","local_time":"20190702003159","is_ascension_mode":false,"campfire_choices":[{"data":"Cleave","floor":6,"key":"SMITH"},{"data":"Twin Strike","floor":15,"key":"SMITH"},{"data":"Searing Blow","floor":23,"key":"SMITH"},{"floor":29,"key":"REST"},{"floor":32,"key":"REST"},{"data":"Searing Blow+1","floor":40,"key":"SMITH"},{"data":"Searing Blow+2","floor":42,"key":"SMITH"},{"floor":45,"key":"REST"},{"data":"The Bomb","floor":49,"key":"SMITH"}],"neow_cost":"CURSE","seed_source_timestamp":1180301472393962,"circlet_count":0,"master_deck":["Bash","Normality","Warcry","Shockwave","Cleave+1","Clash","Sword Boomerang","Double Tap","Twin Strike+1","Heavy Blade","Intimidate+1","Barricade","Inflame+1","Perfected Strike+1","Searing Blow+3","Burning Pact","Clash+1","Cleave","Feed","Fiend Fire","Thunderclap","Twin Strike","Immolate","Iron Wave","Carnage","Pummel","Entrench","Rampage+1","The Bomb","Dramatic Entrance","The Bomb+1","Writhe","Pommel Strike","Clash","Seeing Red+1","Doubt"],"relics":["Burning Blood","Incense Burner","Whetstone","Bag of Marbles","Lee\u0027s Waffle","Sozu","War Paint","MutagenicStrength","Mercury Hourglass","Red Skull","Pandora\u0027s Box","Red Mask","Bottled Lightning","Art of War"],"potions_floor_usage":[30,30],"damage_taken":[{"damage":9,"enemies":"2 Louse","floor":1,"turns":3},{"damage":10,"enemies":"Jaw Worm","floor":3,"turns":4},{"damage":0,"enemies":"Small Slimes","floor":5,"turns":3},{"damage":10,"enemies":"Looter","floor":7,"turns":3},{"damage":30,"enemies":"3 Sentries","floor":8,"turns":7},{"damage":4,"enemies":"2 Fungi Beasts","floor":11,"turns":2},{"damage":0,"enemies":"Lots of Slimes","floor":12,"turns":1},{"damage":7,"enemies":"Large Slime","floor":13,"turns":4},{"damage":63,"enemies":"The Guardian","floor":16,"turns":10},{"damage":18,"enemies":"3 Byrds","floor":18,"turns":7},{"damage":0,"enemies":"Spheric Guardian","floor":20,"turns":2},{"damage":12,"enemies":"Centurion and Healer","floor":22,"turns":4},{"damage":21,"enemies":"Snake Plant","floor":24,"turns":2},{"damage":27,"enemies":"Slavers","floor":30,"turns":3},{"damage":6,"enemies":"Snecko","floor":31,"turns":3},{"damage":69,"enemies":"Champ","floor":33,"turns":8},{"damage":1,"enemies":"Orb Walker","floor":35,"turns":2},{"damage":32,"enemies":"3 Darklings","floor":44,"turns":3},{"damage":6,"enemies":"Sphere and 2 Shapes","floor":46,"turns":3},{"damage":31,"enemies":"Reptomancer","floor":47,"turns":5},{"damage":101,"enemies":"Donu and Deca","floor":50,"turns":5}],"seed_played":"-7642222843226148846","potions_obtained":[{"floor":11,"key":"Weak Potion"},{"floor":13,"key":"EssenceOfSteel"},{"floor":16,"key":"FearPotion"}],"is_trial":false,"path_per_floor":["M","?","M","$","M","R","M","E","T","?","M","M","M","$","R","B",null,"M","$","M","?","M","R","M","$","T","$","?","R","E","M","R","B",null,"M","?","?","?","?","R","$","R","T","M","R","M","E","?","R","B"],"character_chosen":"IRONCLAD","items_purchased":["Incense Burner","Lee\u0027s Waffle","War Paint"],"campfire_rested":3,"item_purchase_floors":[4,14,19],"current_hp_per_floor":[77,77,73,73,79,79,75,51,51,40,42,48,47,87,87,30,87,75,75,81,81,75,75,60,60,60,60,60,86,65,65,87,24,87,87,77,87,87,87,87,87,87,87,61,87,87,62,87,87,0],"gold":54,"neow_bonus":"TWO_FIFTY_GOLD","is_prod":false,"is_daily":false,"chose_seed":false,"campfire_upgraded":6,"win_rate":0.0,"timestamp":1562045519,"path_taken":["M","?","M","$","M","R","M","E","T","?","M","?","M","$","R","BOSS","M","$","M","?","M","R","M","$","T","$","?","R","E","M","R","BOSS","M","?","?","?","?","R","?","R","T","M","R","M","E","?","R","BOSS"],"build_version":"2019-07-01","purchased_purges":0,"victory":false,"max_hp_per_floor":[80,80,80,80,80,80,80,80,80,80,80,80,80,87,87,87,87,87,87,87,87,87,87,87,87,87,87,87,87,87,87,87,87,87,87,87,87,87,87,87,87,87,87,87,87,87,87,87,87,87],"card_choices":[{"not_picked":["Body Slam","Dropkick"],"picked":"Warcry","floor":1},{"not_picked":["Sentinel","Clash"],"picked":"Cleave","floor":3},{"not_picked":["Body Slam","Shrug It Off"],"picked":"Clash","floor":5},{"not_picked":["Perfected Strike","Armaments"],"picked":"Sword Boomerang","floor":7},{"not_picked":["Headbutt","Thunderclap"],"picked":"Double Tap","floor":8},{"not_picked":["Whirlwind","Seeing Red"],"picked":"Twin Strike","floor":11},{"not_picked":["Fire Breathing","Sever Soul"],"picked":"Heavy Blade","floor":12},{"not_picked":["Sword Boomerang","Heavy Blade"],"picked":"Intimidate","floor":13},{"not_picked":["Impervious","Double Tap"],"picked":"Barricade","floor":16},{"not_picked":["Sword Boomerang","Iron Wave"],"picked":"Inflame+1","floor":18},{"not_picked":["Havoc","Heavy Blade"],"picked":"Perfected Strike+1","floor":20},{"not_picked":["Whirlwind","Shrug It Off"],"picked":"Searing Blow","floor":22},{"not_picked":["Battle Trance+1","Havoc"],"picked":"Burning Pact","floor":24},{"not_picked":["Inflame","Impervious"],"picked":"Clash+1","floor":30},{"not_picked":["True Grit+1","Rupture"],"picked":"Cleave","floor":31},{"not_picked":["Fiend Fire","Bludgeon"],"picked":"Feed","floor":33},{"not_picked":["Reckless Charge+1","Warcry+1"],"picked":"Rampage+1","floor":35},{"not_picked":["Impatience","Jack Of All Trades"],"picked":"The Bomb","floor":36},{"not_picked":["Trip","Enlightenment"],"picked":"Dramatic Entrance","floor":36},{"not_picked":["PanicButton","Deep Breath"],"picked":"The Bomb","floor":36},{"not_picked":["Thunderclap","Fire Breathing"],"picked":"Pommel Strike","floor":44},{"not_picked":["Ghostly Armor","Thunderclap"],"picked":"Clash","floor":46},{"not_picked":["Armaments","Pummel+1"],"picked":"Seeing Red+1","floor":47}],"player_experience":78254,"relics_obtained":[{"floor":8,"key":"Whetstone"},{"floor":9,"key":"Bag of Marbles"},{"floor":26,"key":"Mercury Hourglass"},{"floor":30,"key":"Red Skull"},{"floor":43,"key":"Bottled Lightning"},{"floor":47,"key":"Art of War"}],"event_choices":[{"damage_healed":0,"gold_gain":0,"cards_transformed":["Strike_R"],"player_choice":"Change","damage_taken":0,"max_hp_gain":0,"max_hp_loss":0,"event_name":"Living Wall","floor":2,"gold_loss":0,"cards_obtained":["Shockwave"]},{"damage_healed":0,"gold_gain":75,"player_choice":"Gather Gold","damage_taken":11,"max_hp_gain":0,"max_hp_loss":0,"event_name":"World of Goop","floor":10,"gold_loss":0},{"damage_healed":0,"gold_gain":0,"player_choice":"Inject Mutagens","damage_taken":0,"relics_obtained":["MutagenicStrength"],"max_hp_gain":0,"max_hp_loss":0,"event_name":"Drug Dealer","floor":21,"gold_loss":0},{"damage_healed":0,"gold_gain":0,"player_choice":"Paid Fearfully","damage_taken":0,"max_hp_gain":0,"max_hp_loss":0,"event_name":"Masked Bandits","floor":28,"gold_loss":85},{"damage_healed":0,"gold_gain":0,"player_choice":"Memory 3","damage_taken":10,"max_hp_gain":0,"max_hp_loss":0,"event_name":"SensoryStone","floor":36,"gold_loss":0},{"damage_healed":22,"gold_gain":0,"player_choice":"Writhe","damage_taken":0,"max_hp_gain":0,"max_hp_loss":0,"event_name":"Winding Halls","floor":37,"gold_loss":0,"cards_obtained":["Writhe"]},{"damage_healed":0,"gold_gain":0,"player_choice":"Ignored","damage_taken":0,"max_hp_gain":0,"max_hp_loss":0,"event_name":"Mysterious Sphere","floor":38,"gold_loss":0},{"damage_healed":0,"gold_gain":0,"player_choice":"Paid","damage_taken":0,"relics_obtained":["Red Mask"],"max_hp_gain":0,"max_hp_loss":0,"event_name":"Tomb of Lord Red Mask","floor":39,"gold_loss":159},{"damage_healed":25,"gold_gain":0,"player_choice":"Heal","damage_taken":0,"max_hp_gain":0,"max_hp_loss":0,"event_name":"MindBloom","floor":48,"gold_loss":0,"cards_obtained":["Doubt"]}],"is_beta":false,"boss_relics":[{"not_picked":["Coffee Dripper","Snecko Eye"],"picked":"Sozu"},{"not_picked":["Astrolabe","Calling Bell"],"picked":"Pandora\u0027s Box"}],"items_purged_floors":[],"is_endless":false,"potions_floor_spawned":[11,13,16,20,22,30,33,44],"killed_by":"Donu and Deca","ascension_level":0}