{"gold_per_floor":[111,111,125,141,152,152,167,167,167,342,342,372,391,408,408,510,510,525,541,541,285,285,285,123,142,218,244,257,292,292,317,317,317],"floor_reached":33,"playtime":4093,"items_purged":[],"score":357,"play_id":"ff027b99-d830-4a8e-8639-016e208a6f2b","local_time":"20190701204809","is_ascension_mode":false,"campfire_choices":[{"floor":6,"key":"REST"},{"floor":15,"key":"REST"},{"floor":23,"key":"REST"},{"floor":30,"key":"REST"},{"floor":32,"key":"REST"}],"neow_cost":"CURSE","seed_source_timestamp":1166592787834905,"circlet_count":0,"master_deck":["Defend_R","Defend_R","Defend_R","Defend_R","Bash","Shame","Headbutt","Twin Strike","Perfected Strike","Sword Boomerang","Inflame","Doubt","Inflame","Clash","Flex","Feed","Carnage","Shockwave","RitualDagger","Bite","Bite","Bite","Bite","Bite","Apotheosis","Inflame","Bloodletting+1","Armaments+1","Dropkick","Warcry+1"],"relics":["Burning Blood","Bronze Scales","Bird Faced Urn","CultistMask","Black Star","Brimstone","Frozen Egg 2","Boot","Toxic Egg 2","Charon\u0027s Ashes","Bottled Lightning","Ancient Tea Set","Regal Pillow"],"potions_floor_usage":[4,16,16,16,27,28,29,31],"damage_taken":[{"damage":21,"enemies":"Cultist","floor":1,"turns":6},{"damage":12,"enemies":"Jaw Worm","floor":3,"turns":4},{"damage":0,"enemies":"2 Louse","floor":4,"turns":3},{"damage":10,"enemies":"Red Slaver","floor":5,"turns":4},{"damage":9,"enemies":"Exordium Thugs","floor":7,"turns":4},{"damage":42,"enemies":"Lagavulin","floor":12,"turns":8},{"damage":21,"enemies":"Exordium Wildlife","floor":13,"turns":3},{"damage":15,"enemies":"Lots of Slimes","floor":14,"turns":4},{"damage":74,"enemies":"The Guardian","floor":16,"turns":9},{"damage":15,"enemies":"Spheric Guardian","floor":18,"turns":3},{"damage":25,"enemies":"2 Thieves","floor":19,"turns":4},{"damage":18,"enemies":"Snake Plant","floor":25,"turns":3},{"damage":57,"enemies":"Book of Stabbing","floor":27,"turns":4},{"damage":38,"enemies":"3 Cultists","floor":28,"turns":5},{"damage":32,"enemies":"Gremlin Leader","floor":29,"turns":7},{"damage":52,"enemies":"Book of Stabbing","floor":31,"turns":4},{"damage":79,"enemies":"Automaton","floor":33,"turns":6}],"seed_played":"-1740719190444427070","potions_obtained":[{"floor":1,"key":"Block Potion"},{"floor":4,"key":"Fire Potion"},{"floor":7,"key":"Swift Potion"},{"floor":14,"key":"Energy Potion"},{"floor":25,"key":"Fire Potion"},{"floor":28,"key":"EssenceOfSteel"},{"floor":29,"key":"Ancient Potion"}],"is_trial":false,"path_per_floor":["M","T","M","M","M","R","M","$","T","?","?","E","M","M","R","B",null,"M","M","?","$","?","R","$","M","T","E","M","E","R","E","R","B"],"character_chosen":"IRONCLAD","items_purchased":["Brimstone","SteroidPotion","Apotheosis"],"campfire_rested":5,"item_purchase_floors":[21,21,24],"current_hp_per_floor":[81,81,75,81,77,96,93,93,93,93,93,59,50,43,71,9,96,87,72,66,66,66,94,94,90,90,48,28,18,48,8,53,0],"gold":317,"neow_bonus":"TWENTY_PERCENT_HP_BONUS","is_prod":false,"is_daily":false,"chose_seed":false,"campfire_upgraded":0,"win_rate":0.0,"timestamp":1562032089,"path_taken":["M","?","?","M","M","R","M","$","T","?","?","E","?","M","R","BOSS","M","M","?","$","?","R","?","M","T","E","M","E","R","E","R","BOSS"],"build_version":"2019-07-01","purchased_purges":0,"victory":false,"max_hp_per_floor":[96,96,96,96,96,96,96,96,96,96,96,96,96,96,96,96,96,96,96,96,96,96,96,96,96,96,96,100,100,100,100,100,100],"card_choices":[{"not_picked":["Evolve","Battle Trance"],"picked":"Headbutt","floor":1},{"not_picked":["Uppercut","Burning Pact"],"picked":"Twin Strike","floor":3},{"not_picked":["Combust","Hemokinesis"],"picked":"Perfected Strike","floor":4},{"not_picked":["Iron Wave","Second Wind"],"picked":"Sword Boomerang","floor":5},{"not_picked":["Body Slam","Warcry"],"picked":"Inflame","floor":7},{"not_picked":["Reckless Charge","Double Tap"],"picked":"Inflame","floor":12},{"not_picked":["Disarm","Second Wind"],"picked":"Clash","floor":13},{"not_picked":["Clothesline","Warcry"],"picked":"Flex","floor":14},{"not_picked":["Brutality","Reaper"],"picked":"Feed","floor":16},{"not_picked":["Wild Strike","Dual Wield+1"],"picked":"Carnage","floor":18},{"not_picked":["Second Wind","Fire Breathing"],"picked":"Shockwave","floor":19},{"not_picked":["Thunderclap","Sword Boomerang"],"picked":"Inflame","floor":25},{"not_picked":["Metallicize+1","Iron Wave"],"picked":"Bloodletting+1","floor":27},{"not_picked":["Clash+1","Pommel Strike"],"picked":"Armaments+1","floor":28},{"not_picked":["Clothesline+1","Ghostly Armor+1"],"picked":"Dropkick","floor":29},{"not_picked":["Feel No Pain+1","Clothesline"],"picked":"Warcry+1","floor":31}],"player_experience":65334,"relics_obtained":[{"floor":2,"key":"Bronze Scales"},{"floor":9,"key":"Bird Faced Urn"},{"floor":12,"key":"Blood Vial"},{"floor":26,"key":"Frozen Egg 2"},{"floor":27,"key":"Boot"},{"floor":27,"key":"Toxic Egg 2"},{"floor":29,"key":"Charon\u0027s Ashes"},{"floor":29,"key":"Bottled Lightning"},{"floor":31,"key":"Ancient Tea Set"},{"floor":31,"key":"Regal Pillow"}],"event_choices":[{"damage_healed":0,"gold_gain":175,"player_choice":"AGREE","damage_taken":0,"max_hp_gain":0,"max_hp_loss":0,"event_name":"Liars Game","floor":10,"gold_loss":0,"cards_obtained":["Doubt"]},{"damage_healed":0,"gold_gain":0,"player_choice":"Trade","damage_taken":0,"relics_obtained":["CultistMask"],"max_hp_gain":0,"max_hp_loss":0,"event_name":"FaceTrader","floor":11,"gold_loss":0},{"damage_healed":0,"gold_gain":0,"player_choice":"Joined the Cult","damage_taken":6,"max_hp_gain":0,"max_hp_loss":0,"event_name":"Nest","floor":20,"gold_loss":0,"cards_obtained":["RitualDagger"]},{"damage_healed":0,"gold_gain":0,"player_choice":"Became a vampire (Vial)","damage_taken":0,"max_hp_gain":0,"max_hp_loss":0,"event_name":"Vampires","floor":22,"relics_lost":["Blood Vial"],"gold_loss":0,"cards_obtained":["Bite","Bite","Bite","Bite","Bite"]}],"is_beta":false,"boss_relics":[{"not_picked":["Tiny House","Calling Bell"],"picked":"Black Star"}],"items_purged_floors":[],"is_endless":false,"potions_floor_spawned":[1,4,7,14,25,28,29],"killed_by":"Automaton","ascension_level":0}