{"gold_per_floor":[117,117,117,192,208,233,245,258,258,291,291,302,145,320,320,415,415,434,349,366,316,316,316,332,332,359,284,284,342,50,67,67,162,162,179,229,229,23,23],"floor_reached":39,"playtime":4634,"items_purged":["Doubt"],"score":473,"play_id":"6cabc58d-77f8-4c5f-bddc-e2553d535f48","local_time":"20190713011357","is_ascension_mode":true,"campfire_choices":[{"floor":11,"key":"REST"},{"floor":15,"key":"RECALL"},{"floor":23,"key":"REST"},{"floor":25,"key":"REST"},{"data":"Compile Driver","floor":28,"key":"SMITH"},{"floor":32,"key":"REST"}],"neow_cost":"NONE","seed_source_timestamp":86700348268006,"circlet_count":0,"master_deck":["Defend_B","Defend_B","Defend_B","Defend_B","Zap","Dualcast","FTL+1","Sweeping Beam","Barrage","Turbo","Doom and Gloom","White Noise","Static Discharge","Biased Cognition","Compile Driver+1","Conserve Battery","Rip and Tear+1","Rip and Tear+1","Scrape","Machine Learning","Sunder+1","Leap+1","Chill+1","Barrage+1","Beam Cell"],"relics":["Cracked Core","NeowsBlessing","Matryoshka","Strawberry","Bag of Preparation","Happy Flower","Lizard Tail","Smiling Mask","Letter Opener","Pen Nib","Tiny Chest","FossilizedHelix","Astrolabe","Ginger","Sling"],"potions_floor_usage":[16,16,16,29,33,33],"damage_taken":[{"damage":0,"enemies":"Jaw Worm","floor":1,"turns":1},{"damage":0,"enemies":"Cultist","floor":5,"turns":1},{"damage":0,"enemies":"Gremlin Nob","floor":6,"turns":1},{"damage":3,"enemies":"Small Slimes","floor":7,"turns":3},{"damage":13,"enemies":"Blue Slaver","floor":8,"turns":3},{"damage":24,"enemies":"3 Sentries","floor":10,"turns":7},{"damage":15,"enemies":"Large Slime","floor":12,"turns":4},{"damage":27,"enemies":"Hexaghost","floor":16,"turns":9},{"damage":15,"enemies":"Chosen","floor":18,"turns":4},{"damage":28,"enemies":"2 Thieves","floor":20,"turns":3},{"damage":18,"enemies":"Chosen and Byrds","floor":24,"turns":3},{"damage":36,"enemies":"Slavers","floor":29,"turns":4},{"damage":24,"enemies":"Snake Plant","floor":31,"turns":3},{"damage":63,"enemies":"Collector","floor":33,"turns":8},{"damage":3,"enemies":"Orb Walker","floor":35,"turns":4},{"damage":60,"enemies":"2 Orb Walkers","floor":36,"turns":4},{"damage":23,"enemies":"3 Shapes","floor":39,"turns":2}],"seed_played":"6530274056519549451","potions_obtained":[{"floor":1,"key":"PowerPotion"},{"floor":7,"key":"Swift Potion"},{"floor":12,"key":"Swift Potion"},{"floor":18,"key":"Dexterity Potion"},{"floor":24,"key":"FocusPotion"},{"floor":31,"key":"Block Potion"},{"floor":36,"key":"SpeedPotion"}],"is_trial":false,"path_per_floor":["M","?","$","?","M","E","M","M","T","E","R","M","$","?","R","B",null,"M","?","M","$","?","R","M","R","T","?","R","E","$","M","R","B",null,"M","?","?","$","M"],"character_chosen":"DEFECT","items_purchased":["Happy Flower","FossilizedHelix","Sling"],"campfire_rested":4,"item_purchase_floors":[13,30,38],"current_hp_per_floor":[75,75,75,68,68,68,65,52,59,35,59,44,44,44,44,17,82,67,67,39,39,66,82,64,82,82,82,82,46,46,22,46,41,82,79,19,19,19,0],"gold":23,"neow_bonus":"THREE_ENEMY_KILL","is_prod":false,"is_daily":false,"chose_seed":false,"campfire_upgraded":1,"win_rate":0,"timestamp":1562998437,"path_taken":["M","?","$","?","M","E","?","M","T","E","R","M","$","?","R","BOSS","M","?","M","$","?","R","M","R","T","?","R","E","$","M","R","BOSS","M","?","?","$","M"],"build_version":"2019-07-05","purchased_purges":1,"victory":false,"max_hp_per_floor":[75,75,75,75,75,75,75,75,82,82,82,82,82,82,82,82,82,82,82,82,82,82,82,82,82,82,82,82,82,82,82,82,82,82,82,82,82,82,82],"card_choices":[{"not_picked":["White Noise","Go for the Eyes"],"picked":"FTL","floor":1},{"not_picked":["Genetic Algorithm","Go for the Eyes"],"picked":"Sweeping Beam","floor":5},{"not_picked":["Leap","Streamline"],"picked":"Barrage","floor":6},{"not_picked":["Genetic Algorithm","Steam"],"picked":"Turbo","floor":7},{"not_picked":["Reinforced Body","Go for the Eyes"],"picked":"Doom and Gloom","floor":8},{"not_picked":["Leap","Reinforced Body"],"picked":"White Noise","floor":10},{"not_picked":["Cold Snap","Coolheaded"],"picked":"Static Discharge","floor":12},{"not_picked":["Amplify","Seek"],"picked":"Biased Cognition","floor":16},{"not_picked":["Coolheaded","Stack"],"picked":"Compile Driver","floor":18},{"not_picked":["Undo","Static Discharge"],"picked":"Conserve Battery","floor":20},{"not_picked":["Coolheaded+1","BootSequence"],"picked":"Rip and Tear+1","floor":24},{"not_picked":["Turbo","Redo"],"picked":"Rip and Tear+1","floor":29},{"not_picked":["Turbo","Go for the Eyes+1"],"picked":"Scrape","floor":31},{"not_picked":["Creative AI","Reboot"],"picked":"Machine Learning","floor":33},{"not_picked":["Cold Snap","Sweeping Beam"],"picked":"Barrage+1","floor":35},{"not_picked":["Fusion","FTL"],"picked":"Beam Cell","floor":36}],"player_experience":145662,"relics_obtained":[{"floor":6,"key":"Matryoshka"},{"floor":9,"key":"Strawberry"},{"floor":10,"key":"Bag of Preparation"},{"floor":26,"key":"Letter Opener"},{"floor":26,"key":"Pen Nib"},{"floor":29,"key":"Tiny Chest"},{"floor":36,"key":"Ginger"}],"event_choices":[{"damage_healed":0,"gold_gain":0,"player_choice":"Grow","damage_taken":0,"max_hp_gain":0,"max_hp_loss":0,"event_name":"Living Wall","floor":2,"gold_loss":0,"cards_upgraded":["FTL"]},{"damage_healed":0,"gold_gain":75,"player_choice":"Touch","damage_taken":7,"max_hp_gain":0,"max_hp_loss":0,"event_name":"FaceTrader","floor":4,"gold_loss":0},{"damage_healed":0,"gold_gain":175,"player_choice":"AGREE","damage_taken":0,"max_hp_gain":0,"max_hp_loss":0,"event_name":"Liars Game","floor":14,"gold_loss":0,"cards_obtained":["Doubt"]},{"damage_healed":0,"gold_gain":0,"player_choice":"Obtained Relic","damage_taken":0,"relics_obtained":["Smiling Mask"],"max_hp_gain":0,"max_hp_loss":0,"event_name":"Addict","floor":19,"gold_loss":85},{"damage_healed":27,"gold_gain":0,"player_choice":"Heal","damage_taken":0,"max_hp_gain":0,"max_hp_loss":0,"event_name":"The Library","floor":22,"gold_loss":0},{"cards_removed":["Strike_B"],"damage_healed":0,"gold_gain":0,"player_choice":"Gave Gold","damage_taken":0,"max_hp_gain":0,"max_hp_loss":0,"event_name":"Beggar","floor":27,"gold_loss":75},{"damage_healed":0,"gold_gain":0,"player_choice":"Fight","damage_taken":0,"max_hp_gain":0,"max_hp_loss":0,"event_name":"Mysterious Sphere","floor":36,"gold_loss":0},{"damage_healed":0,"gold_gain":0,"player_choice":"Ignored","damage_taken":0,"max_hp_gain":0,"max_hp_loss":0,"event_name":"Tomb of Lord Red Mask","floor":37,"gold_loss":0}],"is_beta":false,"boss_relics":[{"not_picked":["Tiny House","Sozu"],"picked":"Lizard Tail"},{"not_picked":["Snecko Eye","FrozenCore"],"picked":"Astrolabe"}],"items_purged_floors":[21],"is_endless":false,"potions_floor_spawned":[1,7,12,18,24,31,36],"killed_by":"3 Shapes","ascension_level":2}