{"gold_per_floor":[119,137,157,168,184,218,218,235,235,270,270,290,290,305,305,400,400,416,416,416,33,59,71,83],"floor_reached":24,"playtime":2818,"items_purged":["Strike_R"],"score":260,"play_id":"46f6b64c-3164-4999-8ffa-a76dd3408568","local_time":"20190902192524","is_ascension_mode":true,"campfire_choices":[{"floor":7,"key":"REST"},{"data":"Cleave","floor":11,"key":"SMITH"},{"data":"Bash","floor":15,"key":"SMITH"},{"data":"Flame Barrier","floor":23,"key":"SMITH"}],"neow_cost":"NONE","seed_source_timestamp":485921741718700,"circlet_count":0,"master_deck":["Strike_R","Strike_R","Defend_R","Defend_R+1","Defend_R","Defend_R","Bash+1","Seeing Red","Uppercut","Cleave+1","Iron Wave","Battle Trance","Power Through","Shrug It Off+1","Clothesline","Double Tap","Rampage","Clothesline","Flame Barrier+1","Feed"],"relics":["Burning Blood","Oddly Smooth Stone","PreservedInsect","Boot","War Paint","Runic Pyramid","Shuriken","MawBank"],"potions_floor_usage":[6,16,18],"damage_taken":[{"damage":6,"enemies":"Cultist","floor":1,"turns":3},{"damage":3,"enemies":"Jaw Worm","floor":2,"turns":5},{"damage":0,"enemies":"Small Slimes","floor":3,"turns":3},{"damage":15,"enemies":"Blue Slaver","floor":4,"turns":4},{"damage":9,"enemies":"Exordium Wildlife","floor":5,"turns":3},{"damage":45,"enemies":"Lagavulin","floor":6,"turns":6},{"damage":4,"enemies":"Exordium Thugs","floor":8,"turns":5},{"damage":10,"enemies":"3 Sentries","floor":10,"turns":5},{"damage":6,"enemies":"Lots of Slimes","floor":12,"turns":3},{"damage":0,"enemies":"3 Louse","floor":14,"turns":3},{"damage":57,"enemies":"Hexaghost","floor":16,"turns":14},{"damage":9,"enemies":"3 Byrds","floor":18,"turns":4},{"damage":3,"enemies":"Shell Parasite","floor":24,"turns":3}],"seed_played":"4441916699599324674","potions_obtained":[{"floor":2,"key":"GamblersBrew"},{"floor":3,"key":"Poison Potion"},{"floor":6,"key":"Regen Potion"},{"floor":8,"key":"Fire Potion"},{"floor":14,"key":"Ancient Potion"}],"is_trial":false,"path_per_floor":["M","M","M","M","M","E","R","M","T","E","R","M","?","M","R","B",null,"M","?","?","$","T","R","M"],"character_chosen":"IRONCLAD","items_purchased":["Shuriken","Feed"],"campfire_rested":1,"item_purchase_floors":[21,21],"current_hp_per_floor":[88,88,88,79,76,37,63,65,65,61,61,61,61,67,67,31,74,71,71,71,71,71,71,68],"gold":83,"neow_bonus":"TEN_PERCENT_HP_BONUS","is_prod":false,"is_daily":false,"chose_seed":false,"campfire_upgraded":3,"win_rate":0,"timestamp":1567466724,"path_taken":["M","M","?","M","M","E","R","?","T","E","R","M","?","?","R","BOSS","M","?","?","$","?","R","?"],"build_version":"2019-07-17","purchased_purges":1,"victory":false,"max_hp_per_floor":[88,88,88,88,88,88,88,88,88,88,88,88,88,88,88,88,88,88,88,88,88,88,88,88],"card_choices":[{"not_picked":["True Grit","Armaments","Sever Soul"],"picked":"SKIP","floor":1},{"not_picked":["Pummel","Combust"],"picked":"Seeing Red","floor":2},{"not_picked":["Clothesline","Warcry"],"picked":"Uppercut","floor":3},{"not_picked":["True Grit","Heavy Blade"],"picked":"Cleave","floor":4},{"not_picked":["Havoc","Cleave"],"picked":"Iron Wave","floor":5},{"not_picked":["Reckless Charge","Burning Pact","Cleave"],"picked":"SKIP","floor":6},{"not_picked":["Sentinel","Cleave"],"picked":"Battle Trance","floor":8},{"not_picked":["Twin Strike","True Grit"],"picked":"Power Through","floor":10},{"not_picked":["Havoc","Wild Strike"],"picked":"Shrug It Off","floor":12},{"not_picked":["Second Wind","Body Slam"],"picked":"Clothesline","floor":14},{"not_picked":["Fiend Fire","Berserk"],"picked":"Double Tap","floor":16},{"not_picked":["Pommel Strike+1","Wild Strike","Corruption"],"picked":"SKIP","floor":18}],"player_experience":152969,"relics_obtained":[{"floor":6,"key":"Oddly Smooth Stone"},{"floor":9,"key":"PreservedInsect"},{"floor":10,"key":"Boot"},{"floor":22,"key":"MawBank"}],"event_choices":[{"damage_healed":0,"gold_gain":0,"player_choice":"Gave Potion","damage_taken":0,"relics_obtained":["War Paint"],"max_hp_gain":0,"max_hp_loss":0,"event_name":"WeMeetAgain","floor":13,"gold_loss":0},{"damage_healed":0,"gold_gain":0,"cards_transformed":["Strike_R","Strike_R"],"player_choice":"Became Test Subject","damage_taken":0,"max_hp_gain":0,"max_hp_loss":0,"event_name":"Drug Dealer","floor":19,"gold_loss":0,"cards_obtained":["Rampage","Clothesline"]},{"damage_healed":0,"gold_gain":0,"player_choice":"Read","damage_taken":0,"max_hp_gain":0,"max_hp_loss":0,"event_name":"The Library","floor":20,"gold_loss":0,"cards_obtained":["Flame Barrier"]}],"is_beta":false,"boss_relics":[{"not_picked":["Runic Cube","Orrery"],"picked":"Runic Pyramid"}],"items_purged_floors":[21],"is_endless":false,"potions_floor_spawned":[2,3,6,8,14],"killed_by":"Shell Parasite","ascension_level":5}