{"gold_per_floor":[112,124,139,155,155,185,272,284,320,343,355,386,398,425,437,550,562,590,602,15,31,31,64,64,37,37,37,51,51,76,96,96,96],"floor_reached":33,"playtime":1990,"items_purged":["Reprogram"],"score":287,"play_id":"169d3439-48bf-4b1b-bd8f-a7f484f09b17","local_time":"20190530192959","is_ascension_mode":false,"campfire_choices":[{"floor":8,"key":"REST"},{"data":"Zap","floor":11,"key":"SMITH"},{"floor":15,"key":"REST"},{"data":"Chaos","floor":24,"key":"SMITH"},{"floor":29,"key":"REST"},{"floor":32,"key":"REST"}],"neow_cost":"NONE","seed_source_timestamp":98610757811715,"circlet_count":0,"master_deck":["Strike_B","Strike_B","Defend_B","Defend_B","Defend_B","Zap+1","Dualcast","Go for the Eyes","Beam Cell","Scrape","BootSequence","All For One","Leap","Doom and Gloom+1","Chaos+1","Electrodynamics","BootSequence+1","Loop","Storm","Go for the Eyes+1","Gash"],"relics":["Cracked Core","Oddly Smooth Stone","MawBank","Juzu Bracelet","Nuclear Battery","Lantern","Bird Faced Urn","Bag of Marbles","Sundial","Art of War"],"potions_floor_usage":[],"damage_taken":[{"damage":0,"enemies":"Small Slimes","floor":1,"turns":3},{"damage":0,"enemies":"2 Louse","floor":2,"turns":2},{"damage":3,"enemies":"Jaw Worm","floor":3,"turns":3},{"damage":1,"enemies":"Exordium Wildlife","floor":4,"turns":2},{"damage":20,"enemies":"Lagavulin","floor":6,"turns":7},{"damage":9,"enemies":"Exordium Thugs","floor":10,"turns":4},{"damage":0,"enemies":"Large Slime","floor":12,"turns":5},{"damage":0,"enemies":"3 Louse","floor":14,"turns":1},{"damage":23,"enemies":"The Guardian","floor":16,"turns":12},{"damage":0,"enemies":"3 Byrds","floor":18,"turns":1},{"damage":3,"enemies":"Shell Parasite","floor":21,"turns":4},{"damage":20,"enemies":"Gremlin Leader","floor":23,"turns":6},{"damage":23,"enemies":"3 Cultists","floor":28,"turns":4},{"damage":29,"enemies":"Slavers","floor":30,"turns":5},{"damage":22,"enemies":"Sentry and Sphere","floor":31,"turns":6},{"damage":51,"enemies":"Champ","floor":33,"turns":9}],"seed_played":"-9126376967622333582","potions_obtained":[{"floor":2,"key":"LiquidBronze"},{"floor":3,"key":"Dexterity Potion"},{"floor":6,"key":"Regen Potion"},{"floor":12,"key":"LiquidBronze"}],"is_trial":false,"path_per_floor":["M","M","M","M","?","E","?","R","T","M","R","M","?","M","R","B",null,"M","?","$","M","?","E","R","$","T","?","M","R","E","M","R","B"],"character_chosen":"DEFECT","items_purchased":["Lantern","Bird Faced Urn","Storm","Gash"],"campfire_rested":4,"item_purchase_floors":[20,20,20,25],"current_hp_per_floor":[75,75,72,71,53,33,22,44,44,35,35,35,35,35,57,34,75,75,75,75,73,59,45,45,45,45,45,26,50,27,11,35,0],"gold":96,"neow_bonus":"REMOVE_CARD","is_prod":false,"is_daily":false,"chose_seed":false,"campfire_upgraded":2,"win_rate":0,"timestamp":1559269799,"path_taken":["M","M","M","M","?","E","?","R","T","M","R","M","?","M","R","BOSS","M","?","$","M","?","E","R","?","T","?","M","R","E","M","R","BOSS"],"build_version":"2019-01-23","purchased_purges":1,"victory":false,"max_hp_per_floor":[75,75,75,75,75,75,75,75,75,75,75,75,75,75,75,75,75,75,75,75,75,80,80,80,80,80,80,80,80,80,80,80,80],"card_choices":[{"not_picked":["Turbo","Leap"],"picked":"Go for the Eyes","floor":1},{"not_picked":["Compile Driver","Rebound"],"picked":"Beam Cell","floor":2},{"not_picked":["Streamline","Redo"],"picked":"Scrape","floor":3},{"not_picked":["Coolheaded","Beam Cell"],"picked":"BootSequence","floor":4},{"not_picked":["Heatsinks","Redo"],"picked":"All For One","floor":6},{"not_picked":["Turbo","Recycle"],"picked":"Leap","floor":10},{"not_picked":["Static Discharge","Rip and Tear"],"picked":"Doom and Gloom","floor":12},{"not_picked":["Rip and Tear","Ball Lightning"],"picked":"Chaos","floor":14},{"not_picked":["Core Surge","Amplify"],"picked":"Electrodynamics","floor":16},{"not_picked":["FTL","Aggregate"],"picked":"BootSequence+1","floor":18},{"not_picked":["Hologram","BootSequence+1","Barrage+1"],"picked":"SKIP","floor":21},{"not_picked":["Turbo","Steam+1"],"picked":"Go for the Eyes+1","floor":23},{"not_picked":["Recycle","Beam Cell+1","Heatsinks+1"],"picked":"SKIP","floor":28},{"not_picked":["Auto Shields+1","Go for the Eyes","Creative AI"],"picked":"SKIP","floor":30},{"not_picked":["Sweeping Beam","Steam","Go for the Eyes+1"],"picked":"SKIP","floor":31}],"player_experience":175297,"relics_obtained":[{"floor":6,"key":"MawBank"},{"floor":9,"key":"Juzu Bracelet"},{"floor":23,"key":"Bag of Marbles"},{"floor":26,"key":"Sundial"},{"floor":30,"key":"Art of War"}],"event_choices":[{"damage_healed":0,"gold_gain":0,"player_choice":"Success","damage_taken":18,"relics_obtained":["Oddly Smooth Stone"],"max_hp_gain":0,"max_hp_loss":0,"event_name":"Scrap Ooze","floor":5,"gold_loss":0},{"damage_healed":0,"gold_gain":75,"player_choice":"Gather Gold","damage_taken":11,"max_hp_gain":0,"max_hp_loss":0,"event_name":"World of Goop","floor":7,"gold_loss":0},{"damage_healed":0,"gold_gain":0,"player_choice":"Grow","damage_taken":0,"max_hp_gain":0,"max_hp_loss":0,"event_name":"Living Wall","floor":13,"gold_loss":0,"cards_upgraded":["Doom and Gloom"]},{"damage_healed":0,"gold_gain":0,"cards_transformed":["Defend_B","Strike_B"],"player_choice":"Became Test Subject","damage_taken":0,"max_hp_gain":0,"max_hp_loss":0,"event_name":"Drug Dealer","floor":19,"gold_loss":0,"cards_obtained":["Reprogram","Loop"]},{"damage_healed":0,"gold_gain":0,"player_choice":"Shed Blood","damage_taken":19,"max_hp_gain":5,"max_hp_loss":0,"event_name":"Forgotten Altar","floor":22,"gold_loss":0},{"damage_healed":0,"gold_gain":0,"player_choice":"0 cards matched","damage_taken":0,"max_hp_gain":0,"max_hp_loss":0,"event_name":"Match and Keep!","floor":27,"gold_loss":0,"cards_obtained":[]}],"is_beta":false,"boss_relics":[{"not_picked":["Empty Cage","FrozenCore"],"picked":"Nuclear Battery"}],"items_purged_floors":[20],"is_endless":false,"potions_floor_spawned":[2,3,6,12,16,28,30,31],"killed_by":"Champ","ascension_level":0}