{"gold_per_floor":[109,122,122,122,72,115,150,185,223,270,301,313,500,547,559,571],"floor_reached":16,"playtime":1519,"items_purged":[],"score":160,"play_id":"f2c6313e-caae-46ed-b9f5-aa9a0a820bdd","local_time":"20190816232955","is_ascension_mode":true,"campfire_choices":[{"floor":12,"key":"REST"},{"floor":15,"key":"REST"}],"neow_cost":"NONE","seed_source_timestamp":276616796964247,"circlet_count":0,"master_deck":["Strike_G","Strike_G","Strike_G","Strike_G","Strike_G","Defend_G","Defend_G","Defend_G","Defend_G","Defend_G","Survivor","Neutralize","Infinite Blades","Backflip","Backflip","Poisoned Stab","Flying Knee","Deflect","Calculated Gamble","Doubt","Dagger Spray"],"relics":["Ring of the Snake","NeowsBlessing","Golden Idol","MawBank","Art of War","Ancient Tea Set","Boot"],"potions_floor_usage":[10,11,16],"damage_taken":[{"damage":0,"enemies":"Jaw Worm","floor":1,"turns":1},{"damage":0,"enemies":"2 Louse","floor":2,"turns":1},{"damage":0,"enemies":"3 Sentries","floor":6,"turns":1},{"damage":0,"enemies":"Cultist","floor":7,"turns":4},{"damage":19,"enemies":"Large Slime","floor":8,"turns":10},{"damage":27,"enemies":"Gremlin Nob","floor":10,"turns":5},{"damage":22,"enemies":"Exordium Thugs","floor":11,"turns":4},{"damage":21,"enemies":"Lagavulin","floor":14,"turns":8},{"damage":28,"enemies":"The Guardian","floor":16,"turns":10}],"seed_played":"1789721479822267441","potions_obtained":[{"floor":1,"key":"Energy Potion"},{"floor":2,"key":"Poison Potion"},{"floor":10,"key":"Fire Potion"},{"floor":14,"key":"SkillPotion"}],"is_trial":false,"path_per_floor":["M","M","?","?","?","E","M","M","T","E","M","R","?","E","R","B"],"character_chosen":"THE_SILENT","items_purchased":[],"campfire_rested":2,"item_purchase_floors":[],"current_hp_per_floor":[70,70,70,70,70,70,70,51,51,24,2,23,23,2,23,0],"gold":571,"neow_bonus":"THREE_ENEMY_KILL","is_prod":false,"is_daily":false,"chose_seed":false,"campfire_upgraded":0,"win_rate":0,"timestamp":1566016195,"path_taken":["M","M","?","?","?","E","M","?","T","E","M","R","?","E","R","BOSS"],"build_version":"2019-07-17","purchased_purges":0,"victory":false,"max_hp_per_floor":[70,70,70,70,70,70,70,70,70,70,70,70,70,70,70,70],"card_choices":[{"not_picked":["Underhanded Strike","Choke"],"picked":"Infinite Blades","floor":1},{"not_picked":["Underhanded Strike","Deflect"],"picked":"Backflip","floor":2},{"not_picked":["PiercingWail","Outmaneuver"],"picked":"Backflip","floor":6},{"not_picked":["Sucker Punch","Flying Knee"],"picked":"Poisoned Stab","floor":7},{"not_picked":["Accuracy","Skewer"],"picked":"Flying Knee","floor":8},{"not_picked":["Riddle With Holes","After Image"],"picked":"Deflect","floor":10},{"not_picked":["Backstab","Concentrate"],"picked":"Calculated Gamble","floor":11},{"not_picked":["Choke","Outmaneuver"],"picked":"Dagger Spray","floor":14}],"player_experience":315933,"relics_obtained":[{"floor":6,"key":"MawBank"},{"floor":9,"key":"Art of War"},{"floor":10,"key":"Ancient Tea Set"},{"floor":14,"key":"Boot"}],"event_choices":[{"damage_healed":0,"gold_gain":0,"player_choice":"Ignored","damage_taken":0,"max_hp_gain":0,"max_hp_loss":0,"event_name":"Golden Wing","floor":3,"gold_loss":0},{"damage_healed":0,"gold_gain":0,"player_choice":"Take Wound","damage_taken":0,"relics_obtained":["Golden Idol"],"max_hp_gain":0,"max_hp_loss":0,"event_name":"Golden Idol","floor":4,"gold_loss":0,"cards_obtained":["Injury"]},{"cards_removed":["Injury"],"damage_healed":0,"gold_gain":0,"player_choice":"Card Removal","damage_taken":0,"max_hp_gain":0,"max_hp_loss":0,"event_name":"The Cleric","floor":5,"gold_loss":50},{"damage_healed":0,"gold_gain":175,"player_choice":"AGREE","damage_taken":0,"max_hp_gain":0,"max_hp_loss":0,"event_name":"Liars Game","floor":13,"gold_loss":0,"cards_obtained":["Doubt"]}],"is_beta":false,"boss_relics":[],"items_purged_floors":[],"is_endless":false,"potions_floor_spawned":[1,2,10,14],"killed_by":"The Guardian","ascension_level":2}