{"gold_per_floor":[111,222,241,241,241,276,276,290,314,35,53,53,70,70,70,70],"floor_reached":16,"playtime":482,"items_purged":[],"score":204,"play_id":"84227187-f582-4477-8e0e-87c0a534451f","local_time":"20190405211640","daily_mods":["Elite Swarm"],"is_ascension_mode":true,"campfire_choices":[{"floor":7,"key":"REST"},{"floor":12,"key":"REST"},{"floor":15,"key":"REST"}],"neow_cost":"","seed_source_timestamp":9107696339100,"circlet_count":0,"master_deck":["AscendersBane","Strike_B+1","Strike_B+1","Strike_B+1","Strike_B+1","Defend_B","Defend_B","Defend_B","Defend_B","Zap","Dualcast","Ball Lightning","Stack","FTL","Thunder Strike","aspiration:Polymerization+1","Chill","Core Surge"],"relics":["Cracked Core","ReplayTheSpireMod:Bottled Eggs","Shuriken","Unceasing Top","Potion Belt","Runic Capacitor"],"potions_floor_usage":[11,16],"damage_taken":[{"damage":1,"enemies":"Cultist","floor":1,"turns":3},{"damage":1,"enemies":"2 Louse","floor":2,"turns":2},{"damage":2,"enemies":"Small Slimes","floor":3,"turns":3},{"damage":25,"enemies":"3 Sentries","floor":6,"turns":6},{"damage":21,"enemies":"Exordium Thugs","floor":8,"turns":4},{"damage":0,"enemies":"Red Slaver","floor":11,"turns":2},{"damage":15,"enemies":"Exordium Wildlife","floor":13,"turns":3},{"damage":36,"enemies":"The Guardian","floor":16,"turns":5}],"seed_played":"5694108924237975393","potions_obtained":[{"floor":2,"key":"Elixir"},{"floor":3,"key":"Block Potion"},{"floor":13,"key":"LiquidBronze"}],"is_trial":true,"path_per_floor":["M","M","M","?","?","E","R","M","T","$","M","R","M","?","R","B"],"character_chosen":"DEFECT","items_purchased":["Runic Capacitor","aspiration:Polymerization+1"],"campfire_rested":3,"item_purchase_floors":[10,10],"current_hp_per_floor":[63,62,60,34,34,9,30,9,9,9,9,30,15,15,36,0],"gold":70,"neow_bonus":"","is_prod":false,"is_daily":false,"chose_seed":false,"campfire_upgraded":0,"win_rate":0,"timestamp":1554520600,"path_taken":["M","M","?","?","?","E","R","M","T","$","M","R","M","?","R","BOSS"],"build_version":"2019-01-23","purchased_purges":0,"victory":false,"max_hp_per_floor":[71,71,71,71,71,71,71,71,71,71,71,71,71,71,71,71],"card_choices":[{"not_picked":["Force Field","Stack"],"picked":"Ball Lightning","floor":1},{"not_picked":["Panic Button","Leap"],"picked":"Stack","floor":2},{"not_picked":["Redo","Time Bomb"],"picked":"FTL","floor":3},{"not_picked":["Core Surge","All For One"],"picked":"Thunder Strike","floor":6},{"not_picked":["Sweeping Beam","Crystallizer","Turbo"],"picked":"SKIP","floor":8},{"not_picked":["Compile Driver","Auto Shields","Gash"],"picked":"SKIP","floor":11},{"not_picked":["Rebound","Redo"],"picked":"Chill","floor":13}],"player_experience":372914,"relics_obtained":[{"floor":5,"key":"Shuriken"},{"floor":6,"key":"Unceasing Top"},{"floor":9,"key":"Potion Belt"}],"event_choices":[{"damage_healed":0,"gold_gain":0,"player_choice":"Success","damage_taken":26,"relics_obtained":["ReplayTheSpireMod:Bottled Eggs"],"max_hp_gain":0,"max_hp_loss":0,"event_name":"Scrap Ooze","floor":4,"gold_loss":0},{"damage_healed":0,"gold_gain":0,"player_choice":"1 cards matched","damage_taken":0,"max_hp_gain":0,"max_hp_loss":0,"event_name":"Match and Keep!","floor":14,"gold_loss":0,"cards_obtained":["Core Surge"]}],"is_beta":false,"boss_relics":[],"items_purged_floors":[],"is_endless":false,"potions_floor_spawned":[2,3,13],"killed_by":"The Guardian","ascension_level":20}