{"gold_per_floor":[116,132,144,158,333,360,330,348,348,273,292,292,302,317,317,317],"floor_reached":16,"playtime":914,"items_purged":["Strike_G"],"score":106,"play_id":"cf5565ff-f79f-415c-965c-9a41ac51fb1e","local_time":"20190804200255","is_ascension_mode":false,"campfire_choices":[{"floor":12,"key":"REST"},{"floor":15,"key":"REST"}],"neow_cost":"NONE","seed_source_timestamp":33212268745281,"circlet_count":0,"master_deck":["Strike_G","Strike_G","Strike_G","Strike_G","Defend_G","Defend_G","Defend_G","Defend_G","Defend_G","Survivor","Neutralize","Dramatic Entrance","Poisoned Stab","Crippling Poison","Doubt","Poisoned Stab","Corpse Explosion"],"relics":["Ring of the Snake","Nunchaku","Matryoshka"],"potions_floor_usage":[],"damage_taken":[{"damage":0,"enemies":"2 Louse","floor":1,"turns":2},{"damage":1,"enemies":"Small Slimes","floor":2,"turns":2},{"damage":2,"enemies":"Jaw Worm","floor":3,"turns":3},{"damage":2,"enemies":"Red Slaver","floor":4,"turns":4},{"damage":45,"enemies":"Lagavulin","floor":6,"turns":8},{"damage":2,"enemies":"Looter","floor":7,"turns":4},{"damage":0,"enemies":"3 Louse","floor":8,"turns":3},{"damage":3,"enemies":"2 Fungi Beasts","floor":11,"turns":4},{"damage":10,"enemies":"Looter","floor":13,"turns":3},{"damage":7,"enemies":"Blue Slaver","floor":14,"turns":3},{"damage":42,"enemies":"Slime Boss","floor":16,"turns":7}],"seed_played":"698384403607883267","potions_obtained":[{"floor":1,"key":"GamblersBrew"},{"floor":2,"key":"FearPotion"},{"floor":13,"key":"AttackPotion"}],"is_trial":false,"path_per_floor":["M","M","M","M","?","E","M","M","T","$","M","R","M","M","R","B"],"character_chosen":"THE_SILENT","items_purchased":[],"campfire_rested":2,"item_purchase_floors":[],"current_hp_per_floor":[70,69,67,65,65,20,18,18,18,18,15,36,26,19,40,0],"gold":317,"neow_bonus":"RANDOM_COLORLESS","is_prod":false,"is_daily":false,"chose_seed":false,"campfire_upgraded":0,"win_rate":0,"timestamp":1564974175,"path_taken":["M","M","M","M","?","E","M","M","T","$","M","R","M","M","R","BOSS"],"build_version":"2019-07-17","purchased_purges":1,"victory":false,"max_hp_per_floor":[70,70,70,70,70,70,70,70,70,70,70,70,70,70,70,70],"card_choices":[{"not_picked":["Sucker Punch","Deflect"],"picked":"Poisoned Stab","floor":1},{"not_picked":["Slice","Outmaneuver","Dagger Spray"],"picked":"SKIP","floor":2},{"not_picked":["Sucker Punch","Backflip"],"picked":"Crippling Poison","floor":3},{"not_picked":["Quick Slash","After Image","Tactician"],"picked":"SKIP","floor":4},{"not_picked":["Outmaneuver","Underhanded Strike","Tactician"],"picked":"SKIP","floor":6},{"not_picked":["PiercingWail","Dagger Throw"],"picked":"Poisoned Stab","floor":7},{"not_picked":["Leg Sweep","Poisoned Stab","PiercingWail"],"picked":"SKIP","floor":8},{"not_picked":["Dodge and Roll","Acrobatics","Outmaneuver"],"picked":"SKIP","floor":11},{"not_picked":["Dodge and Roll","Quick Slash","Accuracy"],"picked":"SKIP","floor":13},{"not_picked":["Calculated Gamble","PiercingWail"],"picked":"Corpse Explosion","floor":14}],"player_experience":278107,"relics_obtained":[{"floor":6,"key":"Nunchaku"},{"floor":9,"key":"Matryoshka"}],"event_choices":[{"damage_healed":0,"gold_gain":175,"player_choice":"AGREE","damage_taken":0,"max_hp_gain":0,"max_hp_loss":0,"event_name":"Liars Game","floor":5,"gold_loss":0,"cards_obtained":["Doubt"]}],"is_beta":false,"boss_relics":[],"items_purged_floors":[10],"is_endless":false,"potions_floor_spawned":[1,2,13,14],"killed_by":"Slime Boss","ascension_level":0}