{"gold_per_floor":[112,131,21,34,54,54,79,93,93,104,104,122,122,138,138,240,240,255,239,85,10,27,27,27,47,96,96,109,109,126,28,28,28],"floor_reached":33,"playtime":2847,"items_purged":["Strike_G"],"score":253,"play_id":"5d7d37a4-2897-4b5c-a692-a653a683ab0a","local_time":"20190409001910","is_ascension_mode":false,"campfire_choices":[{"floor":6,"key":"REST"},{"data":"Deadly Poison","floor":11,"key":"SMITH"},{"floor":15,"key":"REST"},{"data":"Envenom","floor":23,"key":"SMITH"},{"floor":29,"key":"REST"},{"floor":32,"key":"REST"}],"neow_cost":"NONE","seed_source_timestamp":205362774351307,"circlet_count":0,"master_deck":["Defend_G","Defend_G","Defend_G","Defend_G","Strike_G","Strike_G","Strike_G","Survivor","Neutralize","Footwork","Deadly Poison+1","Footwork","Footwork","Backflip","Adrenaline","Deadly Poison","Prepared","Envenom+1","Dagger Spray","Poisoned Stab","Dagger Spray+1","Good Instincts"],"relics":["Ring of the Snake","NeowsBlessing","Orichalcum","Happy Flower","WarpedTongs","Empty Cage","Lantern","Centennial Puzzle"],"potions_floor_usage":[],"damage_taken":[{"damage":0,"enemies":"2 Louse","floor":1,"turns":1},{"damage":0,"enemies":"Cultist","floor":2,"turns":1},{"damage":0,"enemies":"Small Slimes","floor":4,"turns":1},{"damage":35,"enemies":"Exordium Thugs","floor":5,"turns":7},{"damage":3,"enemies":"Lagavulin","floor":7,"turns":10},{"damage":3,"enemies":"Large Slime","floor":8,"turns":11},{"damage":7,"enemies":"Exordium Wildlife","floor":10,"turns":6},{"damage":5,"enemies":"Blue Slaver","floor":12,"turns":4},{"damage":4,"enemies":"Red Slaver","floor":14,"turns":4},{"damage":40,"enemies":"Slime Boss","floor":16,"turns":21},{"damage":9,"enemies":"Shell Parasite","floor":18,"turns":6},{"damage":19,"enemies":"2 Thieves","floor":19,"turns":4},{"damage":9,"enemies":"Snecko","floor":22,"turns":6},{"damage":12,"enemies":"Sentry and Sphere","floor":25,"turns":6},{"damage":9,"enemies":"Colosseum Slavers","floor":27,"turns":5},{"damage":3,"enemies":"Snake Plant","floor":28,"turns":4},{"damage":5,"enemies":"Centurion and Healer","floor":30,"turns":7},{"damage":62,"enemies":"Collector","floor":33,"turns":6}],"seed_played":"8576008476478641932","potions_obtained":[{"floor":1,"key":"Explosive Potion"},{"floor":2,"key":"SteroidPotion"},{"floor":5,"key":"GamblersBrew"}],"is_trial":false,"path_per_floor":["M","M","$","M","M","R","E","M","T","M","R","M","?","M","R","B",null,"M","M","$","?","M","R","$","M","T","?","M","R","M","$","R","B"],"character_chosen":"THE_SILENT","items_purchased":["Footwork","Lantern","Good Instincts"],"campfire_rested":4,"item_purchase_floors":[3,20,31],"current_hp_per_floor":[70,70,70,70,35,56,53,50,50,43,43,38,38,34,55,15,70,61,42,42,42,33,33,33,21,21,12,9,30,25,25,46,0],"gold":28,"neow_bonus":"THREE_ENEMY_KILL","is_prod":false,"is_daily":false,"chose_seed":false,"campfire_upgraded":2,"win_rate":0,"timestamp":1554794350,"path_taken":["M","M","$","M","M","R","E","M","T","M","R","M","?","?","R","BOSS","M","?","$","?","M","R","?","M","T","?","?","R","M","$","R","BOSS"],"build_version":"2019-01-23","purchased_purges":1,"victory":false,"max_hp_per_floor":[70,70,70,70,70,70,70,70,70,70,70,70,70,70,70,70,70,70,70,70,70,70,70,70,70,70,70,70,70,70,70,70,70],"card_choices":[{"not_picked":["Dagger Throw","PiercingWail"],"picked":"Footwork","floor":1},{"not_picked":["Poisoned Stab","Flying Knee"],"picked":"Deadly Poison","floor":2},{"not_picked":["Predator","Flechettes"],"picked":"Footwork","floor":4},{"not_picked":["Deflect","Crippling Poison"],"picked":"Backflip","floor":5},{"not_picked":["Cloak And Dagger","Riddle With Holes"],"picked":"Adrenaline","floor":7},{"not_picked":["Flying Knee","Eviscerate","Blur"],"picked":"SKIP","floor":8},{"not_picked":["Underhanded Strike","Sucker Punch"],"picked":"Deadly Poison","floor":10},{"not_picked":["Escape Plan","Heel Hook"],"picked":"Prepared","floor":12},{"not_picked":["Underhanded Strike","Bane","Tactician"],"picked":"SKIP","floor":14},{"not_picked":["After Image","Wraith Form v2"],"picked":"Envenom","floor":16},{"not_picked":["Sucker Punch","Underhanded Strike","Prepared"],"picked":"SKIP","floor":18},{"not_picked":["Dagger Throw","PiercingWail"],"picked":"Dagger Spray","floor":19},{"not_picked":["Blade Dance","Dagger Throw"],"picked":"Poisoned Stab","floor":22},{"not_picked":["Flying Knee","Dagger Throw+1","Predator"],"picked":"SKIP","floor":25},{"not_picked":["Bane","Endless Agony","Expertise"],"picked":"SKIP","floor":28},{"not_picked":["Slice","Dodge and Roll+1"],"picked":"Dagger Spray+1","floor":30}],"player_experience":62601,"relics_obtained":[{"floor":7,"key":"Orichalcum"},{"floor":9,"key":"Happy Flower"},{"floor":26,"key":"Centennial Puzzle"}],"event_choices":[{"damage_healed":0,"gold_gain":0,"player_choice":"Rummage","damage_taken":0,"relics_obtained":["WarpedTongs"],"max_hp_gain":0,"max_hp_loss":0,"event_name":"Accursed Blacksmith","floor":13,"gold_loss":0,"cards_obtained":["Pain"]},{"cards_removed":["Pain"],"damage_healed":0,"gold_gain":0,"player_choice":"Gave Gold","damage_taken":0,"max_hp_gain":0,"max_hp_loss":0,"event_name":"Beggar","floor":21,"gold_loss":75},{"damage_healed":0,"gold_gain":0,"player_choice":"Fight","damage_taken":0,"max_hp_gain":0,"max_hp_loss":0,"event_name":"Colosseum","floor":27,"gold_loss":0},{"damage_healed":0,"gold_gain":0,"player_choice":"Fled From Nobs","damage_taken":0,"max_hp_gain":0,"max_hp_loss":0,"event_name":"Colosseum","floor":27,"gold_loss":0}],"is_beta":false,"boss_relics":[{"not_picked":["WristBlade","Eternal Feather"],"picked":"Empty Cage"}],"items_purged_floors":[3],"is_endless":false,"potions_floor_spawned":[1,2,5,10,22,27,28],"killed_by":"Collector","ascension_level":0}