{"gold_per_floor":[109,109,122,122,197,226,226,241,267,267,280,205,205,240,240,343,343,359,110,25,25,100,135,135,151,151,26,26,37,136,136,136,136],"floor_reached":33,"playtime":1476,"items_purged":["Pain","Strike_G","Strike_G"],"score":319,"play_id":"2cd9a92d-cdca-4f2d-988f-769c44176968","local_time":"20190617154815","is_ascension_mode":false,"campfire_choices":[{"data":"Crippling Poison","floor":7,"key":"SMITH"},{"floor":13,"key":"REST"},{"data":"Deadly Poison","floor":15,"key":"SMITH"},{"floor":24,"key":"RECALL"},{"data":"Noxious Fumes","floor":28,"key":"SMITH"},{"floor":32,"key":"REST"}],"neow_cost":"NONE","seed_source_timestamp":22035526797055,"circlet_count":0,"master_deck":["Defend_G","Defend_G","Defend_G","Defend_G","Defend_G","Strike_G","Strike_G","Survivor","Neutralize+1","Deadly Poison+1","Flechettes+1","Crippling Poison+1","Noxious Fumes+1","Deadly Poison"],"relics":["Ring of the Serpent","NeowsBlessing","Whetstone","Art of War","WarpedTongs","Anchor","Blood Vial","Pear","Paper Crane","Matryoshka"],"potions_floor_usage":[],"damage_taken":[{"damage":0,"enemies":"Small Slimes","floor":1,"turns":1},{"damage":0,"enemies":"Jaw Worm","floor":3,"turns":1},{"damage":0,"enemies":"3 Sentries","floor":6,"turns":1},{"damage":1,"enemies":"2 Louse","floor":8,"turns":2},{"damage":5,"enemies":"Red Slaver","floor":11,"turns":4},{"damage":0,"enemies":"Lagavulin","floor":14,"turns":6},{"damage":11,"enemies":"Hexaghost","floor":16,"turns":9},{"damage":8,"enemies":"Shell Parasite","floor":18,"turns":5},{"damage":15,"enemies":"Gremlin Leader","floor":23,"turns":7},{"damage":0,"enemies":"Chosen","floor":25,"turns":5},{"damage":23,"enemies":"Sentry and Sphere","floor":29,"turns":7},{"damage":64,"enemies":"Champ","floor":33,"turns":11}],"seed_played":"1281527793488335497","potions_obtained":[{"floor":8,"key":"Strength Potion"},{"floor":11,"key":"Poison Potion"},{"floor":25,"key":"SteroidPotion"}],"is_trial":false,"path_per_floor":["M","?","M","?","?","E","R","M","T","?","M","$","R","E","R","B",null,"M","$","?","$","?","E","R","M","T","$","R","M","?","$","R","B"],"character_chosen":"THE_SILENT","items_purchased":["Blood Vial"],"campfire_rested":2,"item_purchase_floors":[19],"current_hp_per_floor":[70,70,70,63,52,52,52,51,51,51,46,46,67,67,67,56,70,62,62,72,72,64,51,51,53,53,53,53,32,32,32,56,0],"gold":136,"neow_bonus":"THREE_ENEMY_KILL","is_prod":false,"is_daily":false,"chose_seed":false,"campfire_upgraded":3,"win_rate":0,"timestamp":1560811695,"path_taken":["M","?","M","?","?","E","R","M","T","?","?","$","R","E","R","BOSS","M","$","?","$","?","E","R","?","T","?","R","M","?","?","R","BOSS"],"build_version":"2019-01-23","purchased_purges":3,"victory":false,"max_hp_per_floor":[70,70,70,70,70,70,70,70,70,70,70,70,70,70,70,70,70,70,70,80,80,80,80,80,80,80,80,80,80,80,80,80,80],"card_choices":[{"not_picked":["Bane","Heel Hook"],"picked":"Deadly Poison","floor":1},{"not_picked":["Backflip","Sucker Punch"],"picked":"Flechettes","floor":3},{"not_picked":["All Out Attack","Calculated Gamble"],"picked":"Crippling Poison","floor":6},{"not_picked":["Leg Sweep","Finisher","Blur"],"picked":"SKIP","floor":8},{"not_picked":["Predator","Deflect","Endless Agony"],"picked":"SKIP","floor":11},{"not_picked":["Flying Knee","Quick Slash","Concentrate"],"picked":"SKIP","floor":14},{"not_picked":["Prepared","Quick Slash+1","Terror"],"picked":"SKIP","floor":18},{"not_picked":["Deflect","Escape Plan","Choke+1"],"picked":"SKIP","floor":23},{"not_picked":["Choke","Dagger Throw"],"picked":"Noxious Fumes","floor":25},{"not_picked":["Bane","PiercingWail"],"picked":"Deadly Poison","floor":29}],"player_experience":214457,"relics_obtained":[{"floor":6,"key":"Whetstone"},{"floor":9,"key":"Art of War"},{"floor":14,"key":"Anchor"},{"floor":23,"key":"Paper Crane"},{"floor":26,"key":"Matryoshka"}],"event_choices":[{"damage_healed":0,"gold_gain":0,"player_choice":"Ignored","damage_taken":0,"max_hp_gain":0,"max_hp_loss":0,"event_name":"Liars Game","floor":2,"gold_loss":0},{"cards_removed":["Strike_G"],"damage_healed":0,"gold_gain":0,"player_choice":"Card Removal","damage_taken":7,"max_hp_gain":0,"max_hp_loss":0,"event_name":"Golden Wing","floor":4,"gold_loss":0},{"damage_healed":0,"gold_gain":75,"player_choice":"Gather Gold","damage_taken":11,"max_hp_gain":0,"max_hp_loss":0,"event_name":"World of Goop","floor":5,"gold_loss":0},{"damage_healed":0,"gold_gain":0,"player_choice":"Rummage","damage_taken":0,"relics_obtained":["WarpedTongs"],"max_hp_gain":0,"max_hp_loss":0,"event_name":"Accursed Blacksmith","floor":10,"gold_loss":0,"cards_obtained":["Pain"]},{"damage_healed":0,"gold_gain":0,"player_choice":"Obtained Relic","damage_taken":0,"relics_obtained":["Pear"],"max_hp_gain":0,"max_hp_loss":0,"event_name":"Addict","floor":20,"gold_loss":85},{"damage_healed":0,"gold_gain":75,"player_choice":"Touch","damage_taken":8,"max_hp_gain":0,"max_hp_loss":0,"event_name":"FaceTrader","floor":22,"gold_loss":0},{"damage_healed":0,"gold_gain":99,"player_choice":"Stole From Cult","damage_taken":0,"max_hp_gain":0,"max_hp_loss":0,"event_name":"Nest","floor":30,"gold_loss":0}],"is_beta":false,"boss_relics":[{"not_picked":["Ectoplasm","Philosopher\u0027s Stone"],"picked":"Ring of the Serpent"}],"items_purged_floors":[12,19,27],"is_endless":false,"potions_floor_spawned":[8,11,25,29],"killed_by":"Champ","ascension_level":0}