{"gold_per_floor":[115,115,134,134,22,22,49,106,129,129,160,178,178,188,188,292,292,308,318,318,417,427,455,455,237,237,253,253],"floor_reached":28,"playtime":1308,"items_purged":["Writhe"],"score":246,"play_id":"c75158b0-1be0-448d-8ef2-a0ab5eae2934","local_time":"20190503193114","is_ascension_mode":false,"campfire_choices":[{"data":"Storm","floor":6,"key":"SMITH"},{"data":"Static Discharge","floor":13,"key":"SMITH"},{"floor":15,"key":"REST"}],"neow_cost":"NONE","seed_source_timestamp":35047041232812,"circlet_count":0,"master_deck":["Strike_B","Strike_B","Strike_B+1","Strike_B","Defend_B+1","Defend_B+1","Defend_B+1","Defend_B","Zap+1","Dualcast","Self Repair","Storm+1","Static Discharge+1","Lockon","Heatsinks","Lockon","Melter","Amplify","Sweeping Beam","Loop+1","Electrodynamics","Barrage"],"relics":["Cracked Core","The Courier","WingedGreaves","Anchor","Ornamental Fan","Inserter","Cables","Bag of Preparation","War Paint","Toxic Egg 2"],"potions_floor_usage":[],"damage_taken":[{"damage":3,"enemies":"Jaw Worm","floor":1,"turns":3},{"damage":1,"enemies":"Cultist","floor":3,"turns":3},{"damage":8,"enemies":"Gremlin Nob","floor":7,"turns":3},{"damage":25,"enemies":"Lagavulin Event","floor":8,"turns":4},{"damage":13,"enemies":"Lagavulin","floor":11,"turns":6},{"damage":0,"enemies":"Small Slimes","floor":12,"turns":3},{"damage":5,"enemies":"Looter","floor":14,"turns":2},{"damage":9,"enemies":"Slime Boss","floor":16,"turns":6},{"damage":15,"enemies":"2 Thieves","floor":18,"turns":3},{"damage":10,"enemies":"Chosen","floor":19,"turns":4},{"damage":14,"enemies":"Centurion and Healer","floor":22,"turns":5},{"damage":32,"enemies":"Book of Stabbing","floor":23,"turns":4},{"damage":11,"enemies":"Snake Plant","floor":27,"turns":2},{"damage":18,"enemies":"Colosseum Slavers","floor":28,"turns":2}],"seed_played":"8453676062025534643","potions_obtained":[{"floor":1,"key":"FearPotion"},{"floor":8,"key":"PowerPotion"},{"floor":11,"key":"Regen Potion"}],"is_trial":false,"path_per_floor":["M","?","M","?","$","R","E","?","T","?","E","M","R","M","R","B",null,"M","M","?","?","M","E","?","$","T","M","?"],"character_chosen":"DEFECT","items_purchased":["Static Discharge","Lockon","Barrage","War Paint"],"campfire_rested":1,"item_purchase_floors":[5,5,25,25],"current_hp_per_floor":[72,72,75,60,60,60,59,41,41,41,35,42,42,44,66,64,75,67,64,64,64,57,32,18,18,18,14,0],"gold":253,"neow_bonus":"UPGRADE_CARD","is_prod":false,"is_daily":false,"chose_seed":false,"campfire_upgraded":2,"win_rate":0,"timestamp":1556937074,"path_taken":["M","?","?","?","$","R","E","?","T","?","E","M","R","M","R","BOSS","M","M","?","?","M","E","?","$","T","?","?"],"build_version":"2019-01-23","purchased_purges":1,"victory":false,"max_hp_per_floor":[75,75,75,75,75,75,75,75,75,75,75,75,75,75,75,75,75,75,75,75,75,75,75,80,80,80,80,80],"card_choices":[{"not_picked":["FTL","Sunder"],"picked":"Self Repair","floor":1},{"not_picked":["White Noise","Sweeping Beam"],"picked":"Storm","floor":3},{"not_picked":["Go for the Eyes","Genetic Algorithm","Cold Snap"],"picked":"SKIP","floor":7},{"not_picked":["Redo","Cold Snap"],"picked":"Heatsinks","floor":8},{"not_picked":["Redo","Genetic Algorithm","Steam Power"],"picked":"SKIP","floor":11},{"not_picked":["Coolheaded","Auto Shields"],"picked":"Lockon","floor":12},{"not_picked":["Steam","Lockon"],"picked":"Melter","floor":14},{"not_picked":["Echo Form","Fission"],"picked":"Amplify","floor":16},{"not_picked":["Steam Power","FTL"],"picked":"Sweeping Beam","floor":18},{"not_picked":["Cold Snap","Go for the Eyes"],"picked":"Loop+1","floor":19},{"not_picked":["Sweeping Beam","Cold Snap+1","Go for the Eyes"],"picked":"SKIP","floor":22},{"not_picked":["Turbo+1","Hologram+1"],"picked":"Electrodynamics","floor":23},{"not_picked":["Cold Snap","Conserve Battery+1","Sunder"],"picked":"SKIP","floor":27}],"player_experience":113193,"relics_obtained":[{"floor":7,"key":"The Courier"},{"floor":8,"key":"WingedGreaves"},{"floor":9,"key":"Anchor"},{"floor":11,"key":"Ornamental Fan"},{"floor":23,"key":"Bag of Preparation"},{"floor":26,"key":"Toxic Egg 2"}],"event_choices":[{"cards_removed":["Iron Wave"],"damage_healed":0,"gold_gain":0,"player_choice":"Took Card","damage_taken":0,"max_hp_gain":0,"max_hp_loss":0,"event_name":"NoteForYourself","floor":2,"gold_loss":0,"cards_obtained":["Iron Wave"]},{"damage_healed":0,"gold_gain":0,"player_choice":"Entered Light","damage_taken":15,"max_hp_gain":0,"max_hp_loss":0,"event_name":"Shining Light","floor":4,"gold_loss":0,"cards_upgraded":["Strike_B","Defend_B"]},{"damage_healed":0,"gold_gain":30,"player_choice":"Searched \u00272\u0027 times","damage_taken":0,"max_hp_gain":0,"max_hp_loss":0,"event_name":"Dead Adventurer","floor":8,"gold_loss":0},{"damage_healed":0,"gold_gain":0,"player_choice":"Leave","damage_taken":0,"max_hp_gain":0,"max_hp_loss":0,"event_name":"FaceTrader","floor":10,"gold_loss":0},{"damage_healed":0,"gold_gain":0,"player_choice":"Opened","damage_taken":0,"relics_obtained":["Cables"],"max_hp_gain":0,"max_hp_loss":0,"event_name":"The Mausoleum","floor":20,"gold_loss":0,"cards_obtained":["Writhe"]},{"damage_healed":0,"gold_gain":99,"player_choice":"Stole From Cult","damage_taken":0,"max_hp_gain":0,"max_hp_loss":0,"event_name":"Nest","floor":21,"gold_loss":0},{"damage_healed":0,"gold_gain":0,"player_choice":"Shed Blood","damage_taken":19,"max_hp_gain":5,"max_hp_loss":0,"event_name":"Forgotten Altar","floor":24,"gold_loss":0},{"damage_healed":0,"gold_gain":0,"player_choice":"Fight","damage_taken":0,"max_hp_gain":0,"max_hp_loss":0,"event_name":"Colosseum","floor":28,"gold_loss":0}],"is_beta":false,"boss_relics":[{"not_picked":["Pandora\u0027s Box","Philosopher\u0027s Stone"],"picked":"Inserter"}],"items_purged_floors":[25],"is_endless":false,"potions_floor_spawned":[1,8,11,22,27],"killed_by":"Colosseum Slavers","ascension_level":0}