{"gold_per_floor":[118,118,118,118,118,149,161,161,236,236,255,315,332,347,347,347],"floor_reached":16,"playtime":1223,"items_purged":[],"score":127,"play_id":"1cd73e56-8ad5-4952-ad0b-0a5b485aedad","local_time":"20190719233941","is_ascension_mode":true,"campfire_choices":[{"floor":10,"key":"REST"},{"floor":15,"key":"REST"}],"neow_cost":"NONE","seed_source_timestamp":689274778637999,"circlet_count":0,"master_deck":["Strike_B","Strike_B","Strike_B+1","Strike_B+1","Defend_B","Defend_B","Defend_B","Defend_B","Zap","Dualcast","Meteor Strike","Loop+1","Beam Cell","Beam Cell","Compile Driver","FTL","Gash","Amplify"],"relics":["Cracked Core","Calipers","Sundial","Tiny Chest"],"potions_floor_usage":[16,16],"damage_taken":[{"damage":1,"enemies":"2 Louse","floor":1,"turns":3},{"damage":33,"enemies":"Gremlin Nob","floor":6,"turns":4},{"damage":5,"enemies":"Small Slimes","floor":7,"turns":3},{"damage":0,"enemies":"Cultist","floor":11,"turns":2},{"damage":40,"enemies":"3 Sentries","floor":12,"turns":5},{"damage":1,"enemies":"Looter","floor":13,"turns":2},{"damage":12,"enemies":"Exordium Wildlife","floor":14,"turns":3},{"damage":34,"enemies":"The Guardian","floor":16,"turns":7}],"seed_played":"6346534176899242252","potions_obtained":[{"floor":1,"key":"Weak Potion"},{"floor":7,"key":"Ancient Potion"},{"floor":13,"key":"Poison Potion"}],"is_trial":false,"path_per_floor":["M","?","?","?","?","E","M","$","T","R","M","E","M","M","R","B"],"character_chosen":"DEFECT","items_purchased":[],"campfire_rested":2,"item_purchase_floors":[],"current_hp_per_floor":[74,74,59,59,75,42,37,37,37,59,59,19,18,6,28,0],"gold":347,"neow_bonus":"ONE_RANDOM_RARE_CARD","is_prod":false,"is_daily":false,"chose_seed":false,"campfire_upgraded":0,"win_rate":0,"timestamp":1563597581,"path_taken":["M","?","?","?","?","E","?","$","T","R","M","E","M","M","R","BOSS"],"build_version":"2019-07-17","purchased_purges":0,"victory":false,"max_hp_per_floor":[75,75,75,75,75,75,75,75,75,75,75,75,75,75,75,75],"card_choices":[{"not_picked":["Leap","Heatsinks"],"picked":"Loop","floor":1},{"not_picked":["Amplify","Gash"],"picked":"Beam Cell","floor":6},{"not_picked":["Hello World","Auto Shields"],"picked":"Beam Cell","floor":7},{"not_picked":["Rebound","Turbo"],"picked":"Compile Driver","floor":11},{"not_picked":["Lockon","Beam Cell"],"picked":"FTL","floor":12},{"not_picked":["Capacitor","Genetic Algorithm"],"picked":"Gash","floor":13},{"not_picked":["Sunder","Steam"],"picked":"Amplify","floor":14}],"player_experience":171356,"relics_obtained":[{"floor":6,"key":"Calipers"},{"floor":9,"key":"Sundial"},{"floor":12,"key":"Tiny Chest"}],"event_choices":[{"damage_healed":0,"gold_gain":0,"player_choice":"Leave","damage_taken":0,"max_hp_gain":0,"max_hp_loss":0,"event_name":"The Cleric","floor":2,"gold_loss":0},{"damage_healed":0,"gold_gain":0,"player_choice":"Entered Light","damage_taken":15,"max_hp_gain":0,"max_hp_loss":0,"event_name":"Shining Light","floor":3,"gold_loss":0,"cards_upgraded":["Strike_B","Loop"]},{"damage_healed":0,"gold_gain":0,"player_choice":"Grow","damage_taken":0,"max_hp_gain":0,"max_hp_loss":0,"event_name":"Living Wall","floor":4,"gold_loss":0,"cards_upgraded":["Strike_B"]},{"damage_healed":16,"gold_gain":0,"player_choice":"Full Heal","damage_taken":0,"max_hp_gain":0,"max_hp_loss":0,"event_name":"Wheel of Change","floor":5,"gold_loss":0}],"is_beta":false,"boss_relics":[],"items_purged_floors":[],"is_endless":false,"potions_floor_spawned":[1,7,13,14],"killed_by":"The Guardian","ascension_level":3}