{"gold_per_floor":[111,24,40,40,51,51,51,78,78,78,94,39,39,39,39,115,115,133,153,68,5,17,29,41],"floor_reached":24,"playtime":496,"items_purged":[],"score":384,"play_id":"4f36aec8-b957-4be0-936b-ae2f51d19822","local_time":"20190809093342","is_ascension_mode":true,"campfire_choices":[{"data":"Darkness","floor":6.0,"key":"SMITH"},{"data":"Dualcast","floor":13.0,"key":"SMITH"},{"data":"Redo","floor":15.0,"key":"SMITH"},{"data":"Coolheaded","floor":23,"key":"SMITH"}],"neow_cost":"TEN_PERCENT_HP_LOSS","seed_source_timestamp":1009107761435203,"circlet_count":0,"master_deck":["AscendersBane","Strike_B+1","Defend_B","Defend_B","Defend_B","Defend_B","Dualcast+1","Darkness+1","Undo","Ball Lightning","Cold Snap+1","Redo+1","Skim","Coolheaded+1","Meteor Strike","Heatsinks+1","Conserve Battery"],"special_seed":0,"relics":["Cracked Core","Whetstone","Pantograph","Runic Pyramid","MawBank"],"potions_floor_usage":[19],"damage_taken":[{"damage":0.0,"enemies":"2 Louse","floor":1.0,"turns":4.0},{"damage":8.0,"enemies":"Small Slimes","floor":3.0,"turns":4.0},{"damage":0.0,"enemies":"Cultist","floor":5.0,"turns":4.0},{"damage":13.0,"enemies":"Lagavulin","floor":8.0,"turns":6.0},{"damage":8.0,"enemies":"Exordium Thugs","floor":11.0,"turns":4.0},{"damage":20,"enemies":"Slime Boss","floor":16,"turns":4},{"damage":0,"enemies":"Chosen","floor":18,"turns":3},{"damage":25,"enemies":"2 Thieves","floor":19,"turns":5},{"damage":19,"enemies":"Masked Bandits","floor":24,"turns":3}],"seed_played":"9089368880535059722","potions_obtained":[{"floor":1.0,"key":"SteroidPotion"},{"floor":8.0,"key":"SkillPotion"},{"floor":16,"key":"Ancient Potion"}],"is_trial":false,"path_per_floor":["M","$","M","?","M","R","?","E","T","?","M","$","R","?","R","B",null,"M","M","?","?","?","R","?"],"character_chosen":"DEFECT","items_purchased":["Undo","Coolheaded"],"campfire_rested":0,"item_purchase_floors":[2,12],"current_hp_per_floor":[64,64,56,49,49,49,54,41,41,69,61,61,61,61,61,49,64,64,39,39,39,39,39,20],"gold":41,"neow_bonus":"REMOVE_TWO","is_prod":false,"is_daily":false,"chose_seed":false,"campfire_upgraded":4,"win_rate":0,"timestamp":1565314422,"path_taken":["M","$","M","?","M","R","?","E","T","?","?","?","R","?","R","BOSS","M","M","?","?","?","R","?"],"build_version":"2019-07-17","purchased_purges":0,"victory":false,"max_hp_per_floor":[64,64,64,64,64,64,69,69,69,69,69,69,69,69,69,69,69,69,69,69,69,69,69,69],"card_choices":[{"not_picked":["Go for the Eyes","Turbo"],"picked":"Darkness","floor":1.0},{"not_picked":["Gash","Leap"],"picked":"Ball Lightning","floor":3.0},{"not_picked":["Rebound","Leap"],"picked":"Cold Snap","floor":5.0},{"not_picked":["Leap","Cold Snap"],"picked":"Redo","floor":8.0},{"not_picked":["Consume","Leap"],"picked":"Skim","floor":11.0},{"not_picked":["Electrodynamics","Echo Form"],"picked":"Meteor Strike","floor":16},{"not_picked":["Capacitor","Compile Driver"],"picked":"Heatsinks+1","floor":18},{"not_picked":["Leap","Coolheaded"],"picked":"Conserve Battery","floor":19}],"player_experience":2117409,"relics_obtained":[{"floor":8.0,"key":"Whetstone"},{"floor":9.0,"key":"Pantograph"}],"event_choices":[{"cards_removed":["Strike_B"],"damage_healed":0.0,"max_hp_gain":0.0,"max_hp_loss":0.0,"gold_gain":0.0,"event_name":"Golden Wing","player_choice":"Card Removal","floor":4.0,"gold_loss":0.0,"damage_taken":7.0},{"damage_healed":0.0,"max_hp_gain":5.0,"max_hp_loss":0.0,"gold_gain":0.0,"event_name":"Big Fish","player_choice":"Donut","floor":7.0,"gold_loss":0.0,"damage_taken":0.0},{"damage_healed":28.0,"max_hp_gain":0.0,"max_hp_loss":0.0,"gold_gain":0.0,"event_name":"Wheel of Change","player_choice":"Full Heal","floor":10.0,"gold_loss":0.0,"damage_taken":0.0},{"damage_healed":0.0,"max_hp_gain":0.0,"max_hp_loss":0.0,"gold_gain":0.0,"event_name":"The Cleric","player_choice":"Leave","floor":14.0,"gold_loss":0.0,"damage_taken":0.0},{"damage_healed":0,"gold_gain":0,"player_choice":"Obtained Relic","damage_taken":0,"relics_obtained":["MawBank"],"max_hp_gain":0,"max_hp_loss":0,"event_name":"Addict","floor":20,"gold_loss":85},{"cards_removed":["Zap"],"damage_healed":0,"gold_gain":0,"player_choice":"Gave Gold","damage_taken":0,"max_hp_gain":0,"max_hp_loss":0,"event_name":"Beggar","floor":21,"gold_loss":75},{"damage_healed":0,"gold_gain":0,"player_choice":"Ignored","damage_taken":0,"max_hp_gain":0,"max_hp_loss":0,"event_name":"Vampires","floor":22,"gold_loss":0},{"damage_healed":0,"gold_gain":0,"player_choice":"Fought Bandits","damage_taken":0,"max_hp_gain":0,"max_hp_loss":0,"event_name":"Masked Bandits","floor":24,"gold_loss":0}],"is_beta":false,"boss_relics":[{"not_picked":["Black Star","Nuclear Battery"],"picked":"Runic Pyramid"}],"items_purged_floors":[],"is_endless":false,"potions_floor_spawned":[1,8,16],"killed_by":"Masked Bandits","ascension_level":20}