{"gold_per_floor":[20,31,42,7,17,17,52,52,52,52],"floor_reached":10,"playtime":449,"items_purged":[],"score":68,"play_id":"3e96abce-ad27-46e5-83bc-baa910b832b1","local_time":"20190423232750","is_ascension_mode":false,"campfire_choices":[{"data":"Storm","floor":6,"key":"SMITH"}],"neow_cost":"NO_GOLD","seed_source_timestamp":1169886301222,"circlet_count":0,"master_deck":["Strike_B","Strike_B","Strike_B","Strike_B","Defend_B","Defend_B","Defend_B","Defend_B","Zap","Dualcast","Machine Learning","Beam Cell","Storm","Storm+1","Sweeping Beam","Melter"],"relics":["Cracked Core","Nunchaku","Pantograph"],"potions_floor_usage":[],"damage_taken":[{"damage":2,"enemies":"2 Louse","floor":1,"turns":2},{"damage":3,"enemies":"Jaw Worm","floor":2,"turns":3},{"damage":10,"enemies":"Small Slimes","floor":3,"turns":4},{"damage":30,"enemies":"Gremlin Gang","floor":5,"turns":4},{"damage":30,"enemies":"Gremlin Nob","floor":7,"turns":4},{"damage":15,"enemies":"2 Fungi Beasts","floor":10,"turns":2}],"seed_played":"774010961712827751","potions_obtained":[{"floor":3,"key":"Explosive Potion"}],"is_trial":false,"path_per_floor":["M","M","M","?","M","R","E","?","T","M"],"character_chosen":"DEFECT","items_purchased":[],"campfire_rested":0,"item_purchase_floors":[],"current_hp_per_floor":[73,70,60,75,45,45,15,15,15,0],"gold":52,"neow_bonus":"THREE_RARE_CARDS","is_prod":false,"is_daily":false,"chose_seed":false,"campfire_upgraded":1,"win_rate":0.0,"timestamp":1556087270,"path_taken":["M","M","M","?","M","R","E","?","T","M"],"build_version":"2019-01-23","purchased_purges":0,"victory":false,"max_hp_per_floor":[75,75,75,75,75,75,75,75,75,75],"card_choices":[{"not_picked":["Reboot","Fission"],"picked":"Machine Learning","floor":0},{"not_picked":["Aggregate","Cold Snap"],"picked":"Beam Cell","floor":1},{"not_picked":["Doom and Gloom","Sweeping Beam"],"picked":"Storm","floor":2},{"not_picked":["Barrage","Hologram"],"picked":"Storm","floor":3},{"not_picked":["Coolheaded","Hologram"],"picked":"Sweeping Beam","floor":5},{"not_picked":["Sweeping Beam","Rebound"],"picked":"Melter","floor":7}],"player_experience":81290,"relics_obtained":[{"floor":7,"key":"Nunchaku"},{"floor":9,"key":"Pantograph"}],"event_choices":[{"damage_healed":18,"gold_gain":0,"player_choice":"Healed","damage_taken":0,"max_hp_gain":0,"max_hp_loss":0,"event_name":"The Cleric","floor":4,"gold_loss":35},{"damage_healed":0,"gold_gain":0,"player_choice":"Fled","damage_taken":0,"max_hp_gain":0,"max_hp_loss":0,"event_name":"Scrap Ooze","floor":8,"gold_loss":0}],"is_beta":false,"boss_relics":[],"items_purged_floors":[],"is_endless":false,"potions_floor_spawned":[3],"killed_by":"2 Fungi Beasts","ascension_level":0}