{"gold_per_floor":[127,139,151,176,199,240,252,289,324,363,375],"floor_reached":11,"playtime":825,"items_purged":[],"score":114,"play_id":"e358f317-ce11-42a0-95e8-a1d2d7bd0516","local_time":"20190902132941","is_ascension_mode":true,"campfire_choices":[{"data":"Bash","floor":7,"key":"SMITH"}],"neow_cost":"NONE","seed_source_timestamp":466576277922800,"circlet_count":0,"master_deck":["Strike_R","Strike_R","Strike_R","Strike_R","Defend_R","Defend_R","Defend_R","Defend_R","Bash+1","Twin Strike","Spot Weakness","Clothesline","Shrug It Off","Burning Pact"],"relics":["Burning Blood","MawBank","Regal Pillow","Bronze Scales","Peace Pipe","Oddly Smooth Stone","Centennial Puzzle"],"potions_floor_usage":[6,8],"damage_taken":[{"damage":0,"enemies":"Small Slimes","floor":1,"turns":3},{"damage":6,"enemies":"Cultist","floor":4,"turns":3},{"damage":4,"enemies":"Jaw Worm","floor":5,"turns":3},{"damage":60,"enemies":"3 Sentries","floor":6,"turns":11},{"damage":40,"enemies":"Lagavulin","floor":8,"turns":7},{"damage":15,"enemies":"Gremlin Nob","floor":10,"turns":4},{"damage":0,"enemies":"2 Fungi Beasts","floor":11,"turns":1}],"seed_played":"7266181107286148555","potions_obtained":[{"floor":1,"key":"Regen Potion"},{"floor":4,"key":"BloodPotion"},{"floor":8,"key":"AttackPotion"}],"is_trial":false,"path_per_floor":["M","?","?","M","M","E","R","E","T","E","M"],"character_chosen":"IRONCLAD","items_purchased":[],"campfire_rested":0,"item_purchase_floors":[],"current_hp_per_floor":[80,68,68,68,70,31,31,17,17,8,8],"gold":375,"neow_bonus":"RANDOM_COMMON_RELIC","is_prod":false,"is_daily":false,"chose_seed":false,"campfire_upgraded":1,"win_rate":0,"timestamp":1567445381,"path_taken":["M","?","?","?","M","E","R","E","T","E","?"],"build_version":"2019-07-17","purchased_purges":0,"victory":false,"max_hp_per_floor":[80,80,80,80,80,80,80,80,80,80,80],"card_choices":[{"not_picked":["True Grit","Intimidate"],"picked":"Twin Strike","floor":1},{"not_picked":["Warcry","Evolve"],"picked":"Spot Weakness","floor":4},{"not_picked":["Iron Wave","Perfected Strike"],"picked":"Clothesline","floor":5},{"not_picked":["Body Slam","Offering"],"picked":"Shrug It Off","floor":6},{"not_picked":["Searing Blow","Corruption","Armaments"],"picked":"SKIP","floor":8},{"not_picked":["Clash","Searing Blow"],"picked":"Burning Pact","floor":10}],"player_experience":139179,"relics_obtained":[{"floor":6,"key":"Bronze Scales"},{"floor":8,"key":"Peace Pipe"},{"floor":9,"key":"Oddly Smooth Stone"},{"floor":10,"key":"Centennial Puzzle"}],"event_choices":[{"damage_healed":0,"gold_gain":0,"player_choice":"Success","damage_taken":12,"relics_obtained":["Regal Pillow"],"max_hp_gain":0,"max_hp_loss":0,"event_name":"Scrap Ooze","floor":2,"gold_loss":0},{"cards_removed":["Strike_R"],"damage_healed":0,"gold_gain":0,"player_choice":"Purged","damage_taken":0,"max_hp_gain":0,"max_hp_loss":0,"event_name":"Purifier","floor":3,"gold_loss":0}],"is_beta":false,"boss_relics":[],"items_purged_floors":[],"is_endless":false,"potions_floor_spawned":[1,4,8],"killed_by":"2 Fungi Beasts","ascension_level":5}