{"gold_per_floor":[14,14,33,52,69,69,69,69,95,126,18,48,63,80,80,157,157,175,6,6,33,33,33,33],"floor_reached":24,"playtime":762,"items_purged":[],"score":408,"play_id":"5d1769c2-1e03-447f-a9b3-ac1825196967","local_time":"20190808110946","is_ascension_mode":true,"campfire_choices":[{"data":"Zap","floor":6.0,"key":"SMITH"},{"data":"Dualcast","floor":8.0,"key":"SMITH"},{"data":"Chaos","floor":15.0,"key":"SMITH"},{"data":"Coolheaded","floor":23.0,"key":"SMITH"}],"neow_cost":"NO_GOLD","seed_source_timestamp":927620777841492,"circlet_count":0,"master_deck":["AscendersBane","Strike_B","Strike_B+1","Strike_B+1","Defend_B","Defend_B","Defend_B","Defend_B","Zap+1","Dualcast+1","Echo Form","Self Repair","Rip and Tear","Tempest","Loop","Machine Learning","Coolheaded+1","Compile Driver","Chaos+1","Ball Lightning","Meteor Strike","Steam Power+1","Ghostly","Ghostly","Ghostly","Recycle"],"special_seed":0,"relics":["Cracked Core","Oddly Smooth Stone","Whetstone","Kunai","Coffee Dripper","Bag of Preparation","Red Mask"],"potions_floor_usage":[24],"damage_taken":[{"damage":7.0,"enemies":"Small Slimes","floor":1.0,"turns":4.0},{"damage":1.0,"enemies":"Cultist","floor":3.0,"turns":3.0},{"damage":11.0,"enemies":"2 Louse","floor":4.0,"turns":2.0},{"damage":18.0,"enemies":"2 Fungi Beasts","floor":5.0,"turns":3.0},{"damage":34.0,"enemies":"3 Sentries","floor":10.0,"turns":6.0},{"damage":7.0,"enemies":"Gremlin Nob","floor":12.0,"turns":3.0},{"damage":3.0,"enemies":"Looter","floor":13.0,"turns":4.0},{"damage":25.0,"enemies":"Gremlin Gang","floor":14.0,"turns":5.0},{"damage":4.0,"enemies":"The Guardian","floor":16.0,"turns":6.0},{"damage":18.0,"enemies":"Shell Parasite","floor":18.0,"turns":5.0},{"damage":26.0,"enemies":"Masked Bandits","floor":21.0,"turns":4.0},{"damage":0,"enemies":"Slavers","floor":24,"turns":4}],"seed_played":"1111842217254706801","potions_obtained":[{"floor":1.0,"key":"Regen Potion"},{"floor":2.0,"key":"LiquidBronze"},{"floor":4.0,"key":"SkillPotion"},{"floor":10.0,"key":"FocusPotion"},{"floor":13.0,"key":"PowerPotion"},{"floor":16.0,"key":"GamblersBrew"},{"floor":21.0,"key":"FocusPotion"}],"is_trial":false,"path_per_floor":["M","?","M","M","M","R","?","R","T","E","$","E","M","M","R","B",null,"M","$","?","?","?","R","E"],"character_chosen":"DEFECT","items_purchased":["Coolheaded","Compile Driver","Bag of Preparation"],"campfire_rested":0,"item_purchase_floors":[11,11,19],"current_hp_per_floor":[57,57,63,52,48,48,48,48,48,28,28,28,32,7,7,10,56,45,45,35,16,9,9,9],"gold":33,"neow_bonus":"THREE_RARE_CARDS","is_prod":false,"is_daily":false,"chose_seed":false,"campfire_upgraded":4,"win_rate":0,"timestamp":1565233786,"path_taken":["M","?","?","M","?","R","?","R","T","E","$","E","?","M","R","BOSS","M","?","?","?","?","R","E"],"build_version":"2019-07-17","purchased_purges":0,"victory":false,"max_hp_per_floor":[71,71,71,71,71,71,71,71,71,71,71,71,71,71,71,71,71,71,71,35,35,40,40,40],"card_choices":[{"not_picked":["Multi-Cast","Reboot"],"picked":"Echo Form","floor":0.0},{"not_picked":["Auto Shields","Tempest"],"picked":"Self Repair","floor":1.0},{"not_picked":["Hologram","Compile Driver"],"picked":"Rip and Tear","floor":3.0},{"not_picked":["Barrage","Rebound"],"picked":"Tempest","floor":4.0},{"not_picked":["Compile Driver","Barrage"],"picked":"Loop","floor":5.0},{"not_picked":["Leap","Redo"],"picked":"Machine Learning","floor":10.0},{"not_picked":["Melter","Coolheaded"],"picked":"Chaos","floor":12.0},{"not_picked":["Sweeping Beam","Compile Driver"],"picked":"Ball Lightning","floor":13.0},{"not_picked":["Scrape","Force Field","Barrage"],"picked":"SKIP","floor":14.0},{"not_picked":["Hyperbeam","Thunder Strike"],"picked":"Meteor Strike","floor":16.0},{"not_picked":["Go for the Eyes+1","Rip and Tear"],"picked":"Steam Power+1","floor":18.0},{"not_picked":["Compile Driver","Hologram"],"picked":"Recycle","floor":21.0}],"player_experience":2114481,"relics_obtained":[{"floor":9.0,"key":"Oddly Smooth Stone"},{"floor":10.0,"key":"Whetstone"},{"floor":12.0,"key":"Kunai"},{"floor":21.0,"key":"Red Mask"}],"event_choices":[{"damage_healed":0.0,"max_hp_gain":0.0,"max_hp_loss":0.0,"gold_gain":0.0,"event_name":"Lab","player_choice":"Got Potions","floor":2.0,"gold_loss":0.0,"damage_taken":0.0},{"cards_removed":["Strike_B"],"damage_healed":0.0,"max_hp_gain":0.0,"max_hp_loss":0.0,"gold_gain":0.0,"event_name":"Bonfire Elementals","player_choice":"Offered Basic","floor":7.0,"gold_loss":0.0,"damage_taken":0.0},{"damage_healed":0.0,"max_hp_gain":0.0,"max_hp_loss":36.0,"gold_gain":0.0,"event_name":"Ghosts","player_choice":"Became a Ghost","floor":20.0,"gold_loss":0.0,"damage_taken":0.0,"cards_obtained":["Ghostly","Ghostly","Ghostly"]},{"damage_healed":0.0,"max_hp_gain":0.0,"max_hp_loss":0.0,"gold_gain":0.0,"event_name":"Masked Bandits","player_choice":"Fought Bandits","floor":21.0,"gold_loss":0.0,"damage_taken":0.0},{"damage_healed":0.0,"max_hp_gain":5.0,"max_hp_loss":0.0,"gold_gain":0.0,"event_name":"Forgotten Altar","player_choice":"Shed Blood","floor":22.0,"gold_loss":0.0,"damage_taken":12.0}],"is_beta":false,"boss_relics":[{"not_picked":["Black Star","Velvet Choker"],"picked":"Coffee Dripper"}],"items_purged_floors":[],"is_endless":false,"potions_floor_spawned":[1,4,10,13,16,21],"killed_by":"Slavers","ascension_level":20}