{"gold_per_floor":[112,187,112,1,24,24,40,74,74,104,104,29,63,77,77,154,154,174,190,190,190,207,207,220,220,220,246,273,273],"floor_reached":29,"playtime":652,"items_purged":["Strike_B"],"score":568,"play_id":"c3f4f872-7c91-4783-ba9e-bfab43efca1f","local_time":"20190809101401","is_ascension_mode":true,"campfire_choices":[{"data":"Sunder","floor":6.0,"key":"SMITH"},{"data":"Consume","floor":11.0,"key":"SMITH"},{"data":"Zap","floor":15.0,"key":"SMITH"},{"data":"Fusion","floor":23,"key":"SMITH"},{"data":"Dualcast","floor":25,"key":"SMITH"}],"neow_cost":"NONE","seed_source_timestamp":1011389284115508,"circlet_count":0,"master_deck":["AscendersBane","Strike_B","Defend_B","Defend_B","Defend_B","Defend_B","Zap+1","Dualcast+1","Glacier","Sunder+1","Turbo","Self Repair","Consume+1","Beam Cell","Cold Snap","Ball Lightning","Echo Form","Tempest","Ghostly","Ghostly","Ghostly","Fusion+1"],"special_seed":0,"relics":["Cracked Core","NeowsBlessing","Bronze Scales","StoneCalendar","Cables","Darkstone Periapt","Pantograph","Runic Dome","Ornamental Fan","Vajra","Oddly Smooth Stone"],"potions_floor_usage":[27],"damage_taken":[{"damage":0.0,"enemies":"2 Louse","floor":1.0,"turns":1.0},{"damage":0.0,"enemies":"Jaw Worm","floor":7.0,"turns":1.0},{"damage":0.0,"enemies":"3 Sentries","floor":8.0,"turns":2.0},{"damage":24.0,"enemies":"Gremlin Nob","floor":10.0,"turns":4.0},{"damage":15.0,"enemies":"3 Sentries","floor":13.0,"turns":5.0},{"damage":0.0,"enemies":"Cultist","floor":14.0,"turns":2.0},{"damage":33.0,"enemies":"Slime Boss","floor":16.0,"turns":7.0},{"damage":3.0,"enemies":"Shell Parasite","floor":18.0,"turns":5.0},{"damage":0.0,"enemies":"Chosen","floor":19.0,"turns":2.0},{"damage":0,"enemies":"Snecko","floor":22,"turns":5},{"damage":0,"enemies":"Centurion and Healer","floor":24,"turns":7},{"damage":23,"enemies":"Book of Stabbing","floor":27,"turns":5},{"damage":32,"enemies":"Gremlin Leader","floor":29,"turns":3}],"seed_played":"-5890919197272451439","potions_obtained":[{"floor":1.0,"key":"PowerPotion"},{"floor":14.0,"key":"GamblersBrew"},{"floor":19.0,"key":"FearPotion"},{"floor":27,"key":"FocusPotion"}],"is_trial":false,"path_per_floor":["M","?","?","$","T","R","M","E","T","E","R","$","E","M","R","B",null,"M","M","?","?","M","R","M","R","T","E","T","E"],"character_chosen":"DEFECT","items_purchased":["Sunder","Turbo"],"campfire_rested":0,"item_purchase_floors":[4,4],"current_hp_per_floor":[64,53,53,53,53,53,53,60,60,43,43,43,35,35,35,34,62,66,71,35,35,35,35,35,35,35,26,26,0],"gold":273,"neow_bonus":"THREE_ENEMY_KILL","is_prod":false,"is_daily":false,"chose_seed":false,"campfire_upgraded":5,"win_rate":0,"timestamp":1565316841,"path_taken":["M","?","?","$","?","R","M","E","T","E","R","$","E","M","R","BOSS","M","?","?","?","M","R","?","R","T","E","?","E"],"build_version":"2019-07-17","purchased_purges":1,"victory":false,"max_hp_per_floor":[71,71,71,71,71,71,71,71,71,71,71,71,71,71,71,71,71,71,71,35,35,35,35,35,35,35,35,35,35],"card_choices":[{"not_picked":["Redo","Rebound"],"picked":"Glacier","floor":1.0},{"not_picked":["Darkness","Lockon"],"picked":"Self Repair","floor":7.0},{"not_picked":["Compile Driver","Lockon"],"picked":"Consume","floor":8.0},{"not_picked":["Leap","Redo"],"picked":"Beam Cell","floor":10.0},{"not_picked":["Genetic Algorithm","Self Repair"],"picked":"Cold Snap","floor":13.0},{"not_picked":["Tempest","Conserve Battery"],"picked":"Ball Lightning","floor":14.0},{"not_picked":["Core Surge","Hyperbeam"],"picked":"Echo Form","floor":16.0},{"not_picked":["Redo","FTL","Ball Lightning"],"picked":"SKIP","floor":18.0},{"not_picked":["Conserve Battery","Streamline"],"picked":"Tempest","floor":19.0},{"not_picked":["Static Discharge","Go for the Eyes","Steam+1"],"picked":"SKIP","floor":22},{"not_picked":["Go for the Eyes","Beam Cell","Cold Snap"],"picked":"SKIP","floor":24},{"not_picked":["Cold Snap","Turbo","Rebound"],"picked":"SKIP","floor":27}],"player_experience":2119048,"relics_obtained":[{"floor":5.0,"key":"Bronze Scales"},{"floor":8.0,"key":"StoneCalendar"},{"floor":9.0,"key":"Cables"},{"floor":10.0,"key":"Darkstone Periapt"},{"floor":13.0,"key":"Pantograph"},{"floor":26,"key":"Ornamental Fan"},{"floor":27,"key":"Vajra"},{"floor":28,"key":"Oddly Smooth Stone"}],"event_choices":[{"damage_healed":0.0,"max_hp_gain":0.0,"max_hp_loss":0.0,"gold_gain":75.0,"event_name":"World of Goop","player_choice":"Gather Gold","floor":2.0,"gold_loss":0.0,"damage_taken":11.0},{"cards_removed":["Strike_B"],"damage_healed":0.0,"max_hp_gain":0.0,"max_hp_loss":0.0,"gold_gain":0.0,"event_name":"The Cleric","player_choice":"Card Removal","floor":3.0,"gold_loss":75.0,"damage_taken":0.0},{"damage_healed":0.0,"max_hp_gain":0.0,"max_hp_loss":36.0,"gold_gain":0.0,"event_name":"Ghosts","player_choice":"Became a Ghost","floor":20.0,"gold_loss":0.0,"damage_taken":0.0,"cards_obtained":["Ghostly","Ghostly","Ghostly"]},{"damage_healed":0,"gold_gain":0,"cards_transformed":["Strike_B"],"player_choice":"Transformed","damage_taken":0,"max_hp_gain":0,"max_hp_loss":0,"event_name":"Transmorgrifier","floor":21,"gold_loss":0,"cards_obtained":["Fusion"]}],"is_beta":false,"boss_relics":[{"not_picked":["Busted Crown","Eternal Feather"],"picked":"Runic Dome"}],"items_purged_floors":[12],"is_endless":false,"potions_floor_spawned":[1,14,19,27],"killed_by":"Gremlin Leader","ascension_level":20}