{"gold_per_floor":[117,192,212,230,245,245,255,288,288,288,288,304,304,318,318,414,414,394,407,332,332,64,64,78,98,98,109,109,109],"floor_reached":29,"playtime":1871,"items_purged":["Strike_G"],"score":229,"play_id":"4d08ecde-6418-4a5e-b6b7-fd30fea2334f","local_time":"20190702180828","is_ascension_mode":false,"campfire_choices":[{"data":"Neutralize","floor":6,"key":"SMITH"},{"floor":11,"key":"REST"},{"data":"Poisoned Stab","floor":13,"key":"SMITH"},{"data":"Poisoned Stab","floor":15,"key":"SMITH"},{"data":"Catalyst","floor":23,"key":"SMITH"}],"neow_cost":"NONE","seed_source_timestamp":272162663293218,"circlet_count":0,"master_deck":["Defend_G","Defend_G","Defend_G","Defend_G","Survivor","Neutralize+1","Dagger Spray","Poisoned Stab+1","Bane","Poisoned Stab+1","Quick Slash+1","Sucker Punch+1","Leg Sweep+1","Catalyst+1"],"relics":["Ring of the Snake","Art of War","The Courier","Astrolabe","Molten Egg 2","Meat on the Bone","Pocketwatch"],"potions_floor_usage":[],"damage_taken":[{"damage":0,"enemies":"Small Slimes","floor":1,"turns":3},{"damage":0,"enemies":"Jaw Worm","floor":3,"turns":4},{"damage":0,"enemies":"2 Louse","floor":4,"turns":2},{"damage":7,"enemies":"Looter","floor":5,"turns":3},{"damage":4,"enemies":"Blue Slaver","floor":7,"turns":4},{"damage":33,"enemies":"3 Sentries","floor":8,"turns":14},{"damage":0,"enemies":"2 Fungi Beasts","floor":12,"turns":2},{"damage":2,"enemies":"Looter","floor":14,"turns":2},{"damage":23,"enemies":"The Guardian","floor":16,"turns":10},{"damage":7,"enemies":"2 Thieves","floor":18,"turns":4},{"damage":3,"enemies":"Shell Parasite","floor":19,"turns":6},{"damage":9,"enemies":"Centurion and Healer","floor":24,"turns":7},{"damage":24,"enemies":"Sentry and Sphere","floor":25,"turns":6},{"damage":8,"enemies":"Snake Plant","floor":27,"turns":5},{"damage":34,"enemies":"Slavers","floor":29,"turns":2}],"seed_played":"5566866631997205350","potions_obtained":[{"floor":8,"key":"Weak Potion"},{"floor":12,"key":"SpeedPotion"},{"floor":16,"key":"GamblersBrew"}],"is_trial":false,"path_per_floor":["M","?","M","M","M","R","M","E","T","?","R","M","R","M","R","B",null,"M","M","?","?","$","R","M","M","T","M","T","E"],"character_chosen":"THE_SILENT","items_purchased":["Molten Egg 2"],"campfire_rested":1,"item_purchase_floors":[22],"current_hp_per_floor":[70,59,59,59,52,52,48,15,15,38,59,59,59,57,57,34,70,63,60,60,60,60,60,51,27,27,31,31,0],"gold":109,"neow_bonus":"TRANSFORM_CARD","is_prod":false,"is_daily":false,"chose_seed":false,"campfire_upgraded":4,"win_rate":0,"timestamp":1562116108,"path_taken":["M","?","M","M","M","R","M","E","T","?","R","M","R","M","R","BOSS","M","M","?","?","$","R","M","M","T","M","?","E"],"build_version":"2019-07-01","purchased_purges":1,"victory":false,"max_hp_per_floor":[70,70,70,70,70,70,70,70,70,70,70,70,70,70,70,70,70,70,70,70,70,70,70,70,70,70,70,70,70],"card_choices":[{"not_picked":["Deflect","Dagger Throw"],"picked":"Poisoned Stab","floor":1},{"not_picked":["Storm of Steel","Well Laid Plans","Blur"],"picked":"SKIP","floor":3},{"not_picked":["Dagger Throw","Blade Dance","Calculated Gamble"],"picked":"SKIP","floor":4},{"not_picked":["Underhanded Strike","Quick Slash","Sucker Punch"],"picked":"SKIP","floor":5},{"not_picked":["Predator","Dagger Spray"],"picked":"Bane","floor":7},{"not_picked":["Bane","PiercingWail","Blade Dance"],"picked":"SKIP","floor":8},{"not_picked":["Expertise","Quick Slash","Distraction"],"picked":"SKIP","floor":12},{"not_picked":["Dagger Spray","Cloak And Dagger"],"picked":"Poisoned Stab","floor":14},{"not_picked":["Predator","Cloak And Dagger","Dodge and Roll+1"],"picked":"SKIP","floor":18},{"not_picked":["Poisoned Stab","PiercingWail","Blade Dance+1"],"picked":"SKIP","floor":19},{"not_picked":["Quick Slash+1","Tactician","PiercingWail"],"picked":"SKIP","floor":24},{"not_picked":["Outmaneuver","Prepared","Heel Hook+1"],"picked":"SKIP","floor":25},{"not_picked":["Calculated Gamble+1","Reflex","Caltrops"],"picked":"SKIP","floor":27}],"player_experience":234319,"relics_obtained":[{"floor":8,"key":"Art of War"},{"floor":9,"key":"The Courier"},{"floor":26,"key":"Meat on the Bone"},{"floor":28,"key":"Pocketwatch"}],"event_choices":[{"damage_healed":0,"gold_gain":75,"player_choice":"Gather Gold","damage_taken":11,"max_hp_gain":0,"max_hp_loss":0,"event_name":"World of Goop","floor":2,"gold_loss":0},{"damage_healed":23,"gold_gain":0,"player_choice":"Banana","damage_taken":0,"max_hp_gain":0,"max_hp_loss":0,"event_name":"Big Fish","floor":10,"gold_loss":0},{"cards_removed":["Strike_G"],"damage_healed":0,"gold_gain":0,"player_choice":"Gave Gold","damage_taken":0,"max_hp_gain":0,"max_hp_loss":0,"event_name":"Beggar","floor":20,"gold_loss":75},{"damage_healed":0,"gold_gain":0,"player_choice":"Read","damage_taken":0,"max_hp_gain":0,"max_hp_loss":0,"event_name":"The Library","floor":21,"gold_loss":0,"cards_obtained":["Catalyst"]}],"is_beta":false,"boss_relics":[{"not_picked":["Ring of the Serpent","Eternal Feather"],"picked":"Astrolabe"}],"items_purged_floors":[22],"is_endless":false,"potions_floor_spawned":[8,12,16,19,24,25],"killed_by":"Slavers","ascension_level":0}