{"gold_per_floor":[111,111,111,286,104,139,139,139,139,156,156,168,168,232,232,328,328,338,338,350,365,36,36,51,51,76,76,86,100,100,118,118,118],"floor_reached":33,"playtime":2726,"items_purged":["Regret","Doubt"],"score":322,"play_id":"475e55ad-1537-4ad2-ac7b-a720ae424147","local_time":"20190717010216","is_ascension_mode":true,"campfire_choices":[{"data":"Scrape","floor":8,"key":"SMITH"},{"data":"Static Discharge","floor":11,"key":"SMITH"},{"floor":13,"key":"REST"},{"floor":15,"key":"REST"},{"floor":23,"key":"REST"},{"floor":25,"key":"REST"},{"floor":27,"key":"REST"},{"floor":30,"key":"REST"},{"floor":32,"key":"REST"}],"neow_cost":"NONE","seed_source_timestamp":433518329694874,"circlet_count":0,"master_deck":["Strike_B","Strike_B","Strike_B","Strike_B","Defend_B","Defend_B","Defend_B","Defend_B","Zap","Dualcast","Gash","Scrape+1","Static Discharge+1","Compile Driver","Core Surge","Steam","FTL","Rebound+1","Redo","Auto Shields+1","Steam","Sweeping Beam"],"relics":["Cracked Core","NeowsBlessing","The Courier","PreservedInsect","Mercury Hourglass","Letter Opener","Tiny Chest","Lizard Tail","Potion Belt","Membership Card","Anchor","Lantern"],"potions_floor_usage":[14,16,29,29],"damage_taken":[{"damage":0,"enemies":"2 Louse","floor":1,"turns":1},{"damage":0,"enemies":"Lagavulin","floor":6,"turns":1},{"damage":0,"enemies":"Cultist","floor":10,"turns":1},{"damage":15,"enemies":"Small Slimes","floor":12,"turns":3},{"damage":26,"enemies":"3 Sentries","floor":14,"turns":2},{"damage":37,"enemies":"Hexaghost","floor":16,"turns":5},{"damage":55,"enemies":"Shell Parasite","floor":18,"turns":7},{"damage":19,"enemies":"Spheric Guardian","floor":20,"turns":3},{"damage":34,"enemies":"Shelled Parasite and Fungi","floor":21,"turns":4},{"damage":24,"enemies":"Centurion and Healer","floor":24,"turns":4},{"damage":27,"enemies":"Sentry and Sphere","floor":28,"turns":3},{"damage":7,"enemies":"Shelled Parasite and Fungi","floor":29,"turns":5},{"damage":22,"enemies":"3 Cultists","floor":31,"turns":4},{"damage":41,"enemies":"Automaton","floor":33,"turns":4}],"seed_played":"1860322135518022248","potions_obtained":[{"floor":12,"key":"FocusPotion"},{"floor":14,"key":"Regen Potion"},{"floor":20,"key":"GamblersBrew"},{"floor":21,"key":"Block Potion"},{"floor":24,"key":"AttackPotion"},{"floor":28,"key":"AttackPotion"}],"is_trial":false,"path_per_floor":["M","?","$","?","$","E","?","R","T","M","R","M","R","E","R","B",null,"M","?","M","M","$","R","M","R","T","R","M","M","R","M","R","B"],"character_chosen":"DEFECT","items_purchased":["PreservedInsect","Membership Card","Anchor","Lantern"],"campfire_rested":7,"item_purchase_floors":[5,22,22,22],"current_hp_per_floor":[75,75,75,75,75,75,75,75,75,75,75,60,75,49,71,39,75,20,20,1,10,10,32,8,30,30,52,25,18,40,18,40,0],"gold":118,"neow_bonus":"THREE_ENEMY_KILL","is_prod":false,"is_daily":false,"chose_seed":false,"campfire_upgraded":2,"win_rate":0,"timestamp":1563343336,"path_taken":["M","?","$","?","$","E","?","R","T","M","R","?","R","E","R","BOSS","M","?","M","M","$","R","M","R","T","R","M","M","R","M","R","BOSS"],"build_version":"2019-07-05","purchased_purges":2,"victory":false,"max_hp_per_floor":[75,75,75,75,75,75,75,75,75,75,75,75,75,75,75,75,75,75,75,75,75,75,75,75,75,75,75,75,75,75,75,75,75],"card_choices":[{"not_picked":["Coolheaded","Rebound"],"picked":"Gash","floor":1},{"not_picked":["Cold Snap","Beam Cell"],"picked":"Scrape","floor":6},{"not_picked":["Sunder","Force Field"],"picked":"Static Discharge","floor":10},{"not_picked":["Reprogram","Hello World"],"picked":"Compile Driver","floor":12},{"not_picked":["Turbo","Compile Driver"],"picked":"Core Surge","floor":14},{"not_picked":["Chill","Chaos"],"picked":"Steam","floor":18},{"not_picked":["Cold Snap","Steam Power"],"picked":"FTL","floor":20},{"not_picked":["Cold Snap","Conserve Battery"],"picked":"Rebound+1","floor":21},{"not_picked":["Chaos","Blizzard"],"picked":"Redo","floor":24},{"not_picked":["Sunder","Doom and Gloom"],"picked":"Auto Shields+1","floor":28},{"not_picked":["Ball Lightning","Undo+1"],"picked":"Steam","floor":29},{"not_picked":["Stack+1","Genetic Algorithm"],"picked":"Sweeping Beam","floor":31}],"player_experience":167443,"relics_obtained":[{"floor":6,"key":"Mercury Hourglass"},{"floor":9,"key":"Letter Opener"},{"floor":14,"key":"Tiny Chest"}],"event_choices":[{"damage_healed":0,"gold_gain":0,"player_choice":"Box","damage_taken":0,"relics_obtained":["The Courier"],"max_hp_gain":0,"max_hp_loss":0,"event_name":"Big Fish","floor":2,"gold_loss":0,"cards_obtained":["Regret"]},{"damage_healed":0,"gold_gain":175,"player_choice":"AGREE","damage_taken":0,"max_hp_gain":0,"max_hp_loss":0,"event_name":"Liars Game","floor":4,"gold_loss":0,"cards_obtained":["Doubt"]},{"damage_healed":0,"gold_gain":0,"player_choice":"Ignored","damage_taken":0,"max_hp_gain":0,"max_hp_loss":0,"event_name":"Purifier","floor":7,"gold_loss":0},{"damage_healed":0,"gold_gain":0,"player_choice":"Opened","damage_taken":0,"relics_obtained":["Potion Belt"],"max_hp_gain":0,"max_hp_loss":0,"event_name":"The Mausoleum","floor":19,"gold_loss":0}],"is_beta":false,"boss_relics":[{"not_picked":["Sozu","Inserter"],"picked":"Lizard Tail"}],"items_purged_floors":[5,22],"is_endless":false,"potions_floor_spawned":[12,14,20,21,24,28],"killed_by":"Automaton","ascension_level":3}