{"gold_per_floor":[117,65,20,30,50,50,67,67,67,67,67,85,106,126,126,226,226,236,29,29,29,47,47,64,64,112,129,140,140],"floor_reached":29,"playtime":1200,"items_purged":[],"score":242,"play_id":"fd170c87-c6db-4a86-ac88-8a7d3d605076","local_time":"20190424153221","is_ascension_mode":false,"campfire_choices":[{"data":"Rainbow","floor":6,"key":"SMITH"},{"data":"Static Discharge","floor":8,"key":"SMITH"},{"data":"Melter","floor":10,"key":"SMITH"},{"data":"Barrage","floor":15,"key":"SMITH"},{"data":"Zap","floor":23,"key":"SMITH"},{"floor":25,"key":"REST"}],"neow_cost":"NONE","seed_source_timestamp":20879812556992,"circlet_count":0,"master_deck":["Strike_B","Strike_B","Strike_B","Strike_B","Defend_B","Defend_B","Defend_B","Defend_B","Zap+1","Dualcast","Rainbow+1","Melter+1","Ball Lightning","Static Discharge+1","Ball Lightning","Leap","Ball Lightning","Barrage+1","Machine Learning","Static Discharge+1","Ball Lightning+1"],"relics":["Cracked Core","Sundial","PreservedInsect","Odd Mushroom","Busted Crown","DollysMirror","Du-Vu Doll","Lantern"],"potions_floor_usage":[],"damage_taken":[{"damage":3,"enemies":"Jaw Worm","floor":1,"turns":3},{"damage":0,"enemies":"Cultist","floor":4,"turns":3},{"damage":0,"enemies":"2 Louse","floor":5,"turns":2},{"damage":0,"enemies":"Large Slime","floor":7,"turns":4},{"damage":4,"enemies":"Exordium Thugs","floor":12,"turns":4},{"damage":15,"enemies":"The Mushroom Lair","floor":13,"turns":4},{"damage":5,"enemies":"Blue Slaver","floor":14,"turns":3},{"damage":24,"enemies":"The Guardian","floor":16,"turns":7},{"damage":18,"enemies":"2 Thieves","floor":18,"turns":3},{"damage":0,"enemies":"Spheric Guardian","floor":22,"turns":1},{"damage":10,"enemies":"Cultist and Chosen","floor":24,"turns":4},{"damage":15,"enemies":"Snecko","floor":27,"turns":4},{"damage":19,"enemies":"Centurion and Healer","floor":28,"turns":6},{"damage":23,"enemies":"Snake Plant","floor":29,"turns":2}],"seed_played":"8706736909129964979","potions_obtained":[{"floor":12,"key":"LiquidBronze"},{"floor":14,"key":"Poison Potion"},{"floor":28,"key":"EssenceOfSteel"}],"is_trial":false,"path_per_floor":["M","?","$","M","M","R","M","R","T","R","?","M","?","M","R","B",null,"M","$","?","?","M","R","M","R","T","M","M","M"],"character_chosen":"DEFECT","items_purchased":["Ball Lightning","DollysMirror"],"campfire_rested":1,"item_purchase_floors":[3,19],"current_hp_per_floor":[72,72,72,72,72,72,72,72,72,72,75,71,56,51,51,27,75,57,57,43,43,43,43,33,57,57,42,23,0],"gold":140,"neow_bonus":"ONE_RANDOM_RARE_CARD","is_prod":false,"is_daily":false,"chose_seed":false,"campfire_upgraded":5,"win_rate":0.0,"timestamp":1556145141,"path_taken":["M","?","$","?","M","R","M","R","T","R","?","?","?","M","R","BOSS","M","$","?","?","M","R","?","R","T","M","M","M"],"build_version":"2019-01-23","purchased_purges":0,"victory":false,"max_hp_per_floor":[75,75,75,75,75,75,75,75,75,75,75,75,75,75,75,75,75,75,75,80,80,80,80,80,80,80,80,80,80],"card_choices":[{"not_picked":["Hologram","Ball Lightning"],"picked":"Melter","floor":1},{"not_picked":["Chaos","Redo"],"picked":"Static Discharge","floor":4},{"not_picked":["Undo","Streamline"],"picked":"Ball Lightning","floor":5},{"not_picked":["Cold Snap","Scrape"],"picked":"Leap","floor":7},{"not_picked":["Hello World","Cold Snap"],"picked":"Ball Lightning","floor":12},{"not_picked":["Static Discharge","Turbo"],"picked":"Barrage","floor":13},{"not_picked":["Conserve Battery","Turbo","Rip and Tear"],"picked":"SKIP","floor":14},{"not_picked":["Meteor Strike","Rainbow"],"picked":"Machine Learning","floor":16},{"not_picked":["Rip and Tear+1"],"picked":"SKIP","floor":18},{"not_picked":["Heatsinks"],"picked":"SKIP","floor":22},{"not_picked":["Compile Driver"],"picked":"SKIP","floor":24},{"not_picked":[],"picked":"Ball Lightning+1","floor":27},{"not_picked":["Sweeping Beam"],"picked":"SKIP","floor":28}],"player_experience":85291,"relics_obtained":[{"floor":9,"key":"PreservedInsect"},{"floor":13,"key":"Odd Mushroom"},{"floor":21,"key":"Du-Vu Doll"},{"floor":26,"key":"Lantern"}],"event_choices":[{"damage_healed":0,"gold_gain":0,"player_choice":"Paid Gold","damage_taken":0,"relics_obtained":["Sundial"],"max_hp_gain":0,"max_hp_loss":0,"event_name":"WeMeetAgain","floor":2,"gold_loss":52},{"damage_healed":3,"gold_gain":0,"player_choice":"Full Heal","damage_taken":0,"max_hp_gain":0,"max_hp_loss":0,"event_name":"Wheel of Change","floor":11,"gold_loss":0},{"damage_healed":0,"gold_gain":0,"player_choice":"Fought Mushrooms","damage_taken":0,"max_hp_gain":0,"max_hp_loss":0,"event_name":"Mushrooms","floor":13,"gold_loss":0},{"damage_healed":0,"gold_gain":0,"player_choice":"Shed Blood","damage_taken":19,"max_hp_gain":5,"max_hp_loss":0,"event_name":"Forgotten Altar","floor":20,"gold_loss":0},{"damage_healed":0,"gold_gain":0,"player_choice":"Relic","damage_taken":0,"max_hp_gain":0,"max_hp_loss":0,"event_name":"Wheel of Change","floor":21,"gold_loss":0}],"is_beta":false,"boss_relics":[{"not_picked":["Calling Bell","Tiny House"],"picked":"Busted Crown"}],"items_purged_floors":[],"is_endless":false,"potions_floor_spawned":[4,12,14,28],"killed_by":"Snake Plant","ascension_level":0}