{"gold_per_floor":[119,119,119,119,119,153,153,182,182,182,196,196,210,7,7,107,107,117,128,128,128,128,128,142,142,219,234,245,245,261,279,279,382,382,392,105,0,275,288,288,299,299,324,324],"floor_reached":44,"playtime":4455,"items_purged":[],"score":588,"play_id":"ad291263-fc2a-4e2c-a631-854605ba75ad","local_time":"20190714024638","is_ascension_mode":true,"campfire_choices":[{"floor":7,"key":"RECALL"},{"data":"Rip and Tear","floor":10,"key":"SMITH"},{"data":"Go for the Eyes","floor":12,"key":"SMITH"},{"data":"Ball Lightning","floor":15,"key":"SMITH"},{"floor":23,"key":"REST"},{"floor":25,"key":"REST"},{"floor":32,"key":"REST"},{"floor":40,"key":"REST"},{"floor":42,"key":"REST"}],"neow_cost":"NONE","seed_source_timestamp":178844476532782,"circlet_count":0,"master_deck":["Strike_B","Strike_B","Strike_B","Defend_B","Defend_B","Defend_B","Defend_B","Zap","Dualcast","Redo","Beam Cell","Rip and Tear+1","Reprogram","Go for the Eyes+1","BootSequence","Gash","Ball Lightning+1","Hyperbeam","FTL+1","Ball Lightning","FTL","Ball Lightning","Compile Driver+1","Gash","Redo","Defragment+1","Conserve Battery","Barrage","Steam+1","Gash","Amplify","Gash","Ball Lightning","Regret","Go for the Eyes+1","Rebound","Parasite","Streamline+1"],"relics":["FrozenCore","NeowsBlessing","Prayer Wheel","Incense Burner","Ancient Tea Set","Runic Capacitor","Mummified Hand","Lizard Tail","Ice Cream","Red Mask","PreservedInsect"],"potions_floor_usage":[18,35,39,39,41],"damage_taken":[{"damage":0,"enemies":"Jaw Worm","floor":1,"turns":1},{"damage":0,"enemies":"3 Sentries","floor":6,"turns":1},{"damage":0,"enemies":"Gremlin Nob","floor":8,"turns":1},{"damage":0,"enemies":"2 Louse","floor":11,"turns":2},{"damage":1,"enemies":"Cultist","floor":13,"turns":3},{"damage":45,"enemies":"The Guardian","floor":16,"turns":8},{"damage":6,"enemies":"Chosen","floor":18,"turns":6},{"damage":26,"enemies":"3 Byrds","floor":19,"turns":5},{"damage":25,"enemies":"Snake Plant","floor":24,"turns":3},{"damage":15,"enemies":"3 Cultists","floor":27,"turns":6},{"damage":8,"enemies":"Centurion and Healer","floor":28,"turns":6},{"damage":14,"enemies":"Cultist and Chosen","floor":30,"turns":5},{"damage":3,"enemies":"Snecko","floor":31,"turns":4},{"damage":9,"enemies":"Automaton","floor":33,"turns":10},{"damage":72,"enemies":"3 Shapes","floor":35,"turns":5},{"damage":17,"enemies":"3 Darklings","floor":39,"turns":5},{"damage":16,"enemies":"Writhing Mass","floor":41,"turns":7},{"damage":64,"enemies":"Reptomancer","floor":44,"turns":2}],"seed_played":"-6138773910150607093","potions_obtained":[{"floor":5,"key":"Block Potion"},{"floor":5,"key":"Strength Potion"},{"floor":5,"key":"Explosive Potion"},{"floor":16,"key":"Fire Potion"},{"floor":18,"key":"Dexterity Potion"},{"floor":39,"key":"Ancient Potion"}],"is_trial":false,"path_per_floor":["M","?","?","?","?","E","R","E","T","R","M","R","M","$","R","B",null,"M","M","$","?","$","R","M","R","T","M","M","T","M","M","R","B",null,"M","$","?","?","M","R","M","R","T","E"],"character_chosen":"DEFECT","items_purchased":["Runic Capacitor","Ice Cream"],"campfire_rested":5,"item_purchase_floors":[14,36],"current_hp_per_floor":[75,75,75,75,75,75,75,75,75,75,75,75,74,74,74,29,75,69,43,43,43,43,65,40,62,62,47,39,39,25,22,44,35,75,3,3,3,3,27,49,33,55,55,0],"gold":324,"neow_bonus":"THREE_ENEMY_KILL","is_prod":false,"is_daily":false,"chose_seed":false,"campfire_upgraded":3,"win_rate":0,"timestamp":1563090398,"path_taken":["M","?","?","?","?","E","R","E","T","R","M","R","M","$","R","BOSS","M","M","$","?","$","R","?","R","T","M","M","?","?","M","R","BOSS","M","$","?","?","M","R","M","R","T","E"],"build_version":"2019-07-05","purchased_purges":0,"victory":false,"max_hp_per_floor":[75,75,75,75,75,75,75,75,75,75,75,75,75,75,75,75,75,75,75,75,75,75,75,75,75,75,75,75,75,75,75,75,75,75,75,75,75,75,75,75,75,75,75,75],"card_choices":[{"not_picked":["Auto Shields","Coolheaded"],"picked":"Redo","floor":1},{"not_picked":["Aggregate","Steam"],"picked":"Rip and Tear","floor":6},{"not_picked":["Turbo","Undo"],"picked":"Reprogram","floor":8},{"not_picked":["Glacier","Capacitor"],"picked":"Go for the Eyes","floor":11},{"not_picked":["Darkness","Force Field"],"picked":"BootSequence","floor":11},{"not_picked":["Streamline","Turbo"],"picked":"Gash","floor":13},{"not_picked":["Doom and Gloom","Leap"],"picked":"Ball Lightning","floor":13},{"not_picked":["Amplify","Creative AI"],"picked":"Hyperbeam","floor":16},{"not_picked":["Undo","Turbo"],"picked":"FTL+1","floor":18},{"not_picked":["Redo","Cold Snap"],"picked":"Ball Lightning","floor":18},{"not_picked":["Defragment","Sunder"],"picked":"FTL","floor":19},{"not_picked":["Hologram","Chill"],"picked":"Ball Lightning","floor":19},{"not_picked":["Barrage","Sweeping Beam"],"picked":"Compile Driver+1","floor":24},{"not_picked":["Turbo","Stack"],"picked":"Gash","floor":24},{"not_picked":["Reinforced Body","Leap"],"picked":"Redo","floor":27},{"not_picked":["Redo","Fusion"],"picked":"Defragment+1","floor":27},{"not_picked":["Capacitor","Steam"],"picked":"Conserve Battery","floor":28},{"not_picked":["Buffer","Hologram+1","Hello World"],"picked":"SKIP","floor":28},{"not_picked":["Leap","Compile Driver"],"picked":"Barrage","floor":30},{"not_picked":["Streamline","Conserve Battery"],"picked":"Steam+1","floor":30},{"not_picked":["Coolheaded","Leap+1"],"picked":"Gash","floor":31},{"not_picked":["Hologram","Storm","Self Repair"],"picked":"SKIP","floor":31},{"not_picked":["Meteor Strike","Reboot"],"picked":"Amplify","floor":33},{"not_picked":["Loop+1","Sweeping Beam"],"picked":"Gash","floor":35},{"not_picked":["Hologram+1","Stack+1"],"picked":"Ball Lightning","floor":35},{"not_picked":["Force Field+1","Redo"],"picked":"Go for the Eyes+1","floor":39},{"not_picked":["Reprogram","Conserve Battery"],"picked":"Rebound","floor":39},{"not_picked":["Heatsinks+1","Go for the Eyes+1"],"picked":"Streamline+1","floor":41},{"not_picked":["Sunder","Double Energy","Steam"],"picked":"SKIP","floor":41}],"player_experience":155912,"relics_obtained":[{"floor":6,"key":"Prayer Wheel"},{"floor":8,"key":"Incense Burner"},{"floor":9,"key":"Ancient Tea Set"},{"floor":29,"key":"Mummified Hand"},{"floor":43,"key":"PreservedInsect"}],"event_choices":[{"damage_healed":0,"gold_gain":0,"player_choice":"Ignored","damage_taken":0,"max_hp_gain":0,"max_hp_loss":0,"event_name":"Shining Light","floor":2,"gold_loss":0},{"damage_healed":0,"gold_gain":0,"cards_transformed":["Strike_B"],"player_choice":"Change","damage_taken":0,"max_hp_gain":0,"max_hp_loss":0,"event_name":"Living Wall","floor":3,"gold_loss":0,"cards_obtained":["Beam Cell"]},{"damage_healed":0,"gold_gain":0,"player_choice":"Leave","damage_taken":0,"max_hp_gain":0,"max_hp_loss":0,"event_name":"The Cleric","floor":4,"gold_loss":0},{"damage_healed":0,"gold_gain":0,"player_choice":"Got Potions","damage_taken":0,"max_hp_gain":0,"max_hp_loss":0,"event_name":"Lab","floor":5,"gold_loss":0},{"damage_healed":0,"gold_gain":0,"player_choice":"Ignored","damage_taken":0,"max_hp_gain":0,"max_hp_loss":0,"event_name":"Purifier","floor":21,"gold_loss":0},{"damage_healed":0,"gold_gain":0,"player_choice":"Paid","damage_taken":0,"relics_obtained":["Red Mask"],"max_hp_gain":0,"max_hp_loss":0,"event_name":"Tomb of Lord Red Mask","floor":37,"gold_loss":105},{"damage_healed":0,"gold_gain":275,"player_choice":"Desecrate","damage_taken":0,"max_hp_gain":0,"max_hp_loss":0,"event_name":"Golden Shrine","floor":38,"gold_loss":0,"cards_obtained":["Regret"]}],"is_beta":false,"boss_relics":[{"not_picked":["Ectoplasm","Astrolabe"],"picked":"FrozenCore"},{"not_picked":["Snecko Eye","Cursed Key"],"picked":"Lizard Tail"}],"items_purged_floors":[],"is_endless":false,"potions_floor_spawned":[16,18,19,27,39],"killed_by":"Reptomancer","ascension_level":2}