{"gold_per_floor":[115,115,128,138,138,173,173,191,191,191,203,223,12,27,27,123,123,142,67,67,86,86,113,113],"floor_reached":24,"playtime":1175,"items_purged":[],"score":218,"play_id":"b54e2232-7458-4774-b024-bf8c6d3f440e","local_time":"20190623235334","is_ascension_mode":false,"campfire_choices":[{"floor":7,"key":"REST"},{"data":"Go for the Eyes","floor":10,"key":"SMITH"},{"floor":15,"key":"REST"}],"neow_cost":"NONE","seed_source_timestamp":126790786732459,"circlet_count":0,"master_deck":["Strike_B+1","Defend_B+1","Defend_B","Defend_B","Zap+1","Dualcast","Ball Lightning","Gash","Go for the Eyes+1","Gash","Thunder Strike","Sweeping Beam","Tempest","Beam Cell","Gash"],"relics":["Cracked Core","Oddly Smooth Stone","Cables","Empty Cage","Bottled Flame"],"potions_floor_usage":[],"damage_taken":[{"damage":7,"enemies":"Small Slimes","floor":1,"turns":3},{"damage":0,"enemies":"Cultist","floor":3,"turns":3},{"damage":5,"enemies":"2 Louse","floor":4,"turns":2},{"damage":15,"enemies":"Gremlin Nob","floor":6,"turns":4},{"damage":0,"enemies":"Looter","floor":8,"turns":2},{"damage":8,"enemies":"Lots of Slimes","floor":11,"turns":3},{"damage":1,"enemies":"Large Slime","floor":12,"turns":3},{"damage":15,"enemies":"Exordium Thugs","floor":14,"turns":3},{"damage":25,"enemies":"Hexaghost","floor":16,"turns":8},{"damage":8,"enemies":"Shell Parasite","floor":18,"turns":4},{"damage":8,"enemies":"3 Byrds","floor":21,"turns":4},{"damage":38,"enemies":"Gremlin Leader","floor":23,"turns":6},{"damage":22,"enemies":"Snake Plant","floor":24,"turns":3}],"seed_played":"-7788765038470729691","potions_obtained":[{"floor":1,"key":"EssenceOfSteel"},{"floor":4,"key":"FocusPotion"},{"floor":8,"key":"SpeedPotion"},{"floor":21,"key":"Fire Potion"}],"is_trial":false,"path_per_floor":["M","?","M","M","?","E","R","M","T","R","M","M","$","M","R","B",null,"M","?","$","M","?","E","M"],"character_chosen":"DEFECT","items_purchased":["Thunder Strike","Sweeping Beam"],"campfire_rested":2,"item_purchase_floors":[13,13],"current_hp_per_floor":[68,53,53,48,48,33,55,55,55,55,47,46,46,31,53,28,75,67,67,67,59,59,21,0],"gold":113,"neow_bonus":"UPGRADE_CARD","is_prod":false,"is_daily":false,"chose_seed":false,"campfire_upgraded":1,"win_rate":0,"timestamp":1561359214,"path_taken":["M","?","M","M","?","E","R","M","T","R","?","M","?","M","R","BOSS","M","?","$","M","?","E","M"],"build_version":"2019-01-23","purchased_purges":0,"victory":false,"max_hp_per_floor":[75,75,75,75,75,75,75,75,75,75,75,75,75,75,75,75,75,75,75,75,75,75,75,75],"card_choices":[{"not_picked":["Steam","Auto Shields"],"picked":"Ball Lightning","floor":1},{"not_picked":["Skim","BootSequence"],"picked":"Gash","floor":3},{"not_picked":["Force Field","FTL","Redo"],"picked":"SKIP","floor":4},{"not_picked":["Steam Power","Sweeping Beam"],"picked":"Go for the Eyes","floor":6},{"not_picked":["Hologram","Heatsinks","Compile Driver"],"picked":"SKIP","floor":8},{"not_picked":["Heatsinks","Doom and Gloom"],"picked":"Gash","floor":11},{"not_picked":["Go for the Eyes","Steam Power","Turbo"],"picked":"SKIP","floor":12},{"not_picked":["Genetic Algorithm","Compile Driver"],"picked":"Tempest","floor":14},{"not_picked":["Reprogram","Rebound","Ball Lightning"],"picked":"SKIP","floor":18},{"not_picked":["Recycle","Blizzard"],"picked":"Beam Cell","floor":21},{"not_picked":["Sweeping Beam","Ball Lightning","Reprogram"],"picked":"SKIP","floor":23}],"player_experience":225600,"relics_obtained":[{"floor":6,"key":"Oddly Smooth Stone"},{"floor":9,"key":"Cables"},{"floor":23,"key":"Bottled Flame"}],"event_choices":[{"damage_healed":0,"gold_gain":0,"player_choice":"Entered Light","damage_taken":15,"max_hp_gain":0,"max_hp_loss":0,"event_name":"Shining Light","floor":2,"gold_loss":0,"cards_upgraded":["Strike_B","Defend_B"]},{"cards_removed":["Strike_B"],"damage_healed":0,"gold_gain":0,"player_choice":"Offered Basic","damage_taken":0,"max_hp_gain":0,"max_hp_loss":0,"event_name":"Bonfire Elementals","floor":5,"gold_loss":0},{"cards_removed":["Defend_B"],"damage_healed":0,"gold_gain":0,"player_choice":"Gave Gold","damage_taken":0,"max_hp_gain":0,"max_hp_loss":0,"event_name":"Beggar","floor":19,"gold_loss":75},{"damage_healed":0,"gold_gain":0,"player_choice":"Read","damage_taken":0,"max_hp_gain":0,"max_hp_loss":0,"event_name":"The Library","floor":22,"gold_loss":0,"cards_obtained":["Gash"]}],"is_beta":false,"boss_relics":[{"not_picked":["Lizard Tail","Runic Pyramid"],"picked":"Empty Cage"}],"items_purged_floors":[],"is_endless":false,"potions_floor_spawned":[1,4,8,11,12,21,23],"killed_by":"Snake Plant","ascension_level":0}