{"gold_per_floor":[110,110,110,129,129,162,162,162],"floor_reached":8,"playtime":364,"items_purged":[],"score":79,"play_id":"136b1ffa-c2d7-4925-958b-a2c8306ec846","local_time":"20190603172220","is_ascension_mode":false,"campfire_choices":[],"neow_cost":"NONE","seed_source_timestamp":270401887097770,"circlet_count":0,"master_deck":["Strike_B","Strike_B","Strike_B","Defend_B","Defend_B","Defend_B","Defend_B","Zap+1","Dualcast","Gash","Regret","Leap"],"relics":["Cracked Core","NeowsBlessing","Mango","Art of War","FossilizedHelix"],"potions_floor_usage":[],"damage_taken":[{"damage":0,"enemies":"Small Slimes","floor":1,"turns":1},{"damage":0,"enemies":"2 Louse","floor":4,"turns":1},{"damage":0,"enemies":"Gremlin Nob","floor":6,"turns":1},{"damage":68,"enemies":"3 Sentries","floor":8,"turns":14}],"seed_played":"7198055045211240459","potions_obtained":[],"is_trial":false,"path_per_floor":["M","?","?","M","?","E","?","E"],"character_chosen":"DEFECT","items_purchased":[],"campfire_rested":0,"item_purchase_floors":[],"current_hp_per_floor":[75,68,64,64,64,64,64,0],"gold":162,"neow_bonus":"THREE_ENEMY_KILL","is_prod":false,"is_daily":false,"chose_seed":false,"campfire_upgraded":0,"win_rate":0,"timestamp":1559607740,"path_taken":["M","?","?","M","?","E","?","E"],"build_version":"2019-01-23","purchased_purges":0,"victory":false,"max_hp_per_floor":[75,75,89,89,89,89,89,89],"card_choices":[{"not_picked":["Conserve Battery","Redo"],"picked":"Gash","floor":1},{"not_picked":["Coolheaded","Steam","Reprogram"],"picked":"SKIP","floor":4},{"not_picked":["Go for the Eyes","Steam"],"picked":"Leap","floor":6}],"player_experience":191395,"relics_obtained":[{"floor":6,"key":"FossilizedHelix"}],"event_choices":[{"cards_removed":["Strike_B"],"damage_healed":0,"gold_gain":0,"player_choice":"Card Removal","damage_taken":7,"max_hp_gain":0,"max_hp_loss":0,"event_name":"Golden Wing","floor":2,"gold_loss":0},{"damage_healed":0,"gold_gain":0,"player_choice":"Success","damage_taken":18,"relics_obtained":["Mango"],"max_hp_gain":0,"max_hp_loss":0,"event_name":"Scrap Ooze","floor":3,"gold_loss":0},{"damage_healed":0,"gold_gain":0,"player_choice":"Box","damage_taken":0,"relics_obtained":["Art of War"],"max_hp_gain":0,"max_hp_loss":0,"event_name":"Big Fish","floor":5,"gold_loss":0,"cards_obtained":["Regret"]},{"damage_healed":0,"gold_gain":0,"player_choice":"Grow","damage_taken":0,"max_hp_gain":0,"max_hp_loss":0,"event_name":"Living Wall","floor":7,"gold_loss":0,"cards_upgraded":["Zap"]}],"is_beta":false,"boss_relics":[],"items_purged_floors":[],"is_endless":false,"potions_floor_spawned":[6],"killed_by":"3 Sentries","ascension_level":0}