{"gold_per_floor":[114,24,39,118,38,38,53,68,118,118,133,148,148,128,128,228,278,293,308,308,323,338,338,353,278,353,353],"floor_reached":27,"playtime":2221,"items_purged":["Hologram"],"score":257,"play_id":"dfd1db24-db53-4a01-9ca4-c8a43fcc55df","local_time":"20190826033302","daily_mods":["SealedDeck","ControlledChaos","Terminal"],"is_ascension_mode":false,"campfire_choices":[{"data":"Sweeping Beam","floor":6,"key":"SMITH"},{"data":"Sunder","floor":10,"key":"SMITH"},{"data":"Coolheaded","floor":13,"key":"SMITH"},{"data":"Hello World","floor":15,"key":"SMITH"}],"neow_cost":"","seed_source_timestamp":1046185510688925,"circlet_count":0,"master_deck":["Steam","Tempest+1","Reinforced Body+1","Melter","Reprogram","Sweeping Beam+1","Self Repair","Steam","Streamline","Hello World+1","Coolheaded+1","Capacitor","Lockon","Loop","Sunder+1","Redo","Thunder Strike","Chill","Doom and Gloom","Steam Power","Genetic Algorithm","Gash+1","Defragment+1","Barrage+1"],"special_seed":18134,"relics":["Cracked Core","Frozen Eye","War Paint","Tiny House","Frozen Egg 2"],"potions_floor_usage":[9],"damage_taken":[{"damage":0,"enemies":"2 Louse","floor":1,"turns":2},{"damage":0,"enemies":"Jaw Worm","floor":3,"turns":3},{"damage":0,"enemies":"Cultist","floor":7,"turns":3},{"damage":5,"enemies":"Blue Slaver","floor":8,"turns":3},{"damage":1,"enemies":"Gremlin Gang","floor":11,"turns":3},{"damage":12,"enemies":"Large Slime","floor":12,"turns":4},{"damage":0,"enemies":"Slime Boss","floor":16,"turns":8},{"damage":0,"enemies":"Spheric Guardian","floor":18,"turns":3},{"damage":0,"enemies":"Chosen","floor":19,"turns":5},{"damage":16,"enemies":"3 Cultists","floor":21,"turns":8},{"damage":25,"enemies":"Snecko","floor":22,"turns":6},{"damage":19,"enemies":"Snake Plant","floor":24,"turns":4},{"damage":7,"enemies":"Shelled Parasite and Fungi","floor":27,"turns":1}],"seed_played":"8790416007848007434","potions_obtained":[{"floor":7,"key":"Fruit Juice"},{"floor":11,"key":"Poison Potion"},{"floor":12,"key":"Block Potion"},{"floor":14,"key":"Strength Potion"},{"floor":18,"key":"Swift Potion"},{"floor":21,"key":"FocusPotion"}],"is_trial":false,"path_per_floor":["M","$","M","?","$","R","M","M","T","R","M","M","R","?","R","B",null,"M","M","?","M","M","?","M","$","T","M"],"character_chosen":"DEFECT","items_purchased":["Coolheaded","Capacitor","Lockon"],"campfire_rested":0,"item_purchase_floors":[2,2,5],"current_hp_per_floor":[73,72,71,70,69,68,67,66,70,69,68,63,63,63,63,63,67,66,65,64,48,23,23,4,4,4,0],"gold":353,"neow_bonus":"","is_prod":false,"is_daily":true,"chose_seed":false,"campfire_upgraded":4,"win_rate":0.0,"timestamp":1566783182,"path_taken":["M","$","M","?","$","R","M","M","T","R","M","M","R","?","R","BOSS","M","M","?","M","M","?","M","$","T","?"],"build_version":"2019-07-17","purchased_purges":1,"victory":false,"max_hp_per_floor":[73,72,71,70,69,68,67,66,70,69,68,67,66,65,64,63,67,66,65,64,63,62,61,60,59,58,58],"card_choices":[{"not_picked":["Hologram","Lockon"],"picked":"Hello World","floor":1},{"not_picked":["Beam Cell","Hello World"],"picked":"Streamline","floor":3},{"not_picked":["Compile Driver","Rip and Tear"],"picked":"Loop","floor":7},{"not_picked":["BootSequence","Turbo"],"picked":"Sunder","floor":8},{"not_picked":["Streamline","Turbo"],"picked":"Redo","floor":11},{"not_picked":["Aggregate","Blizzard"],"picked":"Hologram","floor":12},{"not_picked":["Buffer","Fission"],"picked":"Thunder Strike","floor":16},{"not_picked":["Self Repair","Scrape"],"picked":"Chill","floor":17},{"not_picked":["Double Energy","Scrape"],"picked":"Undo","floor":18},{"not_picked":["Streamline","Compile Driver+1"],"picked":"Doom and Gloom","floor":19},{"not_picked":["Hologram","Go for the Eyes"],"picked":"Gash+1","floor":21},{"not_picked":["Conserve Battery","Consume"],"picked":"Defragment+1","floor":22},{"not_picked":["Steam","Conserve Battery"],"picked":"Barrage+1","floor":24}],"player_experience":13289,"relics_obtained":[{"floor":9,"key":"War Paint"},{"floor":26,"key":"Frozen Egg 2"}],"event_choices":[{"damage_healed":0,"gold_gain":79,"player_choice":"Gained Gold","damage_taken":0,"max_hp_gain":0,"max_hp_loss":0,"event_name":"Golden Wing","floor":4,"gold_loss":0},{"damage_healed":0,"gold_gain":0,"player_choice":"Bought 1 Potion","damage_taken":0,"max_hp_gain":0,"max_hp_loss":0,"event_name":"The Woman in Blue","floor":14,"gold_loss":0},{"damage_healed":0,"gold_gain":0,"cards_transformed":["Streamline","Rebound"],"player_choice":"Became Test Subject","damage_taken":0,"max_hp_gain":0,"max_hp_loss":0,"event_name":"Drug Dealer","floor":20,"gold_loss":0,"cards_obtained":["Steam Power","Genetic Algorithm"]},{"cards_removed":["Undo"],"damage_healed":0,"gold_gain":0,"player_choice":"Purged","damage_taken":0,"max_hp_gain":0,"max_hp_loss":0,"event_name":"Purifier","floor":23,"gold_loss":0}],"is_beta":false,"boss_relics":[{"not_picked":["Eternal Feather","Snecko Eye"],"picked":"Tiny House"}],"items_purged_floors":[25],"is_endless":false,"potions_floor_spawned":[7,11,12,16,18,21],"killed_by":"Shelled Parasite and Fungi","ascension_level":0}