{"gold_per_floor":[119,198,198,54,104,104,137,155,178,211,231,231,181,181,181,305,305,329,329,329,21,21,21,61,61,86,111,154,0,12,24,36,48],"floor_reached":33,"playtime":3152,"items_purged":["Injury","Pain"],"score":330,"play_id":"7c81b1bb-3b22-44e3-a660-ab756db264a0","local_time":"20190730231500","is_ascension_mode":true,"campfire_choices":[{"data":"Clash","floor":6,"key":"SMITH"},{"data":"Anger","floor":15,"key":"SMITH"},{"floor":23,"key":"REST"},{"floor":25,"key":"REST"},{"floor":32,"key":"REST"}],"neow_cost":"NONE","seed_source_timestamp":1636293168146082,"circlet_count":0,"master_deck":["Strike_R","Strike_R","Strike_R","Strike_R","Strike_R","Defend_R","Defend_R","Defend_R+1","Defend_R+1","Bash","Clash+1","Inflame","Pommel Strike","Anger+1","Perfected Strike","Cleave+1","Twin Strike+1","Anger+1","Pommel Strike+1","Shame"],"relics":["Burning Blood","NeowsBlessing","Golden Idol","Juzu Bracelet","Red Skull","Blood Vial","Smiling Mask","Odd Mushroom","WarpedTongs","Runic Pyramid","Pen Nib","Matryoshka","Boot","Molten Egg 2","Vajra","War Paint","Art of War","MawBank","Anchor"],"potions_floor_usage":[16,18,24,33,33],"damage_taken":[{"damage":0,"enemies":"2 Louse","floor":1,"turns":1},{"damage":0,"enemies":"Gremlin Nob","floor":7,"turns":1},{"damage":0,"enemies":"Jaw Worm","floor":8,"turns":1},{"damage":19,"enemies":"The Mushroom Lair","floor":10,"turns":4},{"damage":1,"enemies":"Cultist","floor":11,"turns":3},{"damage":71,"enemies":"Hexaghost","floor":16,"turns":8},{"damage":48,"enemies":"3 Byrds","floor":18,"turns":6},{"damage":27,"enemies":"Gremlin Leader","floor":24,"turns":6},{"damage":0,"enemies":"Spheric Guardian","floor":27,"turns":3},{"damage":47,"enemies":"Book of Stabbing","floor":28,"turns":5},{"damage":88,"enemies":"Collector","floor":33,"turns":8}],"seed_played":"-7109084279486524689","potions_obtained":[{"floor":8,"key":"Block Potion"},{"floor":11,"key":"Block Potion"},{"floor":12,"key":"PowerPotion"},{"floor":18,"key":"BloodPotion"},{"floor":28,"key":"GamblersBrew"}],"is_trial":false,"path_per_floor":["M","?","?","$","T","R","E","M","T","?","M","?","$","?","R","B",null,"M","?","?","$","T","R","E","R","T","M","E","?","?","$","R","B"],"character_chosen":"IRONCLAD","items_purchased":["Juzu Bracelet","Matryoshka"],"campfire_rested":3,"item_purchase_floors":[4,21],"current_hp_per_floor":[80,80,80,80,80,80,80,80,80,67,74,74,74,74,74,11,80,42,42,42,42,42,66,47,71,71,79,39,39,39,39,63,0],"gold":48,"neow_bonus":"THREE_ENEMY_KILL","is_prod":false,"is_daily":false,"chose_seed":false,"campfire_upgraded":2,"win_rate":0,"timestamp":1564546500,"path_taken":["M","?","?","?","?","R","E","M","T","?","M","?","$","?","R","BOSS","M","?","?","?","?","R","E","R","T","M","E","?","?","$","R","BOSS"],"build_version":"2019-07-17","purchased_purges":2,"victory":false,"max_hp_per_floor":[80,80,80,80,80,80,80,80,80,80,80,80,80,80,80,80,80,80,80,80,80,80,80,80,80,80,80,80,80,80,80,80,80],"card_choices":[{"not_picked":["Pummel","Pommel Strike"],"picked":"Clash","floor":1},{"not_picked":["Power Through","Sword Boomerang"],"picked":"Inflame","floor":7},{"not_picked":["Shrug It Off","Metallicize"],"picked":"Pommel Strike","floor":8},{"not_picked":["Flex","Berserk"],"picked":"Anger","floor":10},{"not_picked":["Blood for Blood","Iron Wave"],"picked":"Perfected Strike","floor":11},{"not_picked":["Fiend Fire","Offering"],"picked":"Reaper","floor":16},{"not_picked":["Carnage","Flex"],"picked":"Cleave","floor":18},{"not_picked":["Flame Barrier","Whirlwind+1"],"picked":"Twin Strike+1","floor":24},{"not_picked":["Cleave+1","Iron Wave+1"],"picked":"Anger+1","floor":27},{"not_picked":["True Grit","Fire Breathing"],"picked":"Pommel Strike+1","floor":28}],"player_experience":243017,"relics_obtained":[{"floor":5,"key":"Red Skull"},{"floor":7,"key":"Blood Vial"},{"floor":9,"key":"Smiling Mask"},{"floor":10,"key":"Odd Mushroom"},{"floor":22,"key":"Boot"},{"floor":22,"key":"Molten Egg 2"},{"floor":24,"key":"Vajra"},{"floor":26,"key":"War Paint"},{"floor":26,"key":"Art of War"},{"floor":28,"key":"MawBank"}],"event_choices":[{"damage_healed":0,"gold_gain":79,"player_choice":"Gained Gold","damage_taken":0,"max_hp_gain":0,"max_hp_loss":0,"event_name":"Golden Wing","floor":2,"gold_loss":0},{"damage_healed":0,"gold_gain":0,"player_choice":"Take Wound","damage_taken":0,"relics_obtained":["Golden Idol"],"max_hp_gain":0,"max_hp_loss":0,"event_name":"Golden Idol","floor":3,"gold_loss":0,"cards_obtained":["Injury"]},{"damage_healed":0,"gold_gain":0,"player_choice":"Fought Mushrooms","damage_taken":0,"max_hp_gain":0,"max_hp_loss":0,"event_name":"Mushrooms","floor":10,"gold_loss":0},{"damage_healed":0,"gold_gain":0,"player_choice":"Got Potions","damage_taken":0,"max_hp_gain":0,"max_hp_loss":0,"event_name":"Lab","floor":12,"gold_loss":0},{"damage_healed":0,"gold_gain":0,"player_choice":"Rummage","damage_taken":0,"relics_obtained":["WarpedTongs"],"max_hp_gain":0,"max_hp_loss":0,"event_name":"Accursed Blacksmith","floor":14,"gold_loss":0,"cards_obtained":["Pain"]},{"damage_healed":0,"gold_gain":0,"player_choice":"Upgraded","damage_taken":0,"max_hp_gain":0,"max_hp_loss":0,"event_name":"Upgrade Shrine","floor":19,"gold_loss":0,"cards_upgraded":["Cleave"]},{"cards_removed":["Reaper"],"damage_healed":0,"gold_gain":0,"player_choice":"Gave Card","damage_taken":0,"relics_obtained":["Pen Nib"],"max_hp_gain":0,"max_hp_loss":0,"event_name":"WeMeetAgain","floor":20,"gold_loss":0},{"damage_healed":0,"gold_gain":0,"player_choice":"Paid Fearfully","damage_taken":0,"max_hp_gain":0,"max_hp_loss":0,"event_name":"Masked Bandits","floor":29,"gold_loss":166},{"damage_healed":0,"gold_gain":0,"player_choice":"Stole Relic","damage_taken":0,"relics_obtained":["Anchor"],"max_hp_gain":0,"max_hp_loss":0,"event_name":"Addict","floor":30,"gold_loss":0,"cards_obtained":["Shame"]}],"is_beta":false,"boss_relics":[{"not_picked":["Velvet Choker","Empty Cage"],"picked":"Runic Pyramid"}],"items_purged_floors":[13,21],"is_endless":false,"potions_floor_spawned":[8,11,18,28],"killed_by":"Collector","ascension_level":2}