{"gold_per_floor":[364,32,45,55,55,91,91,91,168,207,222,222],"floor_reached":12,"playtime":228,"items_purged":[],"score":176,"play_id":"c2783047-7264-410d-8541-4c0bbc33c927","local_time":"20190819130239","is_ascension_mode":true,"campfire_choices":[{"data":"Zap","floor":7,"key":"SMITH"}],"neow_cost":"TEN_PERCENT_HP_LOSS","seed_source_timestamp":1885998829393340,"circlet_count":0,"master_deck":["AscendersBane","Strike_B","Strike_B","Strike_B","Strike_B","Defend_B","Defend_B","Defend_B","Defend_B","Zap+1","Dualcast","Cold Snap","Turbo","Ball Lightning","Recycle","Reboot","Cold Snap"],"relics":["Cracked Core","Membership Card","Omamori","Golden Idol","Centennial Puzzle","Nunchaku","Gremlin Horn","Matryoshka"],"potions_floor_usage":[6,12],"damage_taken":[{"damage":3,"enemies":"Small Slimes","floor":1,"turns":3},{"damage":7,"enemies":"2 Louse","floor":3,"turns":3},{"damage":4,"enemies":"Cultist","floor":4,"turns":3},{"damage":9,"enemies":"Gremlin Nob","floor":6,"turns":3},{"damage":18,"enemies":"Lagavulin","floor":10,"turns":7},{"damage":10,"enemies":"2 Fungi Beasts","floor":11,"turns":3},{"damage":6,"enemies":"Large Slime","floor":12,"turns":1}],"seed_played":"-442201765694419381","potions_obtained":[{"floor":4,"key":"Fire Potion"},{"floor":11,"key":"SpeedPotion"}],"is_trial":false,"path_per_floor":["M","$","M","M","?","E","R","?","T","E","M","M"],"character_chosen":"DEFECT","items_purchased":["Membership Card","Omamori","Turbo"],"campfire_rested":0,"item_purchase_floors":[2,2,2],"current_hp_per_floor":[61,61,54,50,50,41,41,30,30,12,2,0],"gold":222,"neow_bonus":"TWO_FIFTY_GOLD","is_prod":false,"is_daily":false,"chose_seed":false,"campfire_upgraded":1,"win_rate":0,"timestamp":1566190959,"path_taken":["M","$","M","M","?","E","R","?","T","E","M","M"],"build_version":"2019-07-17","purchased_purges":0,"victory":false,"max_hp_per_floor":[64,64,64,64,58,58,58,58,58,58,58,58],"card_choices":[{"not_picked":["Steam","Conserve Battery"],"picked":"Cold Snap","floor":1},{"not_picked":["Rebound","Compile Driver"],"picked":"Ball Lightning","floor":3},{"not_picked":["Static Discharge","Barrage","Capacitor"],"picked":"SKIP","floor":4},{"not_picked":["Streamline","Go for the Eyes"],"picked":"Recycle","floor":6},{"not_picked":["Tempest","Hyperbeam"],"picked":"Reboot","floor":10},{"not_picked":["Rebound","Steam Power","Cold Snap"],"picked":"SKIP","floor":11},{"not_picked":["Rebound","Steam Power"],"picked":"Cold Snap","floor":11}],"player_experience":2206120,"relics_obtained":[{"floor":6,"key":"Centennial Puzzle"},{"floor":9,"key":"Gremlin Horn"},{"floor":10,"key":"Matryoshka"}],"event_choices":[{"damage_healed":0,"gold_gain":0,"player_choice":"Lose Max HP","damage_taken":0,"relics_obtained":["Golden Idol"],"max_hp_gain":0,"max_hp_loss":6,"event_name":"Golden Idol","floor":5,"gold_loss":0},{"damage_healed":0,"gold_gain":0,"player_choice":"Success","damage_taken":11,"relics_obtained":["Nunchaku"],"max_hp_gain":0,"max_hp_loss":0,"event_name":"Scrap Ooze","floor":8,"gold_loss":0}],"is_beta":false,"boss_relics":[],"items_purged_floors":[],"is_endless":false,"potions_floor_spawned":[4,11],"killed_by":"Large Slime","ascension_level":20}