{"gold_per_floor":[110,126,126,145,158,158,183,196,220,220,233,253,253,264,264,360,360,378,389,406,406],"floor_reached":21,"playtime":1954,"items_purged":[],"score":196,"play_id":"2ba78243-d8ee-4f6c-a767-a51cdf4e9cb7","local_time":"20190901150321","is_ascension_mode":true,"campfire_choices":[{"data":"Flex","floor":6,"key":"SMITH"},{"data":"Bash","floor":10,"key":"SMITH"},{"data":"Pommel Strike","floor":13,"key":"SMITH"},{"data":"Flex","floor":15,"key":"SMITH"}],"neow_cost":"NONE","seed_source_timestamp":384665233516700,"circlet_count":0,"master_deck":["Strike_R","Strike_R","Strike_R","Strike_R","Defend_R","Bash+1","Pommel Strike+1","Spot Weakness+1","Flex+1","Flex+1","Anger","Warcry","Carnage","Reckless Charge+1","Entrench+1","Thunderclap+1","Twin Strike+1"],"relics":["Burning Blood","Bag of Preparation","Omamori","Astrolabe"],"potions_floor_usage":[8],"damage_taken":[{"damage":4,"enemies":"Jaw Worm","floor":1,"turns":5},{"damage":5,"enemies":"Cultist","floor":2,"turns":4},{"damage":2,"enemies":"2 Louse","floor":4,"turns":3},{"damage":11,"enemies":"2 Fungi Beasts","floor":5,"turns":3},{"damage":30,"enemies":"3 Sentries","floor":7,"turns":7},{"damage":3,"enemies":"Exordium Thugs","floor":8,"turns":3},{"damage":7,"enemies":"3 Louse","floor":11,"turns":3},{"damage":6,"enemies":"Exordium Wildlife","floor":12,"turns":3},{"damage":17,"enemies":"Gremlin Gang","floor":14,"turns":4},{"damage":21,"enemies":"Slime Boss","floor":16,"turns":8},{"damage":10,"enemies":"Spheric Guardian","floor":18,"turns":3},{"damage":10,"enemies":"Chosen","floor":19,"turns":4},{"damage":52,"enemies":"Shelled Parasite and Fungi","floor":20,"turns":4},{"damage":29,"enemies":"Chosen and Byrds","floor":21,"turns":4}],"seed_played":"6342994098360733167","potions_obtained":[{"floor":4,"key":"PowerPotion"},{"floor":5,"key":"Energy Potion"},{"floor":8,"key":"AttackPotion"},{"floor":16,"key":"SmokeBomb"},{"floor":20,"key":"Strength Potion"}],"is_trial":false,"path_per_floor":["M","M","?","M","M","R","E","M","T","R","M","M","R","M","R","B",null,"M","M","M","M"],"character_chosen":"IRONCLAD","items_purchased":[],"campfire_rested":0,"item_purchase_floors":[],"current_hp_per_floor":[80,80,80,80,75,75,51,54,54,54,53,53,53,42,42,27,80,76,72,26,0],"gold":406,"neow_bonus":"REMOVE_CARD","is_prod":false,"is_daily":false,"chose_seed":false,"campfire_upgraded":4,"win_rate":0,"timestamp":1567364601,"path_taken":["M","M","?","M","M","R","E","M","T","R","M","M","R","M","R","BOSS","M","M","?","M"],"build_version":"2019-07-17","purchased_purges":0,"victory":false,"max_hp_per_floor":[80,80,80,80,80,80,80,80,80,80,80,80,80,80,80,80,80,80,80,80,80],"card_choices":[{"not_picked":["Heavy Blade","Havoc"],"picked":"Pommel Strike","floor":1},{"not_picked":["Entrench","Twin Strike"],"picked":"Spot Weakness","floor":2},{"not_picked":["True Grit","Perfected Strike","Wild Strike"],"picked":"SKIP","floor":4},{"not_picked":["Iron Wave","Sever Soul"],"picked":"Flex","floor":5},{"not_picked":["Offering","Feel No Pain"],"picked":"Flex","floor":7},{"not_picked":["Dual Wield","Power Through"],"picked":"Anger","floor":8},{"not_picked":["Thunderclap","Flex"],"picked":"Warcry","floor":11},{"not_picked":["Clothesline","Corruption"],"picked":"Carnage","floor":12},{"not_picked":["Burning Pact","Twin Strike","Offering"],"picked":"SKIP","floor":14},{"not_picked":["Armaments+1","Flex","Hemokinesis"],"picked":"SKIP","floor":18},{"not_picked":["Wild Strike","Pummel+1","Anger"],"picked":"SKIP","floor":19},{"not_picked":["Perfected Strike","Sword Boomerang+1"],"picked":"Twin Strike+1","floor":20}],"player_experience":63881,"relics_obtained":[{"floor":7,"key":"Bag of Preparation"},{"floor":9,"key":"Omamori"}],"event_choices":[{"damage_healed":0,"gold_gain":0,"player_choice":"Forge","damage_taken":0,"max_hp_gain":0,"max_hp_loss":0,"event_name":"Accursed Blacksmith","floor":3,"gold_loss":0,"cards_upgraded":["Spot Weakness"]}],"is_beta":false,"boss_relics":[{"not_picked":["Philosopher\u0027s Stone","Cursed Key"],"picked":"Astrolabe"}],"items_purged_floors":[],"is_endless":false,"potions_floor_spawned":[4,5,8,16,20],"killed_by":"Chosen and Byrds","ascension_level":1}