{"gold_per_floor":[212,223,236,236,254,254,283,283,332,332,142,170,170,22,22,22],"floor_reached":16,"playtime":871,"items_purged":["Strike_G","Strike_G"],"score":108,"play_id":"45f21aef-26ae-4036-9555-1d6e8cefafd2","local_time":"20190901012823","is_ascension_mode":false,"campfire_choices":[{"data":"After Image","floor":6,"key":"SMITH"},{"floor":8,"key":"REST"},{"floor":15,"key":"REST"}],"neow_cost":"NONE","seed_source_timestamp":1562870704838187,"circlet_count":0,"master_deck":["Strike_G","Strike_G","Strike_G","Defend_G","Defend_G","Defend_G","Defend_G","Defend_G","Survivor","Neutralize","Flying Knee","Cloak And Dagger","Deflect","After Image+1","Backflip","Dagger Spray","Caltrops","PiercingWail"],"relics":["Ring of the Snake","Bottled Flame","Centennial Puzzle","Tingsha","Anchor"],"potions_floor_usage":[12,16],"damage_taken":[{"damage":0,"enemies":"Cultist","floor":1,"turns":4},{"damage":0,"enemies":"Jaw Worm","floor":2,"turns":4},{"damage":0,"enemies":"2 Louse","floor":3,"turns":3},{"damage":1,"enemies":"Lots of Slimes","floor":5,"turns":8},{"damage":34,"enemies":"Lagavulin","floor":7,"turns":12},{"damage":32,"enemies":"Gremlin Nob","floor":12,"turns":7},{"damage":47,"enemies":"Slime Boss","floor":16,"turns":18}],"seed_played":"5352079595759962588","potions_obtained":[{"floor":1,"key":"Dexterity Potion"},{"floor":7,"key":"Block Potion"}],"is_trial":false,"path_per_floor":["M","M","M","?","M","R","E","R","T","T","$","E","?","$","R","B"],"character_chosen":"THE_SILENT","items_purchased":["Dagger Spray","Caltrops","PiercingWail"],"campfire_rested":2,"item_purchase_floors":[11,11,14],"current_hp_per_floor":[70,70,70,70,69,69,35,56,56,56,56,24,24,24,45,0],"gold":22,"neow_bonus":"HUNDRED_GOLD","is_prod":false,"is_daily":false,"chose_seed":false,"campfire_upgraded":1,"win_rate":0,"timestamp":1567294103,"path_taken":["M","M","M","?","M","R","E","R","T","?","$","E","?","$","R","BOSS"],"build_version":"2019-07-17","purchased_purges":2,"victory":false,"max_hp_per_floor":[70,70,70,70,70,70,70,70,70,70,70,70,70,70,70,70],"card_choices":[{"not_picked":["Calculated Gamble","Quick Slash"],"picked":"Flying Knee","floor":1},{"not_picked":["Flying Knee","Slice"],"picked":"Cloak And Dagger","floor":2},{"not_picked":["Bane","Skewer"],"picked":"Deflect","floor":3},{"not_picked":["Sucker Punch","Concentrate"],"picked":"After Image","floor":5},{"not_picked":["Deflect","Bane"],"picked":"Backflip","floor":7},{"not_picked":["Predator","Dagger Spray","Dagger Throw"],"picked":"SKIP","floor":12}],"player_experience":116523,"relics_obtained":[{"floor":7,"key":"Bottled Flame"},{"floor":9,"key":"Centennial Puzzle"},{"floor":10,"key":"Tingsha"},{"floor":12,"key":"Anchor"}],"event_choices":[{"damage_healed":0,"gold_gain":0,"player_choice":"Ignored","damage_taken":0,"max_hp_gain":0,"max_hp_loss":0,"event_name":"Shining Light","floor":4,"gold_loss":0},{"damage_healed":0,"gold_gain":0,"player_choice":"Leave","damage_taken":0,"max_hp_gain":0,"max_hp_loss":0,"event_name":"FaceTrader","floor":13,"gold_loss":0}],"is_beta":false,"boss_relics":[],"items_purged_floors":[11,14],"is_endless":false,"potions_floor_spawned":[1,7],"killed_by":"Slime Boss","ascension_level":0}