{"gold_per_floor":[111,126,126,140,215,243,98,98,123,139,139,173,173,185,185,282,282,295,310,225,250,261,261,287,297,297,397,415,430,79,98,98,196,196,213,6,6,106,124,157,157,167,193,217,288,288,306,321,321,321],"floor_reached":51,"playtime":6117,"items_purged":[],"score":746,"play_id":"bd265c6a-d047-4418-9daf-eb41df33db85","local_time":"20190801003646","is_ascension_mode":true,"campfire_choices":[{"floor":11,"key":"REST"},{"floor":13,"key":"REST"},{"data":"Terror","floor":15,"key":"SMITH"},{"floor":23,"key":"REST"},{"floor":32,"key":"REST"},{"floor":41,"key":"REST"},{"floor":49,"key":"REST"}],"neow_cost":"NONE","seed_source_timestamp":1724620279960119,"circlet_count":0,"master_deck":["Survivor","Terror+1","Leg Sweep","Caltrops","Deflect","Blind","Flying Knee","Slice","Distraction","Envenom","Storm of Steel","Expertise","Dodge and Roll","Quick Slash","Masterful Stab","Unload","Skewer","Crippling Poison","Tools of the Trade","Dodge and Roll","Predator","Predator","Deadly Poison","Catalyst","Outmaneuver","Eviscerate+1","Cloak And Dagger","Leg Sweep","Dagger Spray","Envenom","Backflip+1","Cloak And Dagger+1","Backflip+1","Flechettes+1","Underhanded Strike+1","Catalyst","Bane+1"],"relics":["Busted Crown","Potion Belt","Regal Pillow","Vajra","Centennial Puzzle","Boot","Pandora\u0027s Box","PreservedInsect","Red Mask","Bag of Preparation","Bottled Lightning","Torii","Sundial","Lee\u0027s Waffle","Happy Flower","Lizard Tail","Sling","FossilizedHelix","Question Card","Juzu Bracelet","Pen Nib","Blue Candle"],"potions_floor_usage":[16,21,22,22,29,33,33,33,33,50,50,50],"damage_taken":[{"damage":0,"enemies":"Small Slimes","floor":1,"turns":4},{"damage":0,"enemies":"Jaw Worm","floor":2,"turns":3},{"damage":0,"enemies":"Cultist","floor":4,"turns":3},{"damage":16,"enemies":"Lagavulin","floor":6,"turns":8},{"damage":1,"enemies":"3 Louse","floor":10,"turns":4},{"damage":33,"enemies":"Gremlin Nob","floor":12,"turns":5},{"damage":0,"enemies":"Blue Slaver","floor":14,"turns":3},{"damage":16,"enemies":"Hexaghost","floor":16,"turns":9},{"damage":11,"enemies":"Shell Parasite","floor":18,"turns":5},{"damage":28,"enemies":"2 Thieves","floor":19,"turns":4},{"damage":12,"enemies":"Masked Bandits","floor":21,"turns":4},{"damage":1,"enemies":"Snecko","floor":22,"turns":4},{"damage":15,"enemies":"Snake Plant","floor":25,"turns":3},{"damage":26,"enemies":"Colosseum Slavers","floor":27,"turns":3},{"damage":3,"enemies":"Colosseum Nobs","floor":27,"turns":4},{"damage":18,"enemies":"Centurion and Healer","floor":28,"turns":4},{"damage":3,"enemies":"Chosen and Byrds","floor":29,"turns":3},{"damage":13,"enemies":"Shelled Parasite and Fungi","floor":31,"turns":3},{"damage":78,"enemies":"Collector","floor":33,"turns":6},{"damage":25,"enemies":"3 Shapes","floor":35,"turns":4},{"damage":0,"enemies":"Mind Bloom Boss Battle","floor":38,"turns":3},{"damage":20,"enemies":"3 Darklings","floor":39,"turns":6},{"damage":10,"enemies":"Giant Head","floor":40,"turns":6},{"damage":10,"enemies":"4 Shapes","floor":42,"turns":4},{"damage":1,"enemies":"Maw","floor":47,"turns":6},{"damage":13,"enemies":"3 Darklings","floor":48,"turns":5},{"damage":133,"enemies":"Donu and Deca","floor":50,"turns":10}],"seed_played":"7101727643114404149","potions_obtained":[{"floor":1,"key":"Strength Potion"},{"floor":2,"key":"Strength Potion"},{"floor":10,"key":"EssenceOfSteel"},{"floor":19,"key":"Fruit Juice"},{"floor":21,"key":"Fruit Juice"},{"floor":22,"key":"Fruit Juice"},{"floor":28,"key":"Fire Potion"},{"floor":31,"key":"Poison Potion"},{"floor":33,"key":"Fruit Juice"},{"floor":39,"key":"Strength Potion"},{"floor":47,"key":"Regen Potion"},{"floor":48,"key":"Block Potion"}],"is_trial":false,"path_per_floor":["M","M","?","M","?","E","$","?","T","M","R","E","R","M","R","B",null,"M","M","?","?","M","R","T","M","T","?","M","M","$","M","R","B",null,"M","$","?","?","M","E","R","M","T","T","T","?","M","M","R","B",null],"character_chosen":"THE_SILENT","items_purchased":["Vajra","Lee\u0027s Waffle","Happy Flower","Sling"],"campfire_rested":6,"item_purchase_floors":[7,30,30,36],"current_hp_per_floor":[70,70,58,58,47,31,31,31,31,30,66,33,69,69,69,53,70,59,31,31,24,33,73,73,58,58,29,11,8,92,79,92,19,97,72,72,72,72,52,42,86,76,76,76,76,76,75,62,97,29],"gold":321,"neow_bonus":"BOSS_RELIC","is_prod":false,"is_daily":false,"chose_seed":false,"campfire_upgraded":1,"win_rate":0,"timestamp":1564637806,"path_taken":["M","M","?","M","?","E","?","?","T","M","R","E","R","M","R","BOSS","M","M","?","?","M","R","?","M","T","?","M","?","$","M","R","BOSS","M","$","?","?","M","E","R","M","T","?","?","?","M","M","R","BOSS"],"build_version":"2019-07-17","purchased_purges":0,"victory":true,"max_hp_per_floor":[70,70,70,70,70,70,70,70,70,70,70,70,70,70,70,70,70,70,70,70,75,85,85,85,85,85,85,85,85,92,92,92,97,97,97,97,97,97,97,97,97,97,97,97,97,97,97,97,97,97],"card_choices":[{"not_picked":[],"picked":"Terror","floor":1},{"not_picked":[],"picked":"Leg Sweep","floor":2},{"not_picked":[],"picked":"Caltrops","floor":4},{"not_picked":[],"picked":"Deflect","floor":6},{"not_picked":[],"picked":"Flying Knee","floor":10},{"not_picked":[],"picked":"Slice","floor":12},{"not_picked":[],"picked":"Distraction","floor":14},{"not_picked":[],"picked":"Envenom","floor":16},{"not_picked":[],"picked":"Predator","floor":18},{"not_picked":[],"picked":"Predator","floor":19},{"not_picked":[],"picked":"Deadly Poison","floor":21},{"not_picked":[],"picked":"Catalyst","floor":22},{"not_picked":[],"picked":"Outmaneuver","floor":25},{"not_picked":[],"picked":"Eviscerate+1","floor":27},{"not_picked":[],"picked":"Cloak And Dagger","floor":28},{"not_picked":[],"picked":"Leg Sweep","floor":29},{"not_picked":[],"picked":"Dagger Spray","floor":31},{"not_picked":[],"picked":"Envenom","floor":33},{"not_picked":[],"picked":"Backflip+1","floor":35},{"not_picked":[],"picked":"Cloak And Dagger+1","floor":38},{"not_picked":[],"picked":"Backflip+1","floor":39},{"not_picked":[],"picked":"Flechettes+1","floor":40},{"not_picked":["Deflect+1"],"picked":"Underhanded Strike+1","floor":42},{"not_picked":["Deflect+1"],"picked":"Catalyst","floor":47},{"not_picked":["Eviscerate"],"picked":"Bane+1","floor":48}],"player_experience":254048,"relics_obtained":[{"floor":6,"key":"Regal Pillow"},{"floor":9,"key":"Centennial Puzzle"},{"floor":12,"key":"Boot"},{"floor":21,"key":"Red Mask"},{"floor":24,"key":"Bag of Preparation"},{"floor":26,"key":"Bottled Lightning"},{"floor":27,"key":"Torii"},{"floor":27,"key":"Sundial"},{"floor":38,"key":"FossilizedHelix"},{"floor":40,"key":"Question Card"},{"floor":43,"key":"Juzu Bracelet"},{"floor":44,"key":"Pen Nib"},{"floor":45,"key":"Blue Candle"}],"event_choices":[{"damage_healed":0,"gold_gain":0,"player_choice":"Success","damage_taken":12,"relics_obtained":["Potion Belt"],"max_hp_gain":0,"max_hp_loss":0,"event_name":"Scrap Ooze","floor":3,"gold_loss":0},{"damage_healed":0,"gold_gain":75,"player_choice":"Gather Gold","damage_taken":11,"max_hp_gain":0,"max_hp_loss":0,"event_name":"World of Goop","floor":5,"gold_loss":0},{"damage_healed":0,"gold_gain":0,"player_choice":"1 cards matched","damage_taken":0,"max_hp_gain":0,"max_hp_loss":0,"event_name":"Match and Keep!","floor":8,"gold_loss":0,"cards_obtained":["Blind"]},{"damage_healed":0,"gold_gain":0,"player_choice":"Obtained Relic","damage_taken":0,"relics_obtained":["PreservedInsect"],"max_hp_gain":0,"max_hp_loss":0,"event_name":"Addict","floor":20,"gold_loss":85},{"damage_healed":0,"gold_gain":0,"player_choice":"Fought Bandits","damage_taken":0,"max_hp_gain":0,"max_hp_loss":0,"event_name":"Masked Bandits","floor":21,"gold_loss":0},{"damage_healed":0,"gold_gain":0,"player_choice":"Fight","damage_taken":0,"max_hp_gain":0,"max_hp_loss":0,"event_name":"Colosseum","floor":27,"gold_loss":0},{"damage_healed":0,"gold_gain":0,"player_choice":"Fought Nobs","damage_taken":0,"max_hp_gain":0,"max_hp_loss":0,"event_name":"Colosseum","floor":27,"gold_loss":0},{"cards_removed":["Neutralize"],"damage_healed":0,"gold_gain":0,"player_choice":"Removed Attack","damage_taken":0,"max_hp_gain":0,"max_hp_loss":0,"event_name":"Falling","floor":37,"gold_loss":0},{"damage_healed":0,"gold_gain":0,"player_choice":"Fight","damage_taken":0,"max_hp_gain":0,"max_hp_loss":0,"event_name":"MindBloom","floor":38,"gold_loss":0},{"damage_healed":0,"gold_gain":0,"player_choice":"Ignored","damage_taken":0,"max_hp_gain":0,"max_hp_loss":0,"event_name":"Mysterious Sphere","floor":46,"gold_loss":0}],"is_beta":false,"boss_relics":[{"not_picked":["Astrolabe","Philosopher\u0027s Stone"],"picked":"Pandora\u0027s Box"},{"not_picked":["Coffee Dripper","Black Star"],"picked":"Lizard Tail"}],"items_purged_floors":[],"is_endless":false,"potions_floor_spawned":[1,2,10,19,21,22,28,31,33,39,47,48],"ascension_level":1}