{"gold_per_floor":[110,110,130,55,69,88,122,142,168,168,168,168,187,201,201,300,300,317,217,217,217,234,234,234,159,159,178,178,178],"floor_reached":29,"playtime":1260,"items_purged":["Strike_B","Defend_B"],"score":225,"play_id":"ffe39c20-21f9-4b95-b012-3435350fcf98","local_time":"20190505174306","is_ascension_mode":false,"campfire_choices":[{"data":"White Noise","floor":10,"key":"SMITH"},{"data":"Ball Lightning","floor":12,"key":"SMITH"},{"floor":15,"key":"REST"},{"floor":24,"key":"REST"},{"floor":28,"key":"REST"}],"neow_cost":"NONE","seed_source_timestamp":23014846563729,"circlet_count":0,"master_deck":["Strike_B","Strike_B","Defend_B","Defend_B","Zap+1","Dualcast","Barrage+1","Ball Lightning+1","Self Repair","White Noise+1","Melter","Tempest","Barrage","Multi-Cast","Leap+1","Double Energy"],"relics":["Cracked Core","Lantern","PreservedInsect","Pen Nib","Empty Cage","Juzu Bracelet","Ginger"],"potions_floor_usage":[],"damage_taken":[{"damage":1,"enemies":"2 Louse","floor":1,"turns":2},{"damage":1,"enemies":"Cultist","floor":3,"turns":3},{"damage":3,"enemies":"Jaw Worm","floor":5,"turns":3},{"damage":2,"enemies":"Blue Slaver","floor":6,"turns":2},{"damage":17,"enemies":"3 Sentries","floor":7,"turns":6},{"damage":10,"enemies":"2 Fungi Beasts","floor":8,"turns":3},{"damage":0,"enemies":"Exordium Wildlife","floor":13,"turns":3},{"damage":0,"enemies":"Large Slime","floor":14,"turns":2},{"damage":57,"enemies":"Hexaghost","floor":16,"turns":7},{"damage":5,"enemies":"Chosen","floor":18,"turns":4},{"damage":50,"enemies":"3 Byrds","floor":22,"turns":6},{"damage":37,"enemies":"Snake Plant","floor":27,"turns":3},{"damage":48,"enemies":"3 Cultists","floor":29,"turns":4}],"seed_played":"-4063083238280868909","potions_obtained":[{"floor":1,"key":"Swift Potion"},{"floor":5,"key":"LiquidBronze"},{"floor":6,"key":"FocusPotion"}],"is_trial":false,"path_per_floor":["M","?","M","$","M","M","E","M","T","R","?","R","M","M","R","B",null,"M","$","?","?","M","?","R","?","T","M","R","M"],"character_chosen":"DEFECT","items_purchased":[],"campfire_rested":3,"item_purchase_floors":[],"current_hp_per_floor":[74,74,73,73,70,68,58,55,55,55,52,52,59,59,75,18,75,75,75,75,75,32,32,54,54,54,17,39,0],"gold":178,"neow_bonus":"UPGRADE_CARD","is_prod":false,"is_daily":false,"chose_seed":false,"campfire_upgraded":2,"win_rate":0,"timestamp":1557103386,"path_taken":["M","?","M","$","M","M","E","?","T","R","?","R","M","M","R","BOSS","M","$","?","?","M","?","R","?","T","M","R","M"],"build_version":"2019-01-23","purchased_purges":2,"victory":false,"max_hp_per_floor":[75,75,75,75,75,75,75,75,75,75,75,75,75,75,75,75,75,75,75,75,75,75,75,75,75,75,75,75,75],"card_choices":[{"not_picked":["Steam","Consume"],"picked":"Barrage","floor":1},{"not_picked":["Sunder","Steam"],"picked":"Ball Lightning","floor":3},{"not_picked":["Redo","Rip and Tear"],"picked":"Self Repair","floor":5},{"not_picked":["Glacier","Rebound","Reprogram"],"picked":"SKIP","floor":6},{"not_picked":["Rebound","Go for the Eyes"],"picked":"White Noise","floor":7},{"not_picked":["BootSequence","Go for the Eyes"],"picked":"Melter","floor":8},{"not_picked":["Streamline","Gash"],"picked":"Tempest","floor":13},{"not_picked":["Beam Cell","Turbo"],"picked":"Barrage","floor":14},{"not_picked":["Rainbow","Machine Learning"],"picked":"Multi-Cast","floor":16},{"not_picked":["Streamline","Undo+1"],"picked":"Leap+1","floor":18},{"not_picked":["Ball Lightning","Cold Snap"],"picked":"Double Energy","floor":22},{"not_picked":["Rebound","Melter","Fusion"],"picked":"SKIP","floor":27}],"player_experience":119133,"relics_obtained":[{"floor":7,"key":"Lantern"},{"floor":9,"key":"PreservedInsect"},{"floor":26,"key":"Ginger"}],"event_choices":[{"damage_healed":0,"gold_gain":0,"player_choice":"Upgraded","damage_taken":0,"max_hp_gain":0,"max_hp_loss":0,"event_name":"Upgrade Shrine","floor":2,"gold_loss":0,"cards_upgraded":["Barrage"]},{"damage_healed":0,"gold_gain":0,"player_choice":"Success","damage_taken":3,"relics_obtained":["Pen Nib"],"max_hp_gain":0,"max_hp_loss":0,"event_name":"Scrap Ooze","floor":11,"gold_loss":0},{"damage_healed":0,"gold_gain":0,"player_choice":"Ignored","damage_taken":0,"max_hp_gain":0,"max_hp_loss":0,"event_name":"Ghosts","floor":20,"gold_loss":0},{"damage_healed":0,"gold_gain":0,"player_choice":"Opened","damage_taken":0,"relics_obtained":["Juzu Bracelet"],"max_hp_gain":0,"max_hp_loss":0,"event_name":"The Mausoleum","floor":21,"gold_loss":0,"cards_obtained":["Writhe"]},{"damage_healed":0,"gold_gain":0,"player_choice":"Ignored","damage_taken":0,"max_hp_gain":0,"max_hp_loss":0,"event_name":"Vampires","floor":23,"gold_loss":0},{"cards_removed":["Writhe"],"damage_healed":0,"gold_gain":0,"player_choice":"Gave Gold","damage_taken":0,"max_hp_gain":0,"max_hp_loss":0,"event_name":"Beggar","floor":25,"gold_loss":75}],"is_beta":false,"boss_relics":[{"not_picked":["Pandora\u0027s Box","Busted Crown"],"picked":"Empty Cage"}],"items_purged_floors":[4,19],"is_endless":false,"potions_floor_spawned":[1,5,6,14,18],"killed_by":"3 Cultists","ascension_level":0}