{"gold_per_floor":[119,119,119,119,119,119,154,154,179,254,274,274,274,286,286,382,432,445,462,462,117,117,117,42,42,42,42,42,58,74,74,74,169,169,180,0,0,0,0,0,0,0,0,0,0,15,15,31,31,31],"floor_reached":50,"playtime":4001,"items_purged":["Regret"],"score":480,"play_id":"5d873bb2-b7aa-4720-a94b-1460733020a0","local_time":"20190702225859","is_ascension_mode":false,"campfire_choices":[{"floor":6,"key":"REST"},{"data":"Lockon","floor":8,"key":"SMITH"},{"floor":15,"key":"REST"},{"data":"Streamline","floor":23,"key":"SMITH"},{"data":"Zap","floor":25,"key":"SMITH"},{"floor":32,"key":"REST"},{"data":"Redo","floor":40,"key":"SMITH"},{"floor":42,"key":"REST"},{"data":"Buffer","floor":45,"key":"SMITH"},{"floor":49,"key":"REST"}],"neow_cost":"NONE","seed_source_timestamp":1260935606443754,"circlet_count":0,"master_deck":["Strike_B+1","Defend_B+1","Defend_B+1","Zap+1","Dualcast+1","Go for the Eyes+1","Lockon+1","Streamline+1","Redo+1","Seek+1","Barrage","Go for the Eyes","Conserve Battery","RitualDagger","Rainbow","Ball Lightning+1","Streamline+1","Buffer+1","Genetic Algorithm+1","Reinforced Body+1","Loop+1","Go for the Eyes","The Bomb","Loop+1","Capacitor+1","White Noise"],"relics":["Cracked Core","NeowsBlessing","Boot","Juzu Bracelet","WingedGreaves","Whetstone","Bronze Scales","Vajra","Tiny House","Enchiridion","Lee\u0027s Waffle","War Paint","Centennial Puzzle","Astrolabe","Red Mask","Art of War"],"potions_floor_usage":[16,19,19,33,33,33,33,33,50,50],"damage_taken":[{"damage":0,"enemies":"Small Slimes","floor":1,"turns":1},{"damage":0,"enemies":"Gremlin Nob","floor":7,"turns":1},{"damage":0,"enemies":"Jaw Worm","floor":11,"turns":1},{"damage":0,"enemies":"Cultist","floor":14,"turns":2},{"damage":47,"enemies":"Hexaghost","floor":16,"turns":8},{"damage":43,"enemies":"2 Thieves","floor":18,"turns":4},{"damage":18,"enemies":"Shell Parasite","floor":19,"turns":4},{"damage":2,"enemies":"Shelled Parasite and Fungi","floor":29,"turns":4},{"damage":19,"enemies":"3 Cultists","floor":30,"turns":4},{"damage":85,"enemies":"Champ","floor":33,"turns":9},{"damage":9,"enemies":"Orb Walker","floor":35,"turns":3},{"damage":15,"enemies":"3 Darklings","floor":46,"turns":3},{"damage":0,"enemies":"Transient","floor":48,"turns":5},{"damage":118,"enemies":"Donu and Deca","floor":50,"turns":8}],"seed_played":"5945336118821760823","potions_obtained":[{"floor":14,"key":"Dexterity Potion"},{"floor":16,"key":"SteroidPotion"},{"floor":17,"key":"Explosive Potion"},{"floor":29,"key":"EntropicBrew"},{"floor":30,"key":"Explosive Potion"},{"floor":33,"key":"Explosive Potion"},{"floor":35,"key":"SpeedPotion"},{"floor":46,"key":"Regen Potion"}],"is_trial":false,"path_per_floor":["M","?","?","$","T","R","E","R","T","?","M","?","?","M","R","B",null,"M","M","?","$","?","R","$","R","T","?","$","M","M","?","R","B",null,"M","?","?","?","?","R","$","R","T","?","R","M","$","M","R","B"],"character_chosen":"DEFECT","items_purchased":["Lee\u0027s Waffle","War Paint"],"campfire_rested":5,"item_purchase_floors":[21,21],"current_hp_per_floor":[75,75,57,57,57,75,75,75,75,68,68,68,68,68,75,28,80,37,19,3,87,81,81,81,81,81,81,81,79,60,60,86,1,87,78,78,78,78,78,78,78,87,87,87,87,72,72,72,87,0],"gold":31,"neow_bonus":"THREE_ENEMY_KILL","is_prod":false,"is_daily":false,"chose_seed":false,"campfire_upgraded":5,"win_rate":0.0,"timestamp":1562126339,"path_taken":["M","?","?","?","?","R","E","R","T","?","M","?","?","M","R","BOSS","M","M","?","$","?","R","?","R","T","?","$","M","M","?","R","BOSS","M","?","?","?","?","R","$","R","T","?","R","M","$","M","R","BOSS"],"build_version":"2019-07-01","purchased_purges":1,"victory":false,"max_hp_per_floor":[75,75,75,75,75,75,75,75,75,75,75,75,75,75,75,75,80,80,80,80,87,87,87,87,87,87,87,87,87,87,87,87,87,87,87,87,87,87,87,87,87,87,87,87,87,87,87,87,87,87],"card_choices":[{"not_picked":["Stack","Double Energy"],"picked":"Go for the Eyes","floor":1},{"not_picked":["Genetic Algorithm","Glacier"],"picked":"Lockon","floor":7},{"not_picked":["Chaos","Leap"],"picked":"Streamline","floor":11},{"not_picked":["Barrage","Thunder Strike"],"picked":"Redo","floor":14},{"not_picked":["Rainbow","Reboot"],"picked":"Seek","floor":16},{"not_picked":["Hologram","Lockon"],"picked":"Barrage","floor":17},{"not_picked":["Barrage","Aggregate+1"],"picked":"Go for the Eyes","floor":18},{"not_picked":["Genetic Algorithm","Barrage"],"picked":"Conserve Battery","floor":19},{"not_picked":["Leap","BootSequence"],"picked":"Ball Lightning+1","floor":29},{"not_picked":["Electrodynamics","Conserve Battery"],"picked":"Streamline+1","floor":30},{"not_picked":["Machine Learning","Fission"],"picked":"Buffer","floor":33},{"not_picked":["Cold Snap+1","Chill+1"],"picked":"Go for the Eyes","floor":35},{"not_picked":["Deep Breath","Master of Strategy"],"picked":"The Bomb","floor":37},{"not_picked":["Conserve Battery+1","Stack"],"picked":"Capacitor+1","floor":46},{"not_picked":["Cold Snap","Compile Driver"],"picked":"White Noise","floor":48}],"player_experience":87083,"relics_obtained":[{"floor":5,"key":"Juzu Bracelet"},{"floor":7,"key":"WingedGreaves"},{"floor":9,"key":"Whetstone"},{"floor":20,"key":"Enchiridion"},{"floor":26,"key":"Centennial Puzzle"},{"floor":43,"key":"Art of War"}],"event_choices":[{"damage_healed":0,"gold_gain":0,"player_choice":"Grow","damage_taken":0,"max_hp_gain":0,"max_hp_loss":0,"event_name":"Living Wall","floor":2,"gold_loss":0,"cards_upgraded":["Dualcast"]},{"damage_healed":0,"gold_gain":0,"player_choice":"Success","damage_taken":18,"relics_obtained":["Boot"],"max_hp_gain":0,"max_hp_loss":0,"event_name":"Scrap Ooze","floor":3,"gold_loss":0},{"damage_healed":0,"gold_gain":75,"player_choice":"Touch","damage_taken":7,"max_hp_gain":0,"max_hp_loss":0,"event_name":"FaceTrader","floor":10,"gold_loss":0},{"damage_healed":0,"gold_gain":0,"player_choice":"Searched \u00271\u0027 times","damage_taken":0,"relics_obtained":["Bronze Scales"],"max_hp_gain":0,"max_hp_loss":0,"event_name":"Dead Adventurer","floor":12,"gold_loss":0},{"damage_healed":0,"gold_gain":0,"player_choice":"Box","damage_taken":0,"relics_obtained":["Vajra"],"max_hp_gain":0,"max_hp_loss":0,"event_name":"Big Fish","floor":13,"gold_loss":0,"cards_obtained":["Regret"]},{"damage_healed":0,"gold_gain":0,"player_choice":"Obtained Book","damage_taken":16,"max_hp_gain":0,"max_hp_loss":0,"event_name":"Cursed Tome","floor":20,"gold_loss":0},{"damage_healed":0,"gold_gain":0,"player_choice":"Joined the Cult","damage_taken":6,"max_hp_gain":0,"max_hp_loss":0,"event_name":"Nest","floor":22,"gold_loss":0,"cards_obtained":["RitualDagger"]},{"damage_healed":0,"gold_gain":0,"player_choice":"Read","damage_taken":0,"max_hp_gain":0,"max_hp_loss":0,"event_name":"The Library","floor":27,"gold_loss":0,"cards_obtained":["Rainbow"]},{"cards_removed":["Strike_B"],"damage_healed":0,"gold_gain":0,"player_choice":"Purged","damage_taken":0,"max_hp_gain":0,"max_hp_loss":0,"event_name":"Purifier","floor":31,"gold_loss":0},{"damage_healed":0,"gold_gain":0,"player_choice":"Paid","damage_taken":0,"relics_obtained":["Red Mask"],"max_hp_gain":0,"max_hp_loss":0,"event_name":"Tomb of Lord Red Mask","floor":36,"gold_loss":180},{"damage_healed":0,"gold_gain":0,"player_choice":"Memory 1","damage_taken":0,"max_hp_gain":0,"max_hp_loss":0,"event_name":"SensoryStone","floor":37,"gold_loss":0},{"damage_healed":0,"gold_gain":0,"player_choice":"Copied","damage_taken":0,"max_hp_gain":0,"max_hp_loss":0,"event_name":"Duplicator","floor":38,"gold_loss":0,"cards_obtained":["Loop"]},{"cards_removed":["Defend_B"],"damage_healed":0,"gold_gain":0,"player_choice":"Removed Skill","damage_taken":0,"max_hp_gain":0,"max_hp_loss":0,"event_name":"Falling","floor":39,"gold_loss":0},{"damage_healed":0,"gold_gain":0,"player_choice":"Ignored","damage_taken":0,"max_hp_gain":0,"max_hp_loss":0,"event_name":"Mysterious Sphere","floor":44,"gold_loss":0}],"is_beta":false,"boss_relics":[{"not_picked":["Snecko Eye","Black Star"],"picked":"Tiny House"},{"not_picked":["Sozu","White Beast Statue"],"picked":"Astrolabe"}],"items_purged_floors":[24],"is_endless":false,"potions_floor_spawned":[14,16,29,30,33,35,46],"killed_by":"Donu and Deca","ascension_level":0}