{"gold_per_floor":[111,129,4,19,35,70,70,70,70,95,109,119,152,168,168,270,270,281,281,293,393,308,338,338,210,210,210,227,227,242,258,258,360,360,375,180,180,190,190,216,67,67,67,67,84,84,104,122,122,122],"floor_reached":51,"playtime":2422,"items_purged":[],"score":744,"play_id":"726559d9-b9a3-40d8-b70c-d317cb846069","local_time":"20190506083907","daily_mods":["SealedDeck"],"is_ascension_mode":false,"campfire_choices":[{"data":"Double Energy","floor":8,"key":"SMITH"},{"data":"Defragment","floor":15,"key":"SMITH"},{"floor":24,"key":"REST"},{"floor":27,"key":"DIG"},{"floor":29,"key":"REST"},{"floor":32,"key":"DIG"},{"data":"Thunder Strike","floor":44,"key":"SMITH"},{"data":"Sweeping Beam","floor":46,"key":"SMITH"},{"floor":49,"key":"REST"}],"neow_cost":"","seed_source_timestamp":43538700557788,"circlet_count":0,"master_deck":["Sweeping Beam","BootSequence","Double Energy+1","Conserve Battery","Ball Lightning","Leap","Sweeping Beam+1","Tempest","Ball Lightning","Consume","Defragment+1","Ball Lightning","Leap+1","Leap","Reinforced Body+1","Static Discharge+1","Electrodynamics+1","Static Discharge+1","Storm+1","Leap","Thunder Strike+1","Conserve Battery+1","Reinforced Body+1"],"relics":["Cracked Core","Shovel","Darkstone Periapt","Dodecahedron","DataDisk","Frozen Egg 2","MutagenicStrength","Peace Pipe","Bottled Flame","Pen Nib","Boot","Question Card","PreservedInsect","Ornamental Fan","Strange Spoon","Torii","War Paint","Sundial"],"potions_floor_usage":[],"damage_taken":[{"damage":0,"enemies":"Cultist","floor":1,"turns":2},{"damage":0,"enemies":"Jaw Worm","floor":2,"turns":2},{"damage":0,"enemies":"Small Slimes","floor":4,"turns":2},{"damage":0,"enemies":"3 Louse","floor":5,"turns":3},{"damage":14,"enemies":"Gremlin Nob","floor":6,"turns":3},{"damage":2,"enemies":"3 Sentries","floor":10,"turns":5},{"damage":0,"enemies":"Exordium Wildlife","floor":11,"turns":2},{"damage":0,"enemies":"Large Slime","floor":12,"turns":3},{"damage":14,"enemies":"Gremlin Nob","floor":13,"turns":3},{"damage":0,"enemies":"Blue Slaver","floor":14,"turns":3},{"damage":21,"enemies":"Hexaghost","floor":16,"turns":4},{"damage":0,"enemies":"Chosen","floor":18,"turns":2},{"damage":9,"enemies":"3 Byrds","floor":20,"turns":3},{"damage":15,"enemies":"Colosseum Slavers","floor":21,"turns":2},{"damage":10,"enemies":"Colosseum Nobs","floor":21,"turns":3},{"damage":20,"enemies":"Book of Stabbing","floor":23,"turns":2},{"damage":2,"enemies":"Snake Plant","floor":28,"turns":3},{"damage":0,"enemies":"Chosen and Byrds","floor":30,"turns":4},{"damage":10,"enemies":"Sentry and Sphere","floor":31,"turns":3},{"damage":51,"enemies":"Champ","floor":33,"turns":8},{"damage":0,"enemies":"Orb Walker","floor":35,"turns":2},{"damage":10,"enemies":"3 Darklings","floor":38,"turns":2},{"damage":46,"enemies":"Reptomancer","floor":40,"turns":4},{"damage":7,"enemies":"Jaw Worm Horde","floor":45,"turns":3},{"damage":1,"enemies":"4 Shapes","floor":47,"turns":2},{"damage":11,"enemies":"Transient","floor":48,"turns":5},{"damage":37,"enemies":"Time Eater","floor":50,"turns":6}],"seed_played":"5521464277853141634","potions_obtained":[{"floor":6,"key":"EssenceOfSteel"},{"floor":16,"key":"LiquidBronze"},{"floor":23,"key":"FocusPotion"},{"floor":28,"key":"SkillPotion"}],"is_trial":true,"path_per_floor":["M","M","$","M","M","E","?","R","T","E","M","M","E","M","R","B",null,"M","?","M","?","?","E","R","$","T","R","M","R","M","M","R","B",null,"M","$","?","M","?","E","$","?","T","R","M","R","M","M","R","B",null],"character_chosen":"DEFECT","items_purchased":["Defragment","Ball Lightning","Storm+1","Leap","Strange Spoon","War Paint"],"campfire_rested":3,"item_purchase_floors":[3,3,25,25,36,41],"current_hp_per_floor":[75,75,75,75,75,61,61,61,61,59,59,59,45,45,45,24,75,75,75,66,41,41,21,43,43,43,43,41,63,63,53,53,2,75,75,75,75,65,65,19,19,66,66,66,59,59,58,47,66,29],"gold":122,"neow_bonus":"","is_prod":false,"is_daily":false,"chose_seed":false,"campfire_upgraded":4,"win_rate":0,"timestamp":1557157147,"path_taken":["M","M","$","?","M","E","?","R","T","E","M","M","E","?","R","BOSS","M","?","M","?","?","E","R","$","T","R","M","R","M","M","R","BOSS","M","$","?","M","?","E","$","?","T","R","M","R","?","M","R","BOSS"],"build_version":"2019-01-23","purchased_purges":0,"victory":true,"max_hp_per_floor":[75,75,75,75,75,75,75,75,75,75,75,75,75,75,75,75,75,75,75,75,75,75,75,75,75,75,75,75,75,75,75,75,75,75,75,75,75,75,75,75,75,66,66,66,66,66,66,66,66,66],"card_choices":[{"not_picked":["Ball Lightning","Double Energy"],"picked":"Consume","floor":1},{"not_picked":["Barrage","Go for the Eyes","Consume"],"picked":"SKIP","floor":2},{"not_picked":["Redo","FTL"],"picked":"Leap","floor":4},{"not_picked":["Streamline","Gash"],"picked":"Leap","floor":5},{"not_picked":["Glacier","Steam","Coolheaded"],"picked":"SKIP","floor":6},{"not_picked":["Machine Learning","Double Energy","BootSequence"],"picked":"SKIP","floor":10},{"not_picked":["Go for the Eyes","Doom and Gloom","Blizzard"],"picked":"SKIP","floor":11},{"not_picked":["Steam","Compile Driver"],"picked":"Reinforced Body","floor":12},{"not_picked":["Rebound","Cold Snap"],"picked":"Static Discharge","floor":13},{"not_picked":["Genetic Algorithm","Recycle","Hello World+1"],"picked":"SKIP","floor":14},{"not_picked":["Fission","All For One"],"picked":"Electrodynamics+1","floor":16},{"not_picked":["Compile Driver","Ball Lightning","Hologram"],"picked":"SKIP","floor":18},{"not_picked":["Undo","Sweeping Beam","Stack"],"picked":"SKIP","floor":20},{"not_picked":["Beam Cell","Rebound+1"],"picked":"Static Discharge+1","floor":21},{"not_picked":["Steam Power","Coolheaded","Stack+1"],"picked":"SKIP","floor":23},{"not_picked":["Compile Driver","Double Energy","Streamline","Coolheaded"],"picked":"SKIP","floor":28},{"not_picked":["Gash+1","Buffer+1","BootSequence","Doom and Gloom"],"picked":"SKIP","floor":30},{"not_picked":["Sweeping Beam","Sunder","Cold Snap","Barrage"],"picked":"SKIP","floor":31},{"not_picked":["Multi-Cast","Machine Learning+1","Buffer+1"],"picked":"Thunder Strike","floor":33},{"not_picked":["Steam Power+1","Steam","Redo"],"picked":"Conserve Battery+1","floor":35},{"not_picked":["Barrage+1","Stack+1","Cold Snap+1","Storm+1"],"picked":"SKIP","floor":38},{"not_picked":["Conserve Battery","Storm+1","Barrage+1","Rainbow"],"picked":"SKIP","floor":40},{"not_picked":["Barrage+1","Conserve Battery+1","Steam"],"picked":"Reinforced Body+1","floor":45},{"not_picked":["Coolheaded","Turbo+1","Redo","Rebound"],"picked":"SKIP","floor":47},{"not_picked":["Force Field+1","Go for the Eyes","Self Repair+1","Barrage"],"picked":"SKIP","floor":48}],"player_experience":121466,"relics_obtained":[{"floor":6,"key":"Shovel"},{"floor":9,"key":"Dodecahedron"},{"floor":10,"key":"DataDisk"},{"floor":13,"key":"Frozen Egg 2"},{"floor":21,"key":"Peace Pipe"},{"floor":21,"key":"Bottled Flame"},{"floor":23,"key":"Boot"},{"floor":26,"key":"Question Card"},{"floor":27,"key":"PreservedInsect"},{"floor":32,"key":"Ornamental Fan"},{"floor":40,"key":"Torii"},{"floor":43,"key":"Sundial"}],"event_choices":[{"damage_healed":0,"gold_gain":0,"player_choice":"Gave Potion","damage_taken":0,"relics_obtained":["Darkstone Periapt"],"max_hp_gain":0,"max_hp_loss":0,"event_name":"WeMeetAgain","floor":7,"gold_loss":0},{"damage_healed":0,"gold_gain":0,"player_choice":"Inject Mutagens","damage_taken":0,"relics_obtained":["MutagenicStrength"],"max_hp_gain":0,"max_hp_loss":0,"event_name":"Drug Dealer","floor":19,"gold_loss":0},{"damage_healed":0,"gold_gain":0,"player_choice":"Fight","damage_taken":0,"max_hp_gain":0,"max_hp_loss":0,"event_name":"Colosseum","floor":21,"gold_loss":0},{"damage_healed":0,"gold_gain":0,"player_choice":"Fought Nobs","damage_taken":0,"max_hp_gain":0,"max_hp_loss":0,"event_name":"Colosseum","floor":21,"gold_loss":0},{"damage_healed":0,"gold_gain":0,"player_choice":"Obtained Relic","damage_taken":0,"relics_obtained":["Pen Nib"],"max_hp_gain":0,"max_hp_loss":0,"event_name":"Addict","floor":22,"gold_loss":85},{"damage_healed":0,"gold_gain":0,"player_choice":"Ignored","damage_taken":0,"max_hp_gain":0,"max_hp_loss":0,"event_name":"Tomb of Lord Red Mask","floor":37,"gold_loss":0},{"cards_removed":["Consume"],"damage_healed":0,"gold_gain":0,"player_choice":"Removed Skill","damage_taken":0,"max_hp_gain":0,"max_hp_loss":0,"event_name":"Falling","floor":39,"gold_loss":0},{"damage_healed":66,"gold_gain":0,"player_choice":"Heal","damage_taken":0,"max_hp_gain":0,"max_hp_loss":9,"event_name":"The Moai Head","floor":42,"gold_loss":0}],"is_beta":false,"boss_relics":[{"not_picked":["Velvet Choker","Nuclear Battery","Coffee Dripper"]},{"not_picked":["Empty Cage","Runic Pyramid","Snecko Eye"]}],"items_purged_floors":[],"is_endless":false,"potions_floor_spawned":[6,10,11,16,18,23,28,31,33,35,40,45],"ascension_level":0}