{"gold_per_floor":[111,111,122,43,61,91,91,105,153,183,252,269,292,307,307,406,406,426,426,442,402,402,432,432,447,473,506,506,506,506,526,526,526],"floor_reached":33,"playtime":4058,"items_purged":[],"score":320,"play_id":"d3dda85b-e35d-474f-85dd-5402571ffad2","local_time":"20190629000627","is_ascension_mode":false,"campfire_choices":[{"floor":7,"key":"REST"},{"floor":15,"key":"REST"},{"floor":24,"key":"REST"},{"floor":28,"key":"REST"},{"floor":32,"key":"REST"}],"neow_cost":"NONE","seed_source_timestamp":919323902527177,"circlet_count":0,"master_deck":["Strike_R","Strike_R","Strike_R","Strike_R","Strike_R","Defend_R","Defend_R","Defend_R","Defend_R","Bash+1","Shrug It Off","Iron Wave","Iron Wave","Rage","Rampage","Clothesline","Whirlwind+1","Sword Boomerang","Demon Form","Iron Wave+1","Sever Soul","Cleave","Headbutt+1","Flame Barrier+1","Headbutt","Iron Wave","Dropkick"],"relics":["Burning Blood","Self Forming Clay","Potion Belt","Juzu Bracelet","Oddly Smooth Stone","Sozu","MutagenicStrength","Unceasing Top","Orichalcum","Bottled Lightning","Matryoshka"],"potions_floor_usage":[16,16,16,33],"damage_taken":[{"damage":0,"enemies":"Small Slimes","floor":1,"turns":5},{"damage":1,"enemies":"Cultist","floor":3,"turns":5},{"damage":3,"enemies":"Jaw Worm","floor":5,"turns":2},{"damage":39,"enemies":"Lagavulin","floor":6,"turns":8},{"damage":15,"enemies":"Large Slime","floor":8,"turns":8},{"damage":30,"enemies":"3 Sentries","floor":10,"turns":10},{"damage":0,"enemies":"Exordium Wildlife","floor":12,"turns":3},{"damage":4,"enemies":"Gremlin Gang","floor":14,"turns":5},{"damage":49,"enemies":"Hexaghost","floor":16,"turns":10},{"damage":0,"enemies":"3 Byrds","floor":18,"turns":5},{"damage":0,"enemies":"Chosen","floor":20,"turns":4},{"damage":70,"enemies":"Gremlin Leader","floor":23,"turns":6},{"damage":0,"enemies":"3 Cultists","floor":25,"turns":2},{"damage":20,"enemies":"Book of Stabbing","floor":27,"turns":5},{"damage":13,"enemies":"Snake Plant","floor":31,"turns":5},{"damage":103,"enemies":"Collector","floor":33,"turns":6}],"seed_played":"-973630475545950332","potions_obtained":[{"floor":0,"key":"LiquidBronze"},{"floor":0,"key":"Energy Potion"},{"floor":0,"key":"Ancient Potion"},{"floor":5,"key":"Poison Potion"},{"floor":6,"key":"SpeedPotion"},{"floor":10,"key":"LiquidBronze"},{"floor":12,"key":"Swift Potion"},{"floor":16,"key":"Block Potion"}],"is_trial":false,"path_per_floor":["M","?","M","$","M","E","R","M","T","E","?","M","T","M","R","B",null,"M","?","M","?","?","E","R","M","T","E","R","T","?","M","R","B"],"character_chosen":"IRONCLAD","items_purchased":["Carnage"],"campfire_rested":5,"item_purchase_floors":[4],"current_hp_per_floor":[80,80,80,80,80,47,71,62,62,38,38,44,44,46,70,27,80,80,80,80,80,80,16,40,46,46,32,56,56,56,49,73,0],"gold":526,"neow_bonus":"THREE_SMALL_POTIONS","is_prod":false,"is_daily":false,"chose_seed":false,"campfire_upgraded":0,"win_rate":0.0,"timestamp":1561784787,"path_taken":["M","?","M","$","?","E","R","M","T","E","?","M","?","M","R","BOSS","M","?","M","?","?","E","R","M","T","E","R","?","?","M","R","BOSS"],"build_version":"2019-01-23","purchased_purges":0,"victory":false,"max_hp_per_floor":[80,80,80,80,80,80,80,80,80,80,80,80,80,80,80,80,80,80,80,80,80,80,80,80,80,80,80,80,80,80,80,80,80],"card_choices":[{"not_picked":["Power Through","Disarm"],"picked":"Shrug It Off","floor":1},{"not_picked":["Corruption","Disarm"],"picked":"Iron Wave","floor":3},{"not_picked":["Clash","Corruption"],"picked":"Iron Wave","floor":5},{"not_picked":["Berserk","Clash"],"picked":"Rage","floor":6},{"not_picked":["Feel No Pain","Battle Trance"],"picked":"Rampage","floor":8},{"not_picked":["Juggernaut","Clash"],"picked":"Clothesline","floor":10},{"not_picked":["Perfected Strike","Juggernaut"],"picked":"Whirlwind","floor":12},{"not_picked":["Fire Breathing","Shockwave"],"picked":"Sword Boomerang","floor":14},{"not_picked":["Juggernaut","Dark Embrace"],"picked":"Demon Form","floor":16},{"not_picked":["Shockwave","Armaments"],"picked":"Iron Wave+1","floor":18},{"not_picked":["Shrug It Off","Fire Breathing"],"picked":"Sever Soul","floor":20},{"not_picked":["Pummel","Feel No Pain"],"picked":"Headbutt+1","floor":23},{"not_picked":["Rupture","Battle Trance"],"picked":"Flame Barrier+1","floor":25},{"not_picked":["Combust","Inflame"],"picked":"Headbutt","floor":27},{"not_picked":["Perfected Strike","Headbutt"],"picked":"Dropkick","floor":31}],"player_experience":10802,"relics_obtained":[{"floor":6,"key":"Self Forming Clay"},{"floor":9,"key":"Potion Belt"},{"floor":10,"key":"Juzu Bracelet"},{"floor":13,"key":"Oddly Smooth Stone"},{"floor":23,"key":"Unceasing Top"},{"floor":26,"key":"Orichalcum"},{"floor":27,"key":"Bottled Lightning"},{"floor":29,"key":"Matryoshka"}],"event_choices":[{"damage_healed":0,"gold_gain":0,"player_choice":"Upgraded","damage_taken":0,"max_hp_gain":0,"max_hp_loss":0,"event_name":"Upgrade Shrine","floor":2,"gold_loss":0,"cards_upgraded":["Bash"]},{"damage_healed":0,"gold_gain":69,"player_choice":"Gained Gold","damage_taken":0,"max_hp_gain":0,"max_hp_loss":0,"event_name":"Golden Wing","floor":11,"gold_loss":0},{"damage_healed":0,"gold_gain":0,"player_choice":"Inject Mutagens","damage_taken":0,"relics_obtained":["MutagenicStrength"],"max_hp_gain":0,"max_hp_loss":0,"event_name":"Drug Dealer","floor":19,"gold_loss":0},{"damage_healed":0,"gold_gain":0,"player_choice":"Upgrade","damage_taken":0,"max_hp_gain":0,"max_hp_loss":0,"event_name":"Designer","floor":21,"gold_loss":40,"cards_upgraded":["Whirlwind"]},{"damage_healed":0,"gold_gain":0,"player_choice":"Read","damage_taken":0,"max_hp_gain":0,"max_hp_loss":0,"event_name":"The Library","floor":22,"gold_loss":0,"cards_obtained":["Cleave"]},{"cards_removed":["Carnage"],"damage_healed":0,"gold_gain":0,"player_choice":"Took Card","damage_taken":0,"max_hp_gain":0,"max_hp_loss":0,"event_name":"NoteForYourself","floor":30,"gold_loss":0,"cards_obtained":["Iron Wave"]}],"is_beta":false,"boss_relics":[{"not_picked":["Astrolabe","Coffee Dripper"],"picked":"Sozu"}],"items_purged_floors":[],"is_endless":false,"potions_floor_spawned":[5,6,10,12,16,18,25,27],"killed_by":"Collector","ascension_level":0}