{"gold_per_floor":[115,130,143,143,153,188,188,208,233,4,17,17,51,64,64,64],"floor_reached":16,"playtime":713,"items_purged":["Brutality"],"score":114,"play_id":"1cf05bfa-29d9-4001-ab35-9eccb3ea8067","local_time":"20190831140347","is_ascension_mode":false,"campfire_choices":[{"data":"Flame Barrier","floor":7,"key":"SMITH"},{"data":"Demon Form","floor":12,"key":"SMITH"},{"data":"Perfected Strike","floor":15,"key":"SMITH"}],"neow_cost":"NONE","seed_source_timestamp":1521952753656574,"circlet_count":0,"master_deck":["Strike_R","Strike_R","Strike_R","Strike_R","Strike_R","Defend_R","Defend_R","Defend_R","Defend_R","Bash","True Grit+1","Iron Wave","Perfected Strike+1","Whirlwind","Flame Barrier+1","Shrug It Off","Demon Form+1","Clash+1","Shrug It Off","Sword Boomerang+1"],"relics":["Burning Blood","Molten Egg 2","Vajra","Orichalcum"],"potions_floor_usage":[16,16,16],"damage_taken":[{"damage":11,"enemies":"Small Slimes","floor":1,"turns":5},{"damage":9,"enemies":"Cultist","floor":2,"turns":5},{"damage":0,"enemies":"2 Louse","floor":3,"turns":3},{"damage":0,"enemies":"Large Slime","floor":5,"turns":5},{"damage":31,"enemies":"Gremlin Nob","floor":6,"turns":5},{"damage":16,"enemies":"Blue Slaver","floor":8,"turns":5},{"damage":5,"enemies":"Exordium Wildlife","floor":11,"turns":5},{"damage":4,"enemies":"3 Sentries","floor":13,"turns":6},{"damage":0,"enemies":"Looter","floor":14,"turns":2},{"damage":63,"enemies":"Slime Boss","floor":16,"turns":10}],"seed_played":"-440356119232752054","potions_obtained":[{"floor":1,"key":"AttackPotion"},{"floor":2,"key":"SpeedPotion"},{"floor":8,"key":"GamblersBrew"},{"floor":11,"key":"SpeedPotion"}],"is_trial":false,"path_per_floor":["M","M","M","?","M","E","R","M","T","$","M","R","E","M","R","B"],"character_chosen":"IRONCLAD","items_purchased":["Demon Form"],"campfire_rested":0,"item_purchase_floors":[10],"current_hp_per_floor":[75,72,78,78,80,55,55,45,45,45,46,46,48,54,54,0],"gold":64,"neow_bonus":"ONE_RANDOM_RARE_CARD","is_prod":false,"is_daily":false,"chose_seed":false,"campfire_upgraded":3,"win_rate":0,"timestamp":1567253027,"path_taken":["M","M","M","?","?","E","R","M","T","$","M","R","E","M","R","BOSS"],"build_version":"2019-07-17","purchased_purges":1,"victory":false,"max_hp_per_floor":[80,80,80,80,80,80,80,80,80,80,80,80,80,80,80,80],"card_choices":[{"not_picked":["Pummel","Metallicize"],"picked":"True Grit","floor":1},{"not_picked":["Sword Boomerang","Twin Strike"],"picked":"Iron Wave","floor":2},{"not_picked":["Sword Boomerang","Shrug It Off"],"picked":"Perfected Strike","floor":3},{"not_picked":["Burning Pact","Headbutt"],"picked":"Whirlwind","floor":5},{"not_picked":["Evolve","Dropkick"],"picked":"Flame Barrier","floor":6},{"not_picked":["Anger+1","Warcry"],"picked":"Shrug It Off","floor":8},{"not_picked":["Berserk","Carnage+1"],"picked":"Clash+1","floor":11},{"not_picked":["Second Wind","Clash+1"],"picked":"Shrug It Off","floor":13},{"not_picked":["Thunderclap+1","Flame Barrier"],"picked":"Sword Boomerang+1","floor":14}],"player_experience":100247,"relics_obtained":[{"floor":6,"key":"Molten Egg 2"},{"floor":9,"key":"Vajra"},{"floor":13,"key":"Orichalcum"}],"event_choices":[{"damage_healed":0,"gold_gain":0,"player_choice":"Forge","damage_taken":0,"max_hp_gain":0,"max_hp_loss":0,"event_name":"Accursed Blacksmith","floor":4,"gold_loss":0,"cards_upgraded":["True Grit"]}],"is_beta":false,"boss_relics":[],"items_purged_floors":[10],"is_endless":false,"potions_floor_spawned":[1,2,8,11,13],"killed_by":"Slime Boss","ascension_level":0}