{"gold_per_floor":[111,111,61,81,96,126,126,158,194,235,247,269,281,304,316,433,445,476,3,14,33,33,33,51,51,77,89,164,174,174,200,200,298,298,318,24,24,37,37,37,68,20,20,20,0,18,18,29,29,29],"floor_reached":50,"playtime":6384,"items_purged":[],"score":589,"play_id":"2bd2bd87-8579-4980-810d-7c7a083d1240","local_time":"20190902031736","is_ascension_mode":true,"campfire_choices":[{"data":"Bash","floor":7,"key":"SMITH"},{"data":"Body Slam","floor":11,"key":"SMITH"},{"data":"Flame Barrier","floor":13,"key":"SMITH"},{"data":"Iron Wave","floor":15,"key":"SMITH"},{"data":"Seeing Red","floor":23,"key":"SMITH"},{"data":"Cleave","floor":25,"key":"SMITH"},{"data":"Carnage","floor":30,"key":"SMITH"},{"data":"Clothesline","floor":32,"key":"SMITH"},{"data":"Metallicize","floor":40,"key":"SMITH"},{"floor":44,"key":"REST"},{"data":"Heavy Blade","floor":47,"key":"SMITH"},{"floor":49,"key":"REST"}],"neow_cost":"NONE","seed_source_timestamp":424278677613100,"circlet_count":0,"master_deck":["Strike_R","Strike_R","Strike_R","Defend_R","Defend_R","Defend_R","Defend_R","Bash+1","Flame Barrier+1","Cleave+1","Iron Wave+1","Body Slam+1","Immolate","Reaper","Seeing Red+1","Heavy Blade+1","Dual Wield+1","Carnage+1","Clothesline+1","Exhume+1","Warcry+1","Whirlwind","Rage+1","Flex+1","Body Slam+1","Shrug It Off+1","Spot Weakness+1","Metallicize+1","Headbutt+1","Impervious+1","Burning Pact+1"],"relics":["Burning Blood","Bronze Scales","MawBank","Oddly Smooth Stone","Bird Faced Urn","Runic Pyramid","Toxic Egg 2","Meat on the Bone","Blood Vial","Matryoshka","Orrery","Red Skull","Ancient Tea Set","Happy Flower","Vajra","Red Mask"],"potions_floor_usage":[8,10,16,24,41,41,48,48,48],"damage_taken":[{"damage":9,"enemies":"2 Louse","floor":1,"turns":3},{"damage":7,"enemies":"Jaw Worm","floor":4,"turns":4},{"damage":1,"enemies":"Cultist","floor":5,"turns":4},{"damage":35,"enemies":"3 Sentries","floor":6,"turns":11},{"damage":9,"enemies":"Lagavulin","floor":8,"turns":8},{"damage":12,"enemies":"3 Sentries","floor":10,"turns":6},{"damage":9,"enemies":"Exordium Wildlife","floor":12,"turns":2},{"damage":0,"enemies":"3 Louse","floor":14,"turns":2},{"damage":12,"enemies":"Hexaghost","floor":16,"turns":9},{"damage":6,"enemies":"Chosen","floor":18,"turns":4},{"damage":0,"enemies":"3 Byrds","floor":20,"turns":3},{"damage":17,"enemies":"Centurion and Healer","floor":21,"turns":5},{"damage":0,"enemies":"Snake Plant","floor":24,"turns":3},{"damage":19,"enemies":"Cultist and Chosen","floor":27,"turns":6},{"damage":8,"enemies":"3 Cultists","floor":29,"turns":4},{"damage":0,"enemies":"Gremlin Leader","floor":31,"turns":6},{"damage":46,"enemies":"Collector","floor":33,"turns":9},{"damage":20,"enemies":"Orb Walker","floor":35,"turns":4},{"damage":27,"enemies":"3 Darklings","floor":38,"turns":7},{"damage":57,"enemies":"Nemesis","floor":41,"turns":9},{"damage":13,"enemies":"Sphere and 2 Shapes","floor":46,"turns":7},{"damage":72,"enemies":"Transient","floor":48,"turns":5},{"damage":104,"enemies":"Time Eater","floor":50,"turns":10}],"seed_played":"58704483122896613","potions_obtained":[{"floor":4,"key":"Block Potion"},{"floor":5,"key":"PowerPotion"},{"floor":10,"key":"AttackPotion"},{"floor":16,"key":"Block Potion"},{"floor":18,"key":"SkillPotion"},{"floor":20,"key":"LiquidBronze"},{"floor":31,"key":"Block Potion"},{"floor":33,"key":"Fire Potion"},{"floor":46,"key":"SteroidPotion"}],"is_trial":false,"path_per_floor":["M","?","?","M","M","E","R","E","T","E","R","M","R","M","R","B",null,"M","$","M","M","$","R","M","R","T","M","?","M","R","E","R","B",null,"M","$","?","M","$","R","E","$","T","R","?","M","R","M","R","B"],"character_chosen":"IRONCLAD","items_purchased":["Toxic Egg 2","Meat on the Bone","Spot Weakness+1","Metallicize","Red Skull","Block Potion"],"campfire_rested":2,"item_purchase_floors":[19,19,36,36,36,42],"current_hp_per_floor":[85,78,78,77,82,53,53,50,50,44,44,41,41,47,47,41,88,88,88,88,77,77,77,87,87,87,75,67,79,79,87,87,60,88,82,82,82,76,76,76,56,56,56,82,82,79,79,32,58,0],"gold":29,"neow_bonus":"TEN_PERCENT_HP_BONUS","is_prod":false,"is_daily":false,"chose_seed":false,"campfire_upgraded":10,"win_rate":0,"timestamp":1567408656,"path_taken":["M","?","?","M","M","E","R","E","T","E","R","M","R","M","R","BOSS","M","$","M","M","$","R","M","R","T","M","?","M","R","E","R","BOSS","M","$","?","M","$","R","E","$","T","R","?","M","R","M","R","BOSS"],"build_version":"2019-07-17","purchased_purges":0,"victory":false,"max_hp_per_floor":[88,88,88,88,88,88,88,88,88,88,88,88,88,88,88,88,88,88,88,88,88,88,88,88,88,88,88,88,88,88,88,88,88,88,88,88,88,88,88,88,88,88,88,88,88,88,88,88,88,88],"card_choices":[{"not_picked":["Clothesline","Rampage"],"picked":"Flame Barrier","floor":1},{"not_picked":["Inflame","Wild Strike"],"picked":"Cleave","floor":4},{"not_picked":["Feel No Pain","Reckless Charge"],"picked":"Iron Wave","floor":5},{"not_picked":["Bloodletting","Dual Wield","True Grit"],"picked":"SKIP","floor":6},{"not_picked":["Rage","Pummel","Warcry"],"picked":"SKIP","floor":8},{"not_picked":["Warcry","Sever Soul"],"picked":"Body Slam","floor":10},{"not_picked":["Sever Soul","Anger"],"picked":"Immolate","floor":12},{"not_picked":["Perfected Strike","Body Slam","Warcry"],"picked":"SKIP","floor":14},{"not_picked":["Juggernaut","Limit Break"],"picked":"Reaper","floor":16},{"not_picked":["Perfected Strike","Fire Breathing"],"picked":"Seeing Red","floor":18},{"not_picked":["Clash","Entrench+1","Fire Breathing"],"picked":"SKIP","floor":20},{"not_picked":["Pommel Strike","Clash"],"picked":"Heavy Blade","floor":21},{"not_picked":["Fire Breathing+1","Twin Strike"],"picked":"Dual Wield+1","floor":24},{"not_picked":["True Grit+1","Pummel","Clash"],"picked":"SKIP","floor":27},{"not_picked":["Dual Wield+1","Pommel Strike"],"picked":"Carnage","floor":29},{"not_picked":["Seeing Red+1","Thunderclap"],"picked":"Clothesline","floor":31},{"not_picked":["Bludgeon","Impervious+1"],"picked":"Exhume+1","floor":33},{"not_picked":["Clash","True Grit+1"],"picked":"Warcry+1","floor":34},{"not_picked":["Fire Breathing","Entrench+1"],"picked":"Whirlwind","floor":34},{"not_picked":["Cleave","Fire Breathing"],"picked":"Rage+1","floor":34},{"not_picked":["Searing Blow+1","Body Slam+1"],"picked":"Flex+1","floor":34},{"not_picked":["Iron Wave","True Grit+1"],"picked":"Body Slam+1","floor":34},{"not_picked":["Corruption","Rupture"],"picked":"Shrug It Off+1","floor":35},{"not_picked":["Thunderclap+1","Iron Wave"],"picked":"Headbutt+1","floor":38},{"not_picked":["Armaments+1","Burning Pact+1"],"picked":"Impervious+1","floor":41},{"not_picked":["Metallicize","Combust+1","Cleave+1"],"picked":"SKIP","floor":46},{"not_picked":["Thunderclap","Whirlwind+1"],"picked":"Burning Pact+1","floor":48}],"player_experience":103120,"relics_obtained":[{"floor":6,"key":"Bronze Scales"},{"floor":8,"key":"MawBank"},{"floor":9,"key":"Oddly Smooth Stone"},{"floor":10,"key":"Bird Faced Urn"},{"floor":26,"key":"Blood Vial"},{"floor":31,"key":"Matryoshka"},{"floor":41,"key":"Ancient Tea Set"},{"floor":43,"key":"Happy Flower"},{"floor":43,"key":"Vajra"}],"event_choices":[{"cards_removed":["Strike_R"],"damage_healed":0,"gold_gain":0,"player_choice":"Card Removal","damage_taken":7,"max_hp_gain":0,"max_hp_loss":0,"event_name":"Golden Wing","floor":2,"gold_loss":0},{"cards_removed":["Strike_R"],"damage_healed":0,"gold_gain":0,"player_choice":"Card Removal","damage_taken":0,"max_hp_gain":0,"max_hp_loss":0,"event_name":"The Cleric","floor":3,"gold_loss":50},{"damage_healed":0,"gold_gain":75,"player_choice":"Touch","damage_taken":8,"max_hp_gain":0,"max_hp_loss":0,"event_name":"FaceTrader","floor":28,"gold_loss":0},{"damage_healed":0,"gold_gain":0,"player_choice":"Ignored","damage_taken":0,"max_hp_gain":0,"max_hp_loss":0,"event_name":"Mysterious Sphere","floor":37,"gold_loss":0},{"damage_healed":0,"gold_gain":0,"player_choice":"Paid","damage_taken":0,"relics_obtained":["Red Mask"],"max_hp_gain":0,"max_hp_loss":0,"event_name":"Tomb of Lord Red Mask","floor":45,"gold_loss":20}],"is_beta":false,"boss_relics":[{"not_picked":["Black Blood","Mark of Pain"],"picked":"Runic Pyramid"},{"not_picked":["Runic Dome","White Beast Statue"],"picked":"Orrery"}],"items_purged_floors":[],"is_endless":false,"potions_floor_spawned":[4,5,10,16,18,20,31,33,46],"killed_by":"Time Eater","ascension_level":2}