{"gold_per_floor":[116,116,116,129,149,184,184,204,230,155,180,255,255,285,285,384,384,397,496,496,26,26,58,73,73,373,393,421,421,421,521,521,625,625,636,636,260,271,286,286],"floor_reached":40,"playtime":2488,"items_purged":["Strike_R"],"score":548,"play_id":"76bc503c-3e7d-474f-876f-ae5dc13c4d66","local_time":"20190902054159","is_ascension_mode":true,"campfire_choices":[{"data":"Whirlwind","floor":7,"key":"SMITH"},{"floor":13,"key":"REST"},{"data":"Shrug It Off","floor":15,"key":"SMITH"},{"floor":25,"key":"REST"},{"floor":29,"key":"REST"},{"floor":32,"key":"REST"}],"neow_cost":"NONE","seed_source_timestamp":143385304882117,"circlet_count":0,"master_deck":["Bash","Shrug It Off+1","Whirlwind+1","Reaper","Battle Trance","Bloodletting","Pommel Strike","Demon Form","Exhume","Carnage","Pummel","Evolve","Whirlwind","Inflame","Rampage","Flex","Flex","Impervious","Reaper","Power Through+1","Flash of Steel","Shrug It Off","Seeing Red"],"relics":["Burning Blood","War Paint","Oddly Smooth Stone","Regal Pillow","PreservedInsect","Bronze Scales","Pandora\u0027s Box","Bird Faced Urn","Darkstone Periapt","Question Card","Old Coin","Singing Bowl","Girya","Frozen Egg 2","Sozu","Mercury Hourglass"],"potions_floor_usage":[11,16,16,23,31,31],"damage_taken":[{"damage":1,"enemies":"2 Louse","floor":1,"turns":3},{"damage":2,"enemies":"Jaw Worm","floor":4,"turns":5},{"damage":0,"enemies":"Small Slimes","floor":5,"turns":3},{"damage":48,"enemies":"3 Sentries","floor":6,"turns":16},{"damage":0,"enemies":"2 Fungi Beasts","floor":8,"turns":4},{"damage":0,"enemies":"Gremlin Nob","floor":11,"turns":2},{"damage":23,"enemies":"The Guardian","floor":16,"turns":15},{"damage":9,"enemies":"Chosen","floor":18,"turns":4},{"damage":75,"enemies":"Book of Stabbing","floor":23,"turns":5},{"damage":25,"enemies":"2 Thieves","floor":24,"turns":2},{"damage":30,"enemies":"Chosen and Byrds","floor":27,"turns":4},{"damage":26,"enemies":"Gremlin Leader","floor":28,"turns":5},{"damage":4,"enemies":"Colosseum Slavers","floor":31,"turns":2},{"damage":42,"enemies":"Colosseum Nobs","floor":31,"turns":4},{"damage":93,"enemies":"Collector","floor":33,"turns":10},{"damage":18,"enemies":"Orb Walker","floor":35,"turns":4},{"damage":4,"enemies":"3 Darklings","floor":38,"turns":4},{"damage":92,"enemies":"Maw","floor":39,"turns":8},{"damage":41,"enemies":"Giant Head","floor":40,"turns":6}],"seed_played":"8481909965049769803","potions_obtained":[{"floor":5,"key":"Energy Potion"},{"floor":6,"key":"Dexterity Potion"},{"floor":11,"key":"Fire Potion"},{"floor":18,"key":"Regen Potion"},{"floor":27,"key":"Weak Potion"},{"floor":28,"key":"Fire Potion"},{"floor":33,"key":"EssenceOfSteel"}],"is_trial":false,"path_per_floor":["M","?","?","M","M","E","R","M","T","$","E","?","R","?","R","B",null,"M","?","?","$","T","E","M","R","T","M","E","R","$","?","R","B",null,"M","?","$","M","M","E"],"character_chosen":"IRONCLAD","items_purchased":["Inflame","Rampage","Bird Faced Urn","Flex","Flash of Steel","Mercury Hourglass","Shrug It Off"],"campfire_rested":4,"item_purchase_floors":[21,21,21,21,37,37,37],"current_hp_per_floor":[80,77,82,85,85,43,43,49,49,49,55,44,84,84,84,67,85,82,82,66,66,66,19,14,56,56,36,18,60,60,42,84,9,92,84,84,84,90,16,0],"gold":286,"neow_bonus":"RANDOM_COMMON_RELIC","is_prod":false,"is_daily":false,"chose_seed":false,"campfire_upgraded":2,"win_rate":0,"timestamp":1567417319,"path_taken":["M","?","?","M","M","E","R","M","T","$","E","?","R","?","R","BOSS","M","?","?","$","?","E","M","R","T","M","E","R","$","?","R","BOSS","M","?","$","M","M","E"],"build_version":"2019-07-17","purchased_purges":1,"victory":false,"max_hp_per_floor":[80,80,85,85,85,85,85,85,85,85,85,85,85,85,85,85,85,85,85,90,90,90,90,90,90,90,90,90,90,90,92,92,92,92,92,92,92,92,94,94],"card_choices":[{"not_picked":["Cleave","Infernal Blade","Shockwave"],"picked":"SKIP","floor":1},{"not_picked":["Wild Strike","Pommel Strike"],"picked":"Shrug It Off","floor":4},{"not_picked":["Pommel Strike","Fire Breathing","Havoc"],"picked":"SKIP","floor":5},{"not_picked":["Immolate","Sword Boomerang"],"picked":"Whirlwind","floor":6},{"not_picked":["Clash","Heavy Blade","Reckless Charge"],"picked":"SKIP","floor":8},{"not_picked":["Feel No Pain","Thunderclap","Havoc"],"picked":"SKIP","floor":11},{"not_picked":["Immolate","Exhume"],"picked":"Reaper","floor":16},{"not_picked":["Perfected Strike","Infernal Blade"],"picked":"Whirlwind","floor":18},{"not_picked":["Second Wind","Burning Pact"],"picked":"Flex","floor":23},{"not_picked":["Anger+1","Clash","Iron Wave","Body Slam"],"picked":"SKIP","floor":24},{"not_picked":["Clash","Combust+1","True Grit","Perfected Strike"],"picked":"SKIP","floor":27},{"not_picked":["Carnage","True Grit+1","Dual Wield"],"picked":"Impervious","floor":28},{"not_picked":["Body Slam+1","Pommel Strike","Rampage+1","Fire Breathing"],"picked":"Singing Bowl","floor":31},{"not_picked":["Exhume","Feed","Barricade+1"],"picked":"Reaper","floor":33},{"not_picked":["Burning Pact+1","Flame Barrier+1","Dual Wield+1"],"picked":"Power Through+1","floor":35},{"not_picked":["Anger+1","Flex","Wild Strike+1"],"picked":"Seeing Red","floor":38},{"not_picked":["Iron Wave+1","Pommel Strike+1","Havoc+1","Perfected Strike+1"],"picked":"Singing Bowl","floor":39}],"player_experience":200019,"relics_obtained":[{"floor":6,"key":"Regal Pillow"},{"floor":9,"key":"PreservedInsect"},{"floor":11,"key":"Bronze Scales"},{"floor":22,"key":"Darkstone Periapt"},{"floor":23,"key":"Question Card"},{"floor":26,"key":"Old Coin"},{"floor":28,"key":"Singing Bowl"},{"floor":31,"key":"Girya"},{"floor":31,"key":"Frozen Egg 2"}],"event_choices":[{"damage_healed":0,"gold_gain":0,"player_choice":"Success","damage_taken":3,"relics_obtained":["Oddly Smooth Stone"],"max_hp_gain":0,"max_hp_loss":0,"event_name":"Scrap Ooze","floor":2,"gold_loss":0},{"damage_healed":0,"gold_gain":0,"player_choice":"Donut","damage_taken":0,"max_hp_gain":5,"max_hp_loss":0,"event_name":"Big Fish","floor":3,"gold_loss":0},{"damage_healed":0,"gold_gain":75,"player_choice":"Gather Gold","damage_taken":11,"max_hp_gain":0,"max_hp_loss":0,"event_name":"World of Goop","floor":12,"gold_loss":0},{"damage_healed":0,"gold_gain":30,"player_choice":"Searched \u00272\u0027 times","damage_taken":0,"max_hp_gain":0,"max_hp_loss":0,"event_name":"Dead Adventurer","floor":14,"gold_loss":0},{"damage_healed":0,"gold_gain":99,"player_choice":"Stole From Cult","damage_taken":0,"max_hp_gain":0,"max_hp_loss":0,"event_name":"Nest","floor":19,"gold_loss":0},{"damage_healed":0,"gold_gain":0,"player_choice":"Shed Blood","damage_taken":21,"max_hp_gain":5,"max_hp_loss":0,"event_name":"Forgotten Altar","floor":20,"gold_loss":0},{"damage_healed":0,"gold_gain":0,"player_choice":"Fight","damage_taken":0,"max_hp_gain":0,"max_hp_loss":0,"event_name":"Colosseum","floor":31,"gold_loss":0},{"damage_healed":0,"gold_gain":0,"player_choice":"Fought Nobs","damage_taken":0,"max_hp_gain":0,"max_hp_loss":0,"event_name":"Colosseum","floor":31,"gold_loss":0},{"damage_healed":0,"gold_gain":0,"player_choice":"Ignored","damage_taken":0,"max_hp_gain":0,"max_hp_loss":0,"event_name":"Tomb of Lord Red Mask","floor":36,"gold_loss":0}],"is_beta":false,"boss_relics":[{"not_picked":["Calling Bell","Astrolabe"],"picked":"Pandora\u0027s Box"},{"not_picked":["Velvet Choker","Orrery"],"picked":"Sozu"}],"items_purged_floors":[10],"is_endless":false,"potions_floor_spawned":[5,6,11,18,27,28,33,38,39],"killed_by":"Giant Head","ascension_level":3}