{"gold_per_floor":[117,3,3,17,30,30,30,30,76,88,88,138,158,168,168,168],"floor_reached":16,"playtime":279,"items_purged":[],"score":184,"play_id":"c871f242-9442-454e-b31b-b5686b28191e","local_time":"20190826220402","is_ascension_mode":true,"campfire_choices":[{"data":"Defragment","floor":6,"key":"SMITH"},{"data":"Zap","floor":8,"key":"SMITH"},{"data":"Dualcast","floor":11,"key":"SMITH"},{"data":"Recycle","floor":15,"key":"SMITH"}],"neow_cost":"NONE","seed_source_timestamp":2523238843569730,"circlet_count":0,"master_deck":["AscendersBane","Strike_B","Strike_B","Strike_B","Strike_B","Defend_B","Defend_B","Defend_B","Defend_B","Zap+1","Dualcast+1","Auto Shields","Defragment+1","Lockon","Turbo","Genetic Algorithm","Recycle+1","Compile Driver"],"relics":["Cracked Core","Art of War","Bird Faced Urn","Happy Flower"],"potions_floor_usage":[10,13],"damage_taken":[{"damage":2,"enemies":"Jaw Worm","floor":1,"turns":3},{"damage":0,"enemies":"Cultist","floor":4,"turns":3},{"damage":0,"enemies":"2 Louse","floor":5,"turns":2},{"damage":0,"enemies":"Lots of Slimes","floor":10,"turns":2},{"damage":16,"enemies":"Gremlin Gang","floor":13,"turns":5},{"damage":16,"enemies":"2 Fungi Beasts","floor":14,"turns":3},{"damage":34,"enemies":"Hexaghost","floor":16,"turns":9}],"seed_played":"-7819131913393520459","potions_obtained":[{"floor":1,"key":"SteroidPotion"},{"floor":4,"key":"Explosive Potion"}],"is_trial":false,"path_per_floor":["M","$","?","M","M","R","$","R","T","M","R","?","M","M","R","B"],"character_chosen":"DEFECT","items_purchased":["Defragment","Lockon"],"campfire_rested":0,"item_purchase_floors":[2,2],"current_hp_per_floor":[62,62,57,57,57,57,57,57,57,59,59,59,45,31,31,0],"gold":168,"neow_bonus":"RANDOM_COMMON_RELIC","is_prod":false,"is_daily":false,"chose_seed":false,"campfire_upgraded":4,"win_rate":0,"timestamp":1566828242,"path_taken":["M","$","?","M","M","R","?","R","T","?","R","?","M","M","R","BOSS"],"build_version":"2019-07-17","purchased_purges":0,"victory":false,"max_hp_per_floor":[71,71,71,71,71,71,71,71,71,71,71,71,71,71,71,71],"card_choices":[{"not_picked":["Leap","Genetic Algorithm"],"picked":"Auto Shields","floor":1},{"not_picked":["Reprogram","Ball Lightning"],"picked":"Turbo","floor":4},{"not_picked":["Doom and Gloom","Steam"],"picked":"Genetic Algorithm","floor":5},{"not_picked":["Turbo","Chill"],"picked":"Recycle","floor":10},{"not_picked":["Streamline","Barrage"],"picked":"Compile Driver","floor":13},{"not_picked":["Turbo","Leap","Auto Shields"],"picked":"SKIP","floor":14}],"player_experience":2245071,"relics_obtained":[{"floor":9,"key":"Happy Flower"}],"event_choices":[{"damage_healed":0,"gold_gain":0,"player_choice":"Success","damage_taken":5,"relics_obtained":["Bird Faced Urn"],"max_hp_gain":0,"max_hp_loss":0,"event_name":"Scrap Ooze","floor":3,"gold_loss":0},{"damage_healed":0,"gold_gain":50,"player_choice":"Pray","damage_taken":0,"max_hp_gain":0,"max_hp_loss":0,"event_name":"Golden Shrine","floor":12,"gold_loss":0}],"is_beta":false,"boss_relics":[],"items_purged_floors":[],"is_endless":false,"potions_floor_spawned":[1,4,5],"killed_by":"Hexaghost","ascension_level":20}