{"gold_per_floor":[114,114,39,54,69,99,99,129,154,154,154,169,184,214,214,314,314,329,344,194,3,53,53,68,83,83,98,98,128,128,143,143,243,243,258,280,295,310,185,185,200,200,250,350,365,65,80,80,80,80],"floor_reached":50,"playtime":2934,"items_purged":["Defend_R","Strike_R","Strike_R"],"score":484,"play_id":"b30956e2-d3a8-4135-84df-ac1afbded284","local_time":"20190618004855","daily_mods":["Allstar","Blue Cards","Lethality"],"is_ascension_mode":false,"campfire_choices":[{"data":"Apotheosis","floor":7,"key":"SMITH"},{"data":"Mayhem","floor":10,"key":"SMITH"},{"data":"Cleave","floor":15,"key":"SMITH"},{"data":"Trip","floor":23,"key":"SMITH"},{"floor":28,"key":"REST"},{"floor":32,"key":"REST"},{"floor":40,"key":"REST"},{"data":"Demon Form","floor":49,"key":"SMITH"}],"neow_cost":"","seed_source_timestamp":51899912794852,"circlet_count":0,"master_deck":["Strike_R","Defend_R","Defend_R","Defend_R+1","Bash","PanicButton","Forethought","Apotheosis+1","Thinking Ahead+1","Mayhem+1","Twin Strike","Twin Strike","Inflame","Cleave+1","Tempest","Machine Learning","Trip+1","Twin Strike+1","Demon Form+1","Static Discharge+1"],"special_seed":18065,"relics":["Black Blood","Anchor","Question Card","Oddly Smooth Stone","Blood Vial","Busted Crown","Omamori","Ancient Tea Set","Toxic Egg 2","Gremlin Horn","Pocketwatch","War Paint","StoneCalendar","FossilizedHelix"],"potions_floor_usage":[],"damage_taken":[{"damage":5,"enemies":"Cultist","floor":1,"turns":4},{"damage":1,"enemies":"2 Louse","floor":4,"turns":3},{"damage":9,"enemies":"Jaw Worm","floor":5,"turns":2},{"damage":16,"enemies":"3 Sentries","floor":6,"turns":6},{"damage":17,"enemies":"Gremlin Nob","floor":8,"turns":3},{"damage":4,"enemies":"Looter","floor":12,"turns":3},{"damage":0,"enemies":"Exordium Wildlife","floor":13,"turns":3},{"damage":5,"enemies":"3 Sentries","floor":14,"turns":5},{"damage":59,"enemies":"Hexaghost","floor":16,"turns":6},{"damage":0,"enemies":"Chosen","floor":18,"turns":3},{"damage":16,"enemies":"Shell Parasite","floor":19,"turns":4},{"damage":0,"enemies":"Sentry and Sphere","floor":24,"turns":3},{"damage":14,"enemies":"Snake Plant","floor":25,"turns":3},{"damage":27,"enemies":"Snecko","floor":27,"turns":4},{"damage":34,"enemies":"Slavers","floor":29,"turns":4},{"damage":11,"enemies":"Shelled Parasite and Fungi","floor":31,"turns":4},{"damage":21,"enemies":"Collector","floor":33,"turns":5},{"damage":8,"enemies":"Orb Walker","floor":35,"turns":3},{"damage":62,"enemies":"2 Orb Walkers","floor":36,"turns":5},{"damage":12,"enemies":"3 Shapes","floor":37,"turns":3},{"damage":15,"enemies":"Maw","floor":38,"turns":5},{"damage":5,"enemies":"Jaw Worm Horde","floor":41,"turns":3},{"damage":0,"enemies":"Mind Bloom Boss Battle","floor":44,"turns":5},{"damage":38,"enemies":"Sphere and 2 Shapes","floor":45,"turns":3},{"damage":1,"enemies":"Maw","floor":47,"turns":5},{"damage":92,"enemies":"Time Eater","floor":50,"turns":4}],"seed_played":"-5358867478897868578","potions_obtained":[{"floor":12,"key":"Weak Potion"},{"floor":14,"key":"Energy Potion"},{"floor":19,"key":"Fire Potion"},{"floor":27,"key":"FairyPotion"},{"floor":41,"key":"BloodPotion"}],"is_trial":false,"path_per_floor":["M","?","$","M","M","E","R","E","T","R","?","M","M","E","R","B",null,"M","M","$","$","T","R","M","M","T","M","R","E","?","M","R","B",null,"M","?","M","M","$","R","M","?","T","?","M","$","M","?","R","B"],"character_chosen":"IRONCLAD","items_purchased":["Omamori","Trip","FossilizedHelix"],"campfire_rested":3,"item_purchase_floors":[20,21,46],"current_hp_per_floor":[80,73,73,78,75,65,65,54,54,54,54,56,62,63,63,12,80,80,70,70,70,70,70,78,72,72,53,77,51,51,48,72,59,80,80,28,28,25,25,49,56,56,56,68,42,42,53,73,73,0],"gold":80,"neow_bonus":"","is_prod":false,"is_daily":true,"chose_seed":false,"campfire_upgraded":5,"win_rate":0,"timestamp":1560844135,"path_taken":["M","?","$","M","M","E","R","E","T","R","?","M","M","E","R","BOSS","M","?","?","$","?","R","M","M","T","?","R","E","?","M","R","BOSS","M","?","M","M","$","R","M","?","T","?","M","$","M","?","R","BOSS"],"build_version":"2019-01-23","purchased_purges":3,"victory":false,"max_hp_per_floor":[80,80,80,80,80,80,80,80,80,80,80,80,80,80,80,80,80,80,80,80,80,80,80,80,80,80,80,80,80,80,80,80,80,80,80,80,80,80,80,80,80,80,80,80,80,80,80,80,80,80],"card_choices":[{"not_picked":["Conserve Battery","Havoc"],"picked":"Twin Strike","floor":1},{"not_picked":["Metallicize","Beam Cell"],"picked":"Twin Strike","floor":4},{"not_picked":["Force Field","Twin Strike"],"picked":"Inflame","floor":5},{"not_picked":["Infernal Blade","Beam Cell"],"picked":"Cleave","floor":6},{"not_picked":["Undo","Immolate","Sunder"],"picked":"SKIP","floor":8},{"not_picked":["Iron Wave","Lockon","Streamline","Redo"],"picked":"SKIP","floor":12},{"not_picked":["Disarm","Metallicize","Heavy Blade"],"picked":"Tempest","floor":13},{"not_picked":["Compile Driver","Cold Snap","Glacier","Double Tap"],"picked":"SKIP","floor":14},{"not_picked":["All For One","Core Surge","Buffer"],"picked":"Machine Learning","floor":16},{"not_picked":["Rampage+1","Cold Snap"],"picked":"SKIP","floor":18},{"not_picked":["Beam Cell","White Noise"],"picked":"SKIP","floor":19},{"not_picked":["Cold Snap","Sentinel+1"],"picked":"SKIP","floor":24},{"not_picked":["Turbo","Blizzard"],"picked":"SKIP","floor":25},{"not_picked":["Gash"],"picked":"Twin Strike+1","floor":27},{"not_picked":["Thunderclap","Barrage"],"picked":"SKIP","floor":29},{"not_picked":["White Noise+1","Redo+1"],"picked":"SKIP","floor":31},{"not_picked":["Bludgeon"],"picked":"Demon Form","floor":33},{"not_picked":["Sword Boomerang+1","Wild Strike"],"picked":"SKIP","floor":35},{"not_picked":["Second Wind+1","Hemokinesis+1"],"picked":"SKIP","floor":37},{"not_picked":["Melter+1","Perfected Strike+1"],"picked":"SKIP","floor":38},{"not_picked":["Dropkick+1","BootSequence+1"],"picked":"SKIP","floor":41},{"not_picked":["Havoc+1"],"picked":"Static Discharge+1","floor":44},{"not_picked":["Sever Soul+1","Blood for Blood"],"picked":"SKIP","floor":45},{"not_picked":["Anger+1","Redo+1"],"picked":"SKIP","floor":47}],"player_experience":218685,"relics_obtained":[{"floor":6,"key":"Anchor"},{"floor":8,"key":"Question Card"},{"floor":9,"key":"Oddly Smooth Stone"},{"floor":14,"key":"Blood Vial"},{"floor":22,"key":"Ancient Tea Set"},{"floor":26,"key":"Toxic Egg 2"},{"floor":29,"key":"Gremlin Horn"},{"floor":36,"key":"Pocketwatch"},{"floor":43,"key":"War Paint"},{"floor":44,"key":"StoneCalendar"}],"event_choices":[{"cards_removed":["Strike_R"],"damage_healed":0,"gold_gain":0,"player_choice":"Card Removal","damage_taken":7,"max_hp_gain":0,"max_hp_loss":0,"event_name":"Golden Wing","floor":2,"gold_loss":0},{"cards_removed":["Strike_R"],"damage_healed":0,"gold_gain":0,"player_choice":"Purged","damage_taken":0,"max_hp_gain":0,"max_hp_loss":0,"event_name":"Purifier","floor":11,"gold_loss":0},{"damage_healed":0,"gold_gain":0,"player_choice":"Ignored","damage_taken":0,"max_hp_gain":0,"max_hp_loss":0,"event_name":"Ghosts","floor":30,"gold_loss":0},{"damage_healed":0,"gold_gain":0,"player_choice":"Fight","damage_taken":0,"max_hp_gain":0,"max_hp_loss":0,"event_name":"Mysterious Sphere","floor":36,"gold_loss":0},{"damage_healed":0,"gold_gain":0,"player_choice":"Memory 1","damage_taken":0,"max_hp_gain":0,"max_hp_loss":0,"event_name":"SensoryStone","floor":42,"gold_loss":0},{"damage_healed":0,"gold_gain":0,"player_choice":"Fight","damage_taken":0,"max_hp_gain":0,"max_hp_loss":0,"event_name":"MindBloom","floor":44,"gold_loss":0},{"damage_healed":20,"gold_gain":0,"player_choice":"Writhe","damage_taken":0,"max_hp_gain":0,"max_hp_loss":0,"event_name":"Winding Halls","floor":48,"gold_loss":0,"cards_obtained":["Writhe"]}],"is_beta":false,"boss_relics":[{"not_picked":["Ectoplasm","Calling Bell"],"picked":"Busted Crown"},{"not_picked":["Philosopher\u0027s Stone","Black Star"],"picked":"Black Blood"}],"items_purged_floors":[3,21,39],"is_endless":false,"potions_floor_spawned":[1,5,12,13,14,19,24,27,31,38,41,47],"killed_by":"Time Eater","ascension_level":0}