{"gold_per_floor":[110,110,110,123,45,45,80,80,80,100,125,161,177,191,191,280,280,305,18,39,39,39],"floor_reached":22,"playtime":554,"items_purged":["Strike_B"],"score":542,"play_id":"555d6c8e-1bb8-42f5-872f-cdbdb1feb2bb","local_time":"20190815150046","is_ascension_mode":true,"campfire_choices":[{"data":"Zap","floor":6,"key":"SMITH"},{"data":"Dualcast","floor":8,"key":"SMITH"},{"data":"Defragment","floor":15,"key":"SMITH"}],"neow_cost":"NONE","seed_source_timestamp":1547132012192373,"circlet_count":0,"master_deck":["AscendersBane","Strike_B","Strike_B","Defend_B","Defend_B","Defend_B","Defend_B","Zap+1","Dualcast+1","Compile Driver","Hologram","Loop","Compile Driver","Recycle+1","Machine Learning","Defragment+1","Ball Lightning","Sunder","Biased Cognition","Conserve Battery","All For One","Recycle"],"relics":["Cracked Core","NeowsBlessing","Golden Idol","Singing Bowl","Unceasing Top","Coffee Dripper"],"potions_floor_usage":[11,13,16],"damage_taken":[{"damage":0,"enemies":"2 Louse","floor":1,"turns":1},{"damage":0,"enemies":"Small Slimes","floor":4,"turns":1},{"damage":0,"enemies":"Gremlin Nob","floor":7,"turns":1},{"damage":0,"enemies":"Cultist","floor":10,"turns":3},{"damage":1,"enemies":"Red Slaver","floor":11,"turns":4},{"damage":22,"enemies":"Lagavulin","floor":12,"turns":6},{"damage":17,"enemies":"Exordium Thugs","floor":13,"turns":4},{"damage":13,"enemies":"Lots of Slimes","floor":14,"turns":4},{"damage":0,"enemies":"Slime Boss","floor":16,"turns":7},{"damage":12,"enemies":"Chosen","floor":18,"turns":3},{"damage":20,"enemies":"Spheric Guardian","floor":20,"turns":4},{"damage":24,"enemies":"3 Cultists","floor":22,"turns":3}],"seed_played":"8688094737963046469","potions_obtained":[{"floor":4,"key":"Energy Potion"},{"floor":12,"key":"Block Potion"},{"floor":13,"key":"Weak Potion"},{"floor":14,"key":"Explosive Potion"},{"floor":16,"key":"SpeedPotion"}],"is_trial":false,"path_per_floor":["M","?","?","M","$","R","E","R","T","M","M","E","M","M","R","B",null,"M","$","M","?","M"],"character_chosen":"DEFECT","items_purchased":["Loop","All For One","Recycle"],"campfire_rested":0,"item_purchase_floors":[5,19,19],"current_hp_per_floor":[64,64,64,64,64,64,64,64,64,64,63,41,24,11,11,11,51,39,39,21,21,0],"gold":39,"neow_bonus":"THREE_ENEMY_KILL","is_prod":false,"is_daily":false,"chose_seed":false,"campfire_upgraded":3,"win_rate":0,"timestamp":1565852446,"path_taken":["M","?","?","?","?","R","E","R","T","M","M","E","M","M","R","BOSS","M","$","M","?","M"],"build_version":"2019-07-17","purchased_purges":1,"victory":false,"max_hp_per_floor":[71,64,64,64,64,64,64,64,64,64,64,64,64,64,64,64,64,64,64,66,66,66],"card_choices":[{"not_picked":["Go for the Eyes","Rebound"],"picked":"Compile Driver","floor":1},{"not_picked":["Steam","Sweeping Beam"],"picked":"Hologram","floor":4},{"not_picked":["Leap","Capacitor"],"picked":"Compile Driver","floor":7},{"not_picked":["Doom and Gloom","Rebound"],"picked":"Recycle","floor":10},{"not_picked":["Barrage","Streamline"],"picked":"Machine Learning","floor":11},{"not_picked":["Barrage","Consume"],"picked":"Defragment","floor":12},{"not_picked":["Stack","Sweeping Beam"],"picked":"Ball Lightning","floor":13},{"not_picked":["Blizzard","Barrage"],"picked":"Sunder","floor":14},{"not_picked":["Core Surge","Multi-Cast"],"picked":"Biased Cognition","floor":16},{"not_picked":["Hologram","Steam"],"picked":"Conserve Battery","floor":18},{"not_picked":["Gash","Hologram","Loop"],"picked":"Singing Bowl","floor":20}],"player_experience":2169952,"relics_obtained":[{"floor":7,"key":"Singing Bowl"},{"floor":12,"key":"Unceasing Top"}],"event_choices":[{"damage_healed":0,"gold_gain":0,"player_choice":"Lose Max HP","damage_taken":0,"relics_obtained":["Golden Idol"],"max_hp_gain":0,"max_hp_loss":7,"event_name":"Golden Idol","floor":2,"gold_loss":0},{"cards_removed":["Strike_B"],"damage_healed":0,"gold_gain":0,"player_choice":"Offered Basic","damage_taken":0,"max_hp_gain":0,"max_hp_loss":0,"event_name":"Bonfire Elementals","floor":3,"gold_loss":0},{"damage_healed":0,"gold_gain":0,"player_choice":"Upgraded","damage_taken":0,"max_hp_gain":0,"max_hp_loss":0,"event_name":"Upgrade Shrine","floor":21,"gold_loss":0,"cards_upgraded":["Recycle"]}],"is_beta":false,"boss_relics":[{"not_picked":["FrozenCore","Calling Bell"],"picked":"Coffee Dripper"}],"items_purged_floors":[19],"is_endless":false,"potions_floor_spawned":[4,12,13,14,16,20],"killed_by":"3 Cultists","ascension_level":20}