{"gold_per_floor":[110,110,110,285,309,309,343,71,71,84,98,98,173,187,187,318,318,331,354,211,211,232,232,232,232,277,277,192,216,23,23,23,146,146,165,498,42,42,42,42,56,73,119,119,129,129],"floor_reached":46,"playtime":4136,"items_purged":["Doubt"],"score":535,"play_id":"8f0dde75-5723-469b-9a32-f18b56134ed3","local_time":"20190807002553","is_ascension_mode":true,"campfire_choices":[{"floor":6,"key":"REST"},{"floor":12,"key":"REST"},{"data":"Bane","floor":15,"key":"SMITH"},{"floor":23,"key":"REST"},{"data":"Bane","floor":25,"key":"SMITH"},{"data":"Noxious Fumes","floor":27,"key":"SMITH"},{"floor":32,"key":"REST"},{"data":"Masterful Stab","floor":40,"key":"SMITH"},{"floor":44,"key":"REST"}],"neow_cost":"NONE","seed_source_timestamp":429141181187695,"circlet_count":0,"master_deck":["Survivor+1","Neutralize","Bane+1","Noxious Fumes+1","Noxious Fumes","Slice","Slice","Bane+1","Corpse Explosion","Quick Slash","Well Laid Plans","All Out Attack+1","Flechettes+1","Burst","Reflex","Expertise","Crippling Poison","Bullet Time","Die Die Die","Eviscerate","Predator","Slice","Masterful Stab+1","Flying Knee","Crippling Poison+1","Dagger Spray+1","Parasite","Slice"],"relics":["Ring of the Snake","NeowsBlessing","Ancient Tea Set","TwistedFunnel","Mercury Hourglass","Eternal Feather","Art of War","Blood Vial","Tough Bandages","Toolbox","Pandora\u0027s Box","MealTicket","Singing Bowl","Bag of Preparation"],"potions_floor_usage":[33,46,46],"damage_taken":[{"damage":0,"enemies":"2 Louse","floor":1,"turns":1},{"damage":0,"enemies":"Small Slimes","floor":5,"turns":1},{"damage":0,"enemies":"Lagavulin","floor":7,"turns":1},{"damage":4,"enemies":"Cultist","floor":10,"turns":3},{"damage":1,"enemies":"Looter","floor":11,"turns":3},{"damage":0,"enemies":"Exordium Wildlife","floor":14,"turns":3},{"damage":40,"enemies":"The Guardian","floor":16,"turns":9},{"damage":24,"enemies":"3 Byrds","floor":18,"turns":4},{"damage":17,"enemies":"2 Thieves","floor":19,"turns":3},{"damage":18,"enemies":"Snecko","floor":22,"turns":4},{"damage":33,"enemies":"Snake Plant","floor":29,"turns":3},{"damage":38,"enemies":"Collector","floor":33,"turns":7},{"damage":27,"enemies":"3 Shapes","floor":35,"turns":4},{"damage":8,"enemies":"Orb Walker","floor":41,"turns":2},{"damage":32,"enemies":"4 Shapes","floor":42,"turns":2},{"damage":37,"enemies":"Writhing Mass","floor":45,"turns":5},{"damage":33,"enemies":"Sphere and 2 Shapes","floor":46,"turns":4}],"seed_played":"9113686500685871876","potions_obtained":[{"floor":10,"key":"SpeedPotion"},{"floor":14,"key":"SpeedPotion"},{"floor":16,"key":"Weak Potion"},{"floor":33,"key":"SneckoOil"}],"is_trial":false,"path_per_floor":["M","?","?","?","M","R","E","$","T","M","M","R","?","M","R","B",null,"M","M","$","?","M","R","$","R","T","R","?","M","$","?","R","B",null,"M","?","$","?","$","R","M","M","T","R","M","M"],"character_chosen":"THE_SILENT","items_purchased":["TwistedFunnel","Art of War","Toolbox","MealTicket","Singing Bowl"],"campfire_rested":5,"item_purchase_floors":[8,20,30,37,37],"current_hp_per_floor":[70,65,52,52,52,65,65,65,65,61,60,65,59,59,59,19,65,41,24,24,45,27,58,58,65,65,65,65,32,32,32,63,27,65,38,38,38,38,53,65,57,27,27,61,26,0],"gold":129,"neow_bonus":"THREE_ENEMY_KILL","is_prod":false,"is_daily":false,"chose_seed":false,"campfire_upgraded":4,"win_rate":0,"timestamp":1565155553,"path_taken":["M","?","?","?","M","R","E","$","T","M","M","R","?","M","R","BOSS","M","M","?","?","M","R","$","R","T","R","?","?","?","?","R","BOSS","M","?","$","?","?","R","M","M","T","R","M","?"],"build_version":"2019-07-17","purchased_purges":1,"victory":false,"max_hp_per_floor":[70,65,65,65,65,65,65,65,65,65,65,65,65,65,65,65,65,65,65,65,65,65,65,65,65,65,65,65,65,65,65,65,65,65,65,65,65,65,65,65,65,65,65,65,65,65],"card_choices":[{"not_picked":["Dagger Throw","Leg Sweep"],"picked":"Bane","floor":1},{"not_picked":["Underhanded Strike","Acrobatics"],"picked":"Noxious Fumes","floor":5},{"not_picked":["Underhanded Strike","Eviscerate"],"picked":"Noxious Fumes","floor":7},{"not_picked":["Acrobatics","Prepared"],"picked":"Slice","floor":10},{"not_picked":["Eviscerate","Wraith Form v2"],"picked":"Slice","floor":11},{"not_picked":["Underhanded Strike","Deadly Poison"],"picked":"Bane","floor":14},{"not_picked":["Venomology","Envenom"],"picked":"Corpse Explosion","floor":16},{"not_picked":["Underhanded Strike","Blade Dance"],"picked":"Quick Slash","floor":18},{"not_picked":["Deflect","Heel Hook+1"],"picked":"Well Laid Plans","floor":19},{"not_picked":["Caltrops","PiercingWail"],"picked":"All Out Attack+1","floor":22},{"not_picked":["Blade Dance","Heel Hook"],"picked":"Flechettes+1","floor":29},{"not_picked":["After Image","Corpse Explosion"],"picked":"Burst","floor":33},{"not_picked":["Cloak And Dagger","Backstab+1"],"picked":"Flying Knee","floor":35},{"not_picked":["Blur","Sucker Punch+1"],"picked":"Crippling Poison+1","floor":41},{"not_picked":["Bane","Deflect+1"],"picked":"Dagger Spray+1","floor":42},{"not_picked":["Backstab+1","Blur+1"],"picked":"Slice","floor":45}],"player_experience":285999,"relics_obtained":[{"floor":7,"key":"Ancient Tea Set"},{"floor":9,"key":"Mercury Hourglass"},{"floor":26,"key":"Blood Vial"},{"floor":43,"key":"Bag of Preparation"}],"event_choices":[{"damage_healed":0,"gold_gain":0,"player_choice":"Lose Max HP","damage_taken":0,"relics_obtained":["Golden Idol"],"max_hp_gain":0,"max_hp_loss":5,"event_name":"Golden Idol","floor":2,"gold_loss":0},{"damage_healed":0,"gold_gain":0,"player_choice":"Entered Light","damage_taken":13,"max_hp_gain":0,"max_hp_loss":0,"event_name":"Shining Light","floor":3,"gold_loss":0,"cards_upgraded":["Survivor","Defend_G"]},{"damage_healed":0,"gold_gain":175,"player_choice":"AGREE","damage_taken":0,"max_hp_gain":0,"max_hp_loss":0,"event_name":"Liars Game","floor":4,"gold_loss":0,"cards_obtained":["Doubt"]},{"damage_healed":0,"gold_gain":75,"player_choice":"Touch","damage_taken":6,"max_hp_gain":0,"max_hp_loss":0,"event_name":"FaceTrader","floor":13,"gold_loss":0},{"damage_healed":21,"gold_gain":0,"player_choice":"Heal","damage_taken":0,"max_hp_gain":0,"max_hp_loss":0,"event_name":"The Library","floor":21,"gold_loss":0},{"damage_healed":0,"gold_gain":0,"player_choice":"Obtained Relic","damage_taken":0,"relics_obtained":["Tough Bandages"],"max_hp_gain":0,"max_hp_loss":0,"event_name":"Addict","floor":28,"gold_loss":85},{"damage_healed":0,"gold_gain":0,"player_choice":"Simplicity","damage_taken":0,"max_hp_gain":0,"max_hp_loss":0,"event_name":"Back to Basics","floor":31,"gold_loss":0,"cards_upgraded":["Strike_G","Strike_G","Strike_G","Strike_G","Strike_G","Defend_G","Defend_G","Defend_G","Defend_G"]},{"damage_healed":0,"gold_gain":333,"player_choice":"Gave Idol","damage_taken":0,"max_hp_gain":0,"max_hp_loss":0,"event_name":"The Moai Head","floor":36,"relics_lost":["Golden Idol"],"gold_loss":0},{"cards_removed":["Reflex"],"damage_healed":0,"gold_gain":0,"player_choice":"Removed Skill","damage_taken":0,"max_hp_gain":0,"max_hp_loss":0,"event_name":"Falling","floor":38,"gold_loss":0}],"is_beta":false,"boss_relics":[{"not_picked":["Runic Dome","Empty Cage"],"picked":"Eternal Feather"},{"not_picked":["Calling Bell","Cursed Key"],"picked":"Pandora\u0027s Box"}],"items_purged_floors":[8],"is_endless":false,"potions_floor_spawned":[10,14,16,19,29,33,41],"killed_by":"Sphere and 2 Shapes","ascension_level":2}