{"gold_per_floor":[217,167,18,18,18,18,18,31,31,45,6,35,35,2,2,2],"floor_reached":16,"playtime":540,"items_purged":[],"score":86,"play_id":"3e2559d7-01f1-44f2-a672-1b2f746d4d01","local_time":"20190603163217","is_ascension_mode":false,"campfire_choices":[{"data":"Zap","floor":6,"key":"SMITH"},{"data":"Dualcast","floor":13,"key":"SMITH"},{"floor":15,"key":"REST"}],"neow_cost":"NONE","seed_source_timestamp":267222078894235,"circlet_count":0,"master_deck":["Strike_B","Strike_B","Strike_B","Defend_B","Defend_B","Defend_B","Zap+1","Dualcast+1","Heatsinks","Loop","Gash"],"relics":["Cracked Core","Lantern","Golden Idol","Odd Mushroom"],"potions_floor_usage":[],"damage_taken":[{"damage":2,"enemies":"2 Louse","floor":1,"turns":4},{"damage":0,"enemies":"Small Slimes","floor":8,"turns":2},{"damage":1,"enemies":"Jaw Worm","floor":10,"turns":3},{"damage":15,"enemies":"The Mushroom Lair","floor":12,"turns":4},{"damage":76,"enemies":"Hexaghost","floor":16,"turns":10}],"seed_played":"-2802598035318482960","potions_obtained":[{"floor":1,"key":"Energy Potion"},{"floor":10,"key":"SkillPotion"}],"is_trial":false,"path_per_floor":["M","?","$","?","?","R","?","M","T","M","$","?","R","?","R","B"],"character_chosen":"DEFECT","items_purchased":["Lantern","Loop"],"campfire_rested":1,"item_purchase_floors":[3,11],"current_hp_per_floor":[73,73,73,55,75,75,68,68,68,67,67,52,52,52,74,0],"gold":2,"neow_bonus":"HUNDRED_GOLD","is_prod":false,"is_daily":false,"chose_seed":false,"campfire_upgraded":2,"win_rate":0,"timestamp":1559604737,"path_taken":["M","?","$","?","?","R","?","?","T","M","$","?","R","?","R","BOSS"],"build_version":"2019-01-23","purchased_purges":0,"victory":false,"max_hp_per_floor":[75,75,75,75,75,75,75,75,75,75,75,75,75,75,75,75],"card_choices":[{"not_picked":["Coolheaded","Leap"],"picked":"Heatsinks","floor":1},{"not_picked":["Redo","Undo","Lockon"],"picked":"SKIP","floor":8},{"not_picked":["Genetic Algorithm","Stack","FTL"],"picked":"SKIP","floor":10},{"not_picked":["Hologram","Steam"],"picked":"Gash","floor":12}],"player_experience":188314,"relics_obtained":[{"floor":12,"key":"Odd Mushroom"}],"event_choices":[{"cards_removed":["Strike_B"],"damage_healed":0,"gold_gain":0,"player_choice":"Card Removal","damage_taken":0,"max_hp_gain":0,"max_hp_loss":0,"event_name":"The Cleric","floor":2,"gold_loss":50},{"damage_healed":0,"gold_gain":0,"player_choice":"Take Damage","damage_taken":18,"relics_obtained":["Golden Idol"],"max_hp_gain":0,"max_hp_loss":0,"event_name":"Golden Idol","floor":4,"gold_loss":0},{"damage_healed":25,"gold_gain":0,"player_choice":"Banana","damage_taken":0,"max_hp_gain":0,"max_hp_loss":0,"event_name":"Big Fish","floor":5,"gold_loss":0},{"cards_removed":["Defend_B"],"damage_healed":0,"gold_gain":0,"player_choice":"Card Removal","damage_taken":7,"max_hp_gain":0,"max_hp_loss":0,"event_name":"Golden Wing","floor":7,"gold_loss":0},{"damage_healed":0,"gold_gain":0,"player_choice":"Fought Mushrooms","damage_taken":0,"max_hp_gain":0,"max_hp_loss":0,"event_name":"Mushrooms","floor":12,"gold_loss":0},{"damage_healed":0,"gold_gain":0,"player_choice":"Left Gold","damage_taken":0,"max_hp_gain":0,"max_hp_loss":0,"event_name":"World of Goop","floor":14,"gold_loss":33}],"is_beta":false,"boss_relics":[],"items_purged_floors":[],"is_endless":false,"potions_floor_spawned":[1,10],"killed_by":"Hexaghost","ascension_level":0}