{"gold_per_floor":[115,135,135,135,150,178,193,193,273,288,298,298,318,393,393,498,498,517,517,544,504,519,519,539,559,606,521,532,532,550,203,203,203],"floor_reached":33,"playtime":3388,"items_purged":[],"score":301,"play_id":"039fafaa-ad5e-482f-8be5-cbfe86314136","local_time":"20190729220515","is_ascension_mode":true,"campfire_choices":[{"floor":8,"key":"REST"},{"data":"Anger","floor":12,"key":"SMITH"},{"data":"Searing Blow","floor":15,"key":"SMITH"},{"floor":23,"key":"REST"},{"floor":29,"key":"REST"},{"floor":32,"key":"REST"}],"neow_cost":"NONE","seed_source_timestamp":1545471014722190,"circlet_count":0,"master_deck":["Strike_R","Strike_R","Strike_R","Strike_R","Strike_R","Defend_R","Defend_R","Defend_R","Defend_R","Bash","Body Slam+1","Clash","Anger+1","Perfected Strike","Clash","Clash","Searing Blow+1","Limit Break+1","Pommel Strike","Cleave","Flex","Flex"],"relics":["Burning Blood","Centennial Puzzle","Turnip","Singing Bowl","Fusion Hammer","Potion Belt","Red Mask","Anchor","Happy Flower","MealTicket","Strawberry"],"potions_floor_usage":[20,25,33,33,33,33],"damage_taken":[{"damage":9,"enemies":"2 Louse","floor":1,"turns":3},{"damage":1,"enemies":"Cultist","floor":2,"turns":4},{"damage":2,"enemies":"Jaw Worm","floor":5,"turns":3},{"damage":28,"enemies":"Gremlin Nob","floor":6,"turns":5},{"damage":5,"enemies":"Large Slime","floor":7,"turns":4},{"damage":11,"enemies":"Looter","floor":10,"turns":2},{"damage":4,"enemies":"Red Slaver","floor":11,"turns":2},{"damage":1,"enemies":"3 Louse","floor":13,"turns":2},{"damage":10,"enemies":"Slime Boss","floor":16,"turns":8},{"damage":13,"enemies":"2 Thieves","floor":18,"turns":3},{"damage":36,"enemies":"Masked Bandits","floor":20,"turns":4},{"damage":15,"enemies":"3 Byrds","floor":22,"turns":4},{"damage":18,"enemies":"Snake Plant","floor":24,"turns":2},{"damage":20,"enemies":"Centurion and Healer","floor":25,"turns":3},{"damage":1,"enemies":"Cultist and Chosen","floor":28,"turns":3},{"damage":22,"enemies":"3 Cultists","floor":30,"turns":4},{"damage":121,"enemies":"Automaton","floor":33,"turns":8}],"seed_played":"-8497455779828025549","potions_obtained":[{"floor":1,"key":"Regen Potion"},{"floor":2,"key":"PowerPotion"},{"floor":5,"key":"FearPotion"},{"floor":20,"key":"Swift Potion"},{"floor":25,"key":"BloodPotion"},{"floor":30,"key":"Swift Potion"}],"is_trial":false,"path_per_floor":["M","M","$","?","M","E","M","R","T","M","M","R","M","?","R","B",null,"M","?","?","?","M","R","M","M","T","?","M","R","M","$","R","B"],"character_chosen":"IRONCLAD","items_purchased":["MealTicket","Strawberry"],"campfire_rested":4,"item_purchase_floors":[31,31],"current_hp_per_floor":[77,80,80,80,80,58,59,80,80,75,79,79,82,71,71,67,82,75,75,45,45,36,60,50,41,41,41,48,73,59,66,94,0],"gold":203,"neow_bonus":"RANDOM_COMMON_RELIC","is_prod":false,"is_daily":false,"chose_seed":false,"campfire_upgraded":2,"win_rate":0,"timestamp":1564455915,"path_taken":["M","M","$","?","M","E","M","R","T","M","M","R","?","?","R","BOSS","M","?","?","?","?","R","M","M","T","?","M","R","M","$","R","BOSS"],"build_version":"2019-07-17","purchased_purges":0,"victory":false,"max_hp_per_floor":[80,80,80,80,80,80,80,80,80,80,82,82,82,82,82,82,82,82,82,82,82,82,82,84,84,84,84,86,86,88,95,95,95],"card_choices":[{"not_picked":["Rupture","True Grit"],"picked":"Body Slam","floor":1},{"not_picked":["Rage","Thunderclap"],"picked":"Clash","floor":2},{"not_picked":["Ghostly Armor","Sword Boomerang"],"picked":"Anger","floor":5},{"not_picked":["Blood for Blood","Entrench"],"picked":"Perfected Strike","floor":6},{"not_picked":["True Grit","Clothesline"],"picked":"Clash","floor":7},{"not_picked":["Burning Pact","Whirlwind"],"picked":"Clash","floor":10},{"not_picked":["Whirlwind","Dual Wield","True Grit"],"picked":"Singing Bowl","floor":11},{"not_picked":["Sword Boomerang","Havoc"],"picked":"Searing Blow","floor":13},{"not_picked":["Demon Form","Reaper"],"picked":"Limit Break","floor":16},{"not_picked":["Evolve","Wild Strike"],"picked":"Pommel Strike","floor":18},{"not_picked":["True Grit","Clothesline"],"picked":"Cleave","floor":20},{"not_picked":["Sever Soul+1","True Grit"],"picked":"Flex","floor":22},{"not_picked":["Hemokinesis+1","Spot Weakness","Iron Wave"],"picked":"Singing Bowl","floor":24},{"not_picked":["Wild Strike","Thunderclap"],"picked":"Flex","floor":25},{"not_picked":["Warcry","Spot Weakness","Burning Pact"],"picked":"Singing Bowl","floor":28},{"not_picked":["Havoc","Iron Wave+1","True Grit"],"picked":"Singing Bowl","floor":30}],"player_experience":236209,"relics_obtained":[{"floor":6,"key":"Turnip"},{"floor":9,"key":"Singing Bowl"},{"floor":20,"key":"Red Mask"},{"floor":26,"key":"Anchor"}],"event_choices":[{"damage_healed":0,"gold_gain":0,"player_choice":"Upgraded","damage_taken":0,"max_hp_gain":0,"max_hp_loss":0,"event_name":"Upgrade Shrine","floor":4,"gold_loss":0,"cards_upgraded":["Body Slam"]},{"damage_healed":0,"gold_gain":75,"player_choice":"Gather Gold","damage_taken":11,"max_hp_gain":0,"max_hp_loss":0,"event_name":"World of Goop","floor":14,"gold_loss":0},{"damage_healed":0,"gold_gain":0,"player_choice":"Opened","damage_taken":0,"relics_obtained":["Potion Belt"],"max_hp_gain":0,"max_hp_loss":0,"event_name":"The Mausoleum","floor":19,"gold_loss":0},{"damage_healed":0,"gold_gain":0,"player_choice":"Fought Bandits","damage_taken":0,"max_hp_gain":0,"max_hp_loss":0,"event_name":"Masked Bandits","floor":20,"gold_loss":0},{"damage_healed":0,"gold_gain":0,"player_choice":"Upgrade","damage_taken":0,"max_hp_gain":0,"max_hp_loss":0,"event_name":"Designer","floor":21,"gold_loss":40,"cards_upgraded":["Limit Break"]},{"damage_healed":0,"gold_gain":0,"player_choice":"Obtained Relic","damage_taken":0,"relics_obtained":["Happy Flower"],"max_hp_gain":0,"max_hp_loss":0,"event_name":"Addict","floor":27,"gold_loss":85}],"is_beta":false,"boss_relics":[{"not_picked":["Velvet Choker","Orrery"],"picked":"Fusion Hammer"}],"items_purged_floors":[],"is_endless":false,"potions_floor_spawned":[1,2,5,10,20,25,30],"killed_by":"Automaton","ascension_level":2}