{"gold_per_floor":[115,133,133,81,81,81,115,133,160,160,170,170,146,158,158,262,262,277,290,290,143,193,218,218,237,264,264,280,298,327,327,327,428,428,439,459,759,275,289,289,318,0,48,48,67,67,115,132,132,132],"floor_reached":50,"playtime":4568,"items_purged":["Prepared+1"],"score":585,"play_id":"b225f1fc-cd91-42e9-91e1-c1ad395a0682","local_time":"20190630160603","is_ascension_mode":false,"campfire_choices":[{"data":"Sucker Punch","floor":6,"key":"SMITH"},{"data":"Carnage","floor":10,"key":"SMITH"},{"data":"Riddle With Holes","floor":15,"key":"SMITH"},{"floor":24,"key":"REST"},{"floor":27,"key":"REST"},{"floor":32,"key":"REST"},{"floor":40,"key":"REST"},{"floor":44,"key":"REST"},{"floor":49,"key":"DIG"}],"neow_cost":"NONE","seed_source_timestamp":1062797811343123,"circlet_count":0,"master_deck":["Defend_G","Defend_G+1","Defend_G+1","Defend_G","Strike_G","Strike_G","Neutralize","Sucker Punch+1","Slice","Carnage+1","Phantasmal Killer","Poisoned Stab","Flying Knee","Riddle With Holes+1","Bullet Time","Choke+1","Bane+1","Flying Knee","Quick Slash","Finisher","Bane+1","Caltrops+1","Acrobatics+1","Adrenaline+1","Wraith Form v2+1","Outmaneuver+1"],"relics":["Ring of the Snake","NeowsBlessing","Bag of Marbles","War Paint","Pear","Runic Pyramid","Happy Flower","Oddly Smooth Stone","Potion Belt","Boot","Omamori","Astrolabe","Strawberry","MealTicket","Shovel","Red Mask","Lantern","Bronze Scales","Vajra"],"potions_floor_usage":[11,16,16,16,30,33,50,50,50],"damage_taken":[{"damage":0,"enemies":"Cultist","floor":1,"turns":1},{"damage":0,"enemies":"Jaw Worm","floor":2,"turns":1},{"damage":0,"enemies":"Gremlin Nob","floor":7,"turns":1},{"damage":0,"enemies":"2 Louse","floor":8,"turns":1},{"damage":0,"enemies":"Large Slime","floor":11,"turns":3},{"damage":0,"enemies":"2 Fungi Beasts","floor":14,"turns":2},{"damage":52,"enemies":"The Guardian","floor":16,"turns":9},{"damage":2,"enemies":"Chosen","floor":18,"turns":3},{"damage":10,"enemies":"3 Byrds","floor":19,"turns":4},{"damage":41,"enemies":"Gremlin Leader","floor":23,"turns":6},{"damage":5,"enemies":"Centurion and Healer","floor":25,"turns":4},{"damage":0,"enemies":"3 Cultists","floor":28,"turns":4},{"damage":15,"enemies":"Sentry and Sphere","floor":29,"turns":4},{"damage":1,"enemies":"Slavers","floor":30,"turns":2},{"damage":35,"enemies":"Collector","floor":33,"turns":4},{"damage":0,"enemies":"3 Shapes","floor":35,"turns":2},{"damage":18,"enemies":"Orb Walker","floor":36,"turns":3},{"damage":2,"enemies":"4 Shapes","floor":39,"turns":3},{"damage":28,"enemies":"Reptomancer","floor":41,"turns":5},{"damage":2,"enemies":"Jaw Worm Horde","floor":45,"turns":4},{"damage":0,"enemies":"Sphere and 2 Shapes","floor":48,"turns":3},{"damage":93,"enemies":"Awakened One","floor":50,"turns":6}],"seed_played":"8189611193356422662","potions_obtained":[{"floor":1,"key":"Ancient Potion"},{"floor":7,"key":"AttackPotion"},{"floor":11,"key":"Dexterity Potion"},{"floor":23,"key":"Swift Potion"},{"floor":28,"key":"FearPotion"},{"floor":29,"key":"SneckoOil"},{"floor":41,"key":"Explosive Potion"},{"floor":48,"key":"SteroidPotion"}],"is_trial":false,"path_per_floor":["M","M","?","$","?","R","E","M","T","R","M","T","?","M","R","B",null,"M","M","?","$","?","E","R","M","T","R","M","M","E","?","R","B",null,"M","M","?","$","M","R","E","?","T","R","M","?","T","M","R","B"],"character_chosen":"THE_SILENT","items_purchased":["Poison Potion","Happy Flower","Strawberry","MealTicket","Energy Potion"],"campfire_rested":5,"item_purchase_floors":[4,21,38,38,38],"current_hp_per_floor":[70,70,70,70,70,70,70,70,70,70,70,80,80,80,80,28,80,78,68,68,68,68,27,51,46,46,70,70,55,54,54,78,43,80,80,62,62,69,67,87,59,59,59,85,83,83,83,83,83,0],"gold":132,"neow_bonus":"THREE_ENEMY_KILL","is_prod":false,"is_daily":false,"chose_seed":false,"campfire_upgraded":3,"win_rate":0.0,"timestamp":1561928763,"path_taken":["M","M","?","$","?","R","E","M","T","R","?","?","?","M","R","BOSS","M","M","?","$","?","E","R","M","T","R","M","?","E","?","R","BOSS","M","M","?","$","?","R","E","?","T","R","M","?","?","M","R","BOSS"],"build_version":"2019-01-23","purchased_purges":1,"victory":false,"max_hp_per_floor":[70,70,70,70,70,70,70,70,70,70,70,80,80,80,80,80,80,80,80,80,80,80,80,80,80,80,80,80,80,80,80,80,80,80,80,80,80,87,87,87,87,87,87,87,87,87,87,87,87,87],"card_choices":[{"not_picked":["Bouncing Flask","Heel Hook"],"picked":"Sucker Punch","floor":1},{"not_picked":["Underhanded Strike","Deadly Poison"],"picked":"Slice","floor":2},{"not_picked":["Escape Plan","Storm of Steel"],"picked":"Phantasmal Killer","floor":7},{"not_picked":["Acrobatics","Cloak And Dagger"],"picked":"Poisoned Stab","floor":8},{"not_picked":["Dodge and Roll","Dagger Throw"],"picked":"Flying Knee","floor":11},{"not_picked":["Tactician","Envenom"],"picked":"Riddle With Holes","floor":14},{"not_picked":["Phantasmal Killer","Storm of Steel"],"picked":"Bullet Time","floor":16},{"not_picked":["Poisoned Stab","Bouncing Flask+1"],"picked":"Choke+1","floor":18},{"not_picked":["Slice","Acrobatics"],"picked":"Bane+1","floor":19},{"not_picked":["Acrobatics","Flechettes+1"],"picked":"Quick Slash","floor":23},{"not_picked":["Deadly Poison","Cloak And Dagger"],"picked":"Prepared+1","floor":25},{"not_picked":["Heel Hook+1","Skewer"],"picked":"Finisher","floor":28},{"not_picked":["Envenom","Footwork"],"picked":"Bane+1","floor":29},{"not_picked":["Acrobatics","Flying Knee+1"],"picked":"Caltrops+1","floor":30},{"not_picked":["Flechettes","Deadly Poison","Bouncing Flask"],"picked":"SKIP","floor":35},{"not_picked":["Accuracy+1","Choke+1","Backflip+1"],"picked":"SKIP","floor":36},{"not_picked":["Tactician+1","Riddle With Holes","Cloak And Dagger"],"picked":"SKIP","floor":39},{"not_picked":["Backflip","Sucker Punch"],"picked":"Outmaneuver+1","floor":41},{"not_picked":["Well Laid Plans","Escape Plan+1","Underhanded Strike+1"],"picked":"SKIP","floor":45},{"not_picked":["Choke+1","Quick Slash","PiercingWail"],"picked":"SKIP","floor":48}],"player_experience":36757,"relics_obtained":[{"floor":7,"key":"Bag of Marbles"},{"floor":9,"key":"War Paint"},{"floor":12,"key":"Pear"},{"floor":23,"key":"Oddly Smooth Stone"},{"floor":26,"key":"Potion Belt"},{"floor":30,"key":"Boot"},{"floor":41,"key":"Shovel"},{"floor":43,"key":"Lantern"},{"floor":47,"key":"Bronze Scales"},{"floor":49,"key":"Vajra"}],"event_choices":[{"damage_healed":0,"gold_gain":0,"player_choice":"Ignored","damage_taken":0,"max_hp_gain":0,"max_hp_loss":0,"event_name":"Golden Wing","floor":3,"gold_loss":0},{"cards_removed":["Defend_G"],"damage_healed":0,"gold_gain":0,"player_choice":"Took Card","damage_taken":0,"max_hp_gain":0,"max_hp_loss":0,"event_name":"NoteForYourself","floor":5,"gold_loss":0,"cards_obtained":["Carnage"]},{"damage_healed":0,"gold_gain":0,"player_choice":"Left Gold","damage_taken":0,"max_hp_gain":0,"max_hp_loss":0,"event_name":"World of Goop","floor":13,"gold_loss":24},{"damage_healed":0,"gold_gain":0,"player_choice":"Read","damage_taken":0,"max_hp_gain":0,"max_hp_loss":0,"event_name":"The Library","floor":20,"gold_loss":0,"cards_obtained":["Flying Knee"]},{"damage_healed":0,"gold_gain":100,"player_choice":"Bet on Murderer","damage_taken":0,"max_hp_gain":0,"max_hp_loss":0,"event_name":"The Joust","floor":22,"gold_loss":50},{"damage_healed":0,"gold_gain":0,"player_choice":"Gave Potion","damage_taken":0,"relics_obtained":["Omamori"],"max_hp_gain":0,"max_hp_loss":0,"event_name":"WeMeetAgain","floor":31,"gold_loss":0},{"damage_healed":0,"gold_gain":300,"player_choice":"Gold","damage_taken":0,"max_hp_gain":0,"max_hp_loss":0,"event_name":"Wheel of Change","floor":37,"gold_loss":0},{"damage_healed":0,"gold_gain":0,"player_choice":"Paid","damage_taken":0,"relics_obtained":["Red Mask"],"max_hp_gain":0,"max_hp_loss":0,"event_name":"Tomb of Lord Red Mask","floor":42,"gold_loss":318},{"cards_removed":["Survivor"],"damage_healed":0,"gold_gain":0,"player_choice":"Removed Skill","damage_taken":0,"max_hp_gain":0,"max_hp_loss":0,"event_name":"Falling","floor":46,"gold_loss":0}],"is_beta":false,"boss_relics":[{"not_picked":["Fusion Hammer","Sozu"],"picked":"Runic Pyramid"},{"not_picked":["Black Star","Busted Crown"],"picked":"Astrolabe"}],"items_purged_floors":[38],"is_endless":false,"potions_floor_spawned":[1,7,8,11,23,28,29,41,48],"killed_by":"Awakened One","ascension_level":0}