{"gold_per_floor":[114,114,114,114,114,114,139,92,92,42,76,91,91,116,116,195,195,209,209,57,57,57,57,84,84,84,84,183,183,196,196,196,269,269,282,328,428,428,78,78,78,111,135,135,147,147,147,0,0,0],"floor_reached":51,"playtime":1670,"items_purged":["Writhe"],"score":1242,"play_id":"90732621-7659-40ed-95b2-a84a0ff470eb","local_time":"20190804144538","is_ascension_mode":true,"campfire_choices":[{"data":"Neutralize","floor":6.0,"key":"SMITH"},{"floor":15.0,"key":"REST"},{"data":"Phantasmal Killer","floor":23.0,"key":"SMITH"},{"floor":25.0,"key":"REST"},{"data":"A Thousand Cuts","floor":27.0,"key":"SMITH"},{"data":"Infinite Blades","floor":32.0,"key":"SMITH"},{"floor":40,"key":"REST"},{"data":"1","floor":41,"key":"LIFT"},{"data":"2","floor":44,"key":"LIFT"},{"data":"3","floor":46,"key":"LIFT"},{"data":"Infinite Blades","floor":49,"key":"SMITH"}],"neow_cost":"NONE","seed_source_timestamp":9574020722700,"circlet_count":0,"master_deck":["AscendersBane","Strike_G","Defend_G","Defend_G","Defend_G","Survivor","Neutralize+1","Crippling Poison","Blade Dance","Backflip","Infinite Blades+1","Accuracy","A Thousand Cuts+1","Phantasmal Killer+1","J.A.X.","Accuracy","Blade Dance","A Thousand Cuts+1","Backstab","Blade Dance","Expertise+1","Infinite Blades+1","Writhe"],"special_seed":0,"relics":["Ring of the Snake","NeowsBlessing","Du-Vu Doll","Juzu Bracelet","Darkstone Periapt","Letter Opener","Gremlin Horn","Meat on the Bone","Empty Cage","Vajra","PreservedInsect","Mummified Hand","Pear","WristBlade","WingedGreaves","Girya","Blood Vial","Strawberry","Pen Nib","Red Mask"],"potions_floor_usage":[33,36,50],"damage_taken":[{"damage":0.0,"enemies":"2 Louse","floor":1.0,"turns":1.0},{"damage":0.0,"enemies":"Gremlin Nob","floor":7.0,"turns":1.0},{"damage":7.0,"enemies":"3 Sentries","floor":11.0,"turns":2.0},{"damage":7.0,"enemies":"Small Slimes","floor":12.0,"turns":2.0},{"damage":29.0,"enemies":"Gremlin Nob","floor":14.0,"turns":4.0},{"damage":11.0,"enemies":"Slime Boss","floor":16.0,"turns":9.0},{"damage":6.0,"enemies":"3 Byrds","floor":18.0,"turns":5.0},{"damage":45.0,"enemies":"Book of Stabbing","floor":24.0,"turns":4.0},{"damage":3.0,"enemies":"Chosen","floor":30.0,"turns":3.0},{"damage":53,"enemies":"Collector","floor":33,"turns":6},{"damage":21,"enemies":"3 Darklings","floor":35,"turns":3},{"damage":27,"enemies":"2 Orb Walkers","floor":36,"turns":3},{"damage":23,"enemies":"Mind Bloom Boss Battle","floor":37,"turns":5},{"damage":31,"enemies":"Nemesis","floor":42,"turns":3},{"damage":2,"enemies":"Orb Walker","floor":45,"turns":2},{"damage":64,"enemies":"Donu and Deca","floor":50,"turns":5}],"seed_played":"-1280529276396224991","potions_obtained":[{"floor":1.0,"key":"LiquidBronze"},{"floor":11.0,"key":"Swift Potion"},{"floor":14.0,"key":"Block Potion"},{"floor":24.0,"key":"Poison Potion"},{"floor":30.0,"key":"SneckoOil"},{"floor":36,"key":"PowerPotion"}],"is_trial":false,"path_per_floor":["M","?","?","?","$","R","E","$","T","?","E","M","?","E","R","B",null,"M","?","$","?","$","R","E","R","T","R","?","?","M","?","R","B",null,"M","?","?","?","$","R","R","E","T","R","M","R","?","?","R","B",null],"character_chosen":"THE_SILENT","items_purchased":["Backflip","Vajra","Infinite Blades","Blood Vial","Energy Potion"],"campfire_rested":3,"item_purchase_floors":[8,20,39,39,39],"current_hp_per_floor":[59,59,52,49,49,49,49,49,49,49,42,35,35,6,25,26,56,50,50,50,50,50,50,17,36,36,36,36,36,45,61,61,20,67,46,31,20,20,20,44,44,34,34,34,46,46,74,74,74,24],"gold":0,"neow_bonus":"THREE_ENEMY_KILL","is_prod":false,"is_daily":false,"chose_seed":false,"campfire_upgraded":5,"win_rate":0,"timestamp":1564951538,"path_taken":["M","?","?","?","$","R","E","$","T","?","E","M","?","E","R","BOSS","M","?","$","?","$","R","E","R","T","R","?","?","M","?","R","BOSS","M","?","?","?","$","R","R","E","T","R","M","R","?","?","R","BOSS"],"build_version":"2019-07-18","purchased_purges":1,"victory":true,"max_hp_per_floor":[66,66,66,66,66,66,66,66,66,66,66,66,66,66,66,66,66,66,66,66,66,66,66,66,66,66,66,66,66,66,82,82,82,82,82,82,82,82,82,82,82,89,89,89,89,89,95,95,95,95],"card_choices":[{"not_picked":["Slice","Deadly Poison"],"picked":"Crippling Poison","floor":1.0},{"not_picked":["Prepared","Deflect"],"picked":"Blade Dance","floor":7.0},{"not_picked":["Leg Sweep","Backflip"],"picked":"Infinite Blades","floor":11.0},{"not_picked":["Sucker Punch","Concentrate"],"picked":"Accuracy","floor":12.0},{"not_picked":["Acrobatics","Bane"],"picked":"A Thousand Cuts","floor":14.0},{"not_picked":["Corpse Explosion","Venomology"],"picked":"Phantasmal Killer","floor":16.0},{"not_picked":["Tactician","Acrobatics","Riddle With Holes"],"picked":"SKIP","floor":18.0},{"not_picked":["All Out Attack","Unload"],"picked":"Blade Dance","floor":24.0},{"not_picked":["Sucker Punch","Poisoned Stab"],"picked":"Backstab","floor":30.0},{"not_picked":["Dagger Throw","Underhanded Strike","Quick Slash"],"picked":"SKIP","floor":35},{"not_picked":["Quick Slash","Acrobatics"],"picked":"Blade Dance","floor":36},{"not_picked":["Dagger Throw+1","Eviscerate"],"picked":"Expertise+1","floor":37},{"not_picked":["Dodge and Roll","Dagger Throw","Underhanded Strike"],"picked":"SKIP","floor":42},{"not_picked":["Backstab","Endless Agony","Corpse Explosion"],"picked":"SKIP","floor":45}],"player_experience":838459,"relics_obtained":[{"floor":7.0,"key":"Juzu Bracelet"},{"floor":9.0,"key":"Darkstone Periapt"},{"floor":11.0,"key":"Letter Opener"},{"floor":14.0,"key":"Meat on the Bone"},{"floor":24.0,"key":"PreservedInsect"},{"floor":26.0,"key":"Mummified Hand"},{"floor":36,"key":"WingedGreaves"},{"floor":37,"key":"Girya"},{"floor":42,"key":"Strawberry"},{"floor":43,"key":"Pen Nib"}],"event_choices":[{"cards_removed":["Strike_G"],"damage_healed":0.0,"max_hp_gain":0.0,"max_hp_loss":0.0,"gold_gain":0.0,"event_name":"Living Wall","player_choice":"Forget","floor":2.0,"gold_loss":0.0,"damage_taken":0.0},{"cards_removed":["Strike_G"],"damage_healed":0.0,"max_hp_gain":0.0,"max_hp_loss":0.0,"gold_gain":0.0,"event_name":"Golden Wing","player_choice":"Card Removal","floor":3.0,"gold_loss":0.0,"damage_taken":7.0},{"damage_healed":0.0,"max_hp_gain":0.0,"max_hp_loss":0.0,"gold_gain":0.0,"event_name":"Scrap Ooze","player_choice":"Success","floor":4.0,"gold_loss":0.0,"damage_taken":3.0,"relics_obtained":["Du-Vu Doll"]},{"cards_removed":["Defend_G"],"damage_healed":0.0,"max_hp_gain":0.0,"max_hp_loss":0.0,"gold_gain":0.0,"event_name":"The Cleric","player_choice":"Card Removal","floor":10.0,"gold_loss":50.0,"damage_taken":0.0},{"damage_healed":0.0,"max_hp_gain":0.0,"max_hp_loss":0.0,"gold_gain":0.0,"event_name":"WeMeetAgain","player_choice":"Gave Potion","floor":13.0,"gold_loss":0.0,"damage_taken":0.0,"relics_obtained":["Gremlin Horn"]},{"damage_healed":0.0,"max_hp_gain":0.0,"max_hp_loss":0.0,"gold_gain":0.0,"event_name":"Drug Dealer","player_choice":"Obtain J.A.X.","floor":19.0,"gold_loss":0.0,"damage_taken":0.0,"cards_obtained":["J.A.X."]},{"damage_healed":0.0,"max_hp_gain":0.0,"max_hp_loss":0.0,"gold_gain":0.0,"event_name":"The Library","player_choice":"Read","floor":21.0,"gold_loss":0.0,"damage_taken":0.0,"cards_obtained":["Accuracy"]},{"damage_healed":0.0,"max_hp_gain":0.0,"max_hp_loss":0.0,"gold_gain":99.0,"event_name":"Nest","player_choice":"Stole From Cult","floor":28.0,"gold_loss":0.0,"damage_taken":0.0},{"damage_healed":0.0,"max_hp_gain":0.0,"max_hp_loss":0.0,"gold_gain":0.0,"event_name":"Duplicator","player_choice":"Copied","floor":29.0,"gold_loss":0.0,"damage_taken":0.0,"cards_obtained":["A Thousand Cuts"]},{"damage_healed":0.0,"max_hp_gain":0.0,"max_hp_loss":0.0,"gold_gain":0.0,"event_name":"The Mausoleum","player_choice":"Opened","floor":31.0,"gold_loss":0.0,"damage_taken":0.0,"relics_obtained":["Pear"],"cards_obtained":["Writhe"]},{"damage_healed":0,"gold_gain":0,"player_choice":"Fight","damage_taken":0,"max_hp_gain":0,"max_hp_loss":0,"event_name":"Mysterious Sphere","floor":36,"gold_loss":0},{"damage_healed":0,"gold_gain":0,"player_choice":"Fight","damage_taken":0,"max_hp_gain":0,"max_hp_loss":0,"event_name":"MindBloom","floor":37,"gold_loss":0},{"cards_removed":["Strike_G"],"damage_healed":0,"gold_gain":0,"player_choice":"Removed Attack","damage_taken":0,"max_hp_gain":0,"max_hp_loss":0,"event_name":"Falling","floor":38,"gold_loss":0},{"damage_healed":22,"gold_gain":0,"player_choice":"Writhe","damage_taken":0,"max_hp_gain":0,"max_hp_loss":0,"event_name":"Winding Halls","floor":47,"gold_loss":0,"cards_obtained":["Writhe"]},{"damage_healed":0,"gold_gain":0,"player_choice":"Paid","damage_taken":0,"relics_obtained":["Red Mask"],"max_hp_gain":0,"max_hp_loss":0,"event_name":"Tomb of Lord Red Mask","floor":48,"gold_loss":147}],"is_beta":true,"boss_relics":[{"not_picked":["Tiny House","HoveringKite"],"picked":"Empty Cage"},{"not_picked":["Eternal Feather","Snecko Eye"],"picked":"WristBlade"}],"items_purged_floors":[39],"is_endless":false,"potions_floor_spawned":[1,11,14,24,30,36,42,45],"ascension_level":14}