{"gold_per_floor":[114,114,189,202,202,237,237,267,320,130,146,159,237,254,254,350,350,368,283,283,294,15,42,42,69,151,151,151,170,170,182,182,286,286,301,301,8,8,28,28,53,63,63,63,63,63,63],"floor_reached":47,"playtime":2070,"items_purged":["Strike_B","Strike_B"],"score":624,"play_id":"2f21855e-834a-456f-b330-33ec2434fcb7","local_time":"20190505172034","is_ascension_mode":false,"campfire_choices":[{"data":"Electrodynamics","floor":7,"key":"SMITH"},{"data":"Tempest","floor":15,"key":"SMITH"},{"data":"Reinforced Body","floor":27,"key":"SMITH"},{"floor":32,"key":"RECALL"},{"data":"Double Energy","floor":40,"key":"SMITH"},{"data":"Ball Lightning","floor":46,"key":"SMITH"}],"neow_cost":"NONE","seed_source_timestamp":20851690237222,"circlet_count":0,"master_deck":["Defend_B","Defend_B","Defend_B","Zap","Dualcast","Gash","Reinforced Body+1","Self Repair","Electrodynamics+1","Tempest+1","Ball Lightning+1","Gash","Conserve Battery","Self Repair","Double Energy+1","Reinforced Body+1","Parasite"],"relics":["Cracked Core","NeowsBlessing","Bronze Scales","Pen Nib","MawBank","Ornamental Fan","Busted Crown","Pear","Mercury Hourglass","Potion Belt","Ginger","Orrery","ClockworkSouvenir","Bag of Marbles","Bottled Flame"],"potions_floor_usage":[8],"damage_taken":[{"damage":0,"enemies":"Jaw Worm","floor":1,"turns":1},{"damage":0,"enemies":"Small Slimes","floor":4,"turns":1},{"damage":0,"enemies":"3 Sentries","floor":6,"turns":1},{"damage":21,"enemies":"Lagavulin","floor":8,"turns":6},{"damage":0,"enemies":"Cultist","floor":11,"turns":2},{"damage":6,"enemies":"Exordium Thugs","floor":12,"turns":3},{"damage":3,"enemies":"Red Slaver","floor":14,"turns":2},{"damage":0,"enemies":"Slime Boss","floor":16,"turns":5},{"damage":0,"enemies":"Spheric Guardian","floor":18,"turns":3},{"damage":0,"enemies":"3 Byrds","floor":21,"turns":1},{"damage":2,"enemies":"Slavers","floor":23,"turns":3},{"damage":26,"enemies":"Gremlin Leader","floor":25,"turns":4},{"damage":16,"enemies":"Snake Plant","floor":29,"turns":3},{"damage":5,"enemies":"Cultist and Chosen","floor":31,"turns":4},{"damage":26,"enemies":"Automaton","floor":33,"turns":9},{"damage":0,"enemies":"3 Shapes","floor":35,"turns":3},{"damage":21,"enemies":"3 Darklings","floor":39,"turns":2},{"damage":41,"enemies":"Nemesis","floor":41,"turns":9},{"damage":28,"enemies":"Spire Growth","floor":42,"turns":6},{"damage":26,"enemies":"Writhing Mass","floor":47,"turns":6}],"seed_played":"7337941227106051124","potions_obtained":[{"floor":5,"key":"Ancient Potion"},{"floor":5,"key":"Poison Potion"},{"floor":5,"key":"Weak Potion"},{"floor":8,"key":"EntropicBrew"},{"floor":14,"key":"FearPotion"},{"floor":23,"key":"Regen Potion"},{"floor":29,"key":"LiquidBronze"}],"is_trial":false,"path_per_floor":["M","?","?","M","?","E","R","E","T","$","M","M","T","M","R","B",null,"M","?","?","M","$","E","$","E","T","R","?","M","?","M","R","B",null,"M","?","$","?","M","R","E","M","T","?","$","R","M"],"character_chosen":"DEFECT","items_purchased":["Tempest","Ball Lightning","Mercury Hourglass","Self Repair","ClockworkSouvenir"],"campfire_rested":0,"item_purchase_floors":[10,10,22,22,37],"current_hp_per_floor":[75,75,64,64,64,64,64,50,50,50,50,44,44,41,41,41,75,75,85,85,85,85,85,85,73,73,73,73,64,64,80,80,75,85,85,85,85,95,74,74,47,26,26,26,26,26,0],"gold":63,"neow_bonus":"THREE_ENEMY_KILL","is_prod":false,"is_daily":false,"chose_seed":false,"campfire_upgraded":5,"win_rate":0,"timestamp":1557102034,"path_taken":["M","?","?","M","?","E","R","E","T","$","M","?","?","M","R","BOSS","M","?","?","M","$","E","?","E","T","R","?","M","?","?","R","BOSS","M","?","$","?","?","R","E","M","T","?","$","R","M"],"build_version":"2019-01-23","purchased_purges":2,"victory":false,"max_hp_per_floor":[75,75,75,75,75,75,75,75,75,75,75,75,75,75,75,75,75,75,85,85,85,85,85,85,85,85,85,85,85,85,85,85,85,85,85,85,85,95,95,95,95,95,95,95,95,95,95],"card_choices":[{"not_picked":["Compile Driver","Cold Snap"],"picked":"Gash","floor":1},{"not_picked":["Hologram","Hello World"],"picked":"Self Repair","floor":4},{"not_picked":["Turbo","Steam"],"picked":"Electrodynamics","floor":6},{"not_picked":["Aggregate","Rebound","Steam"],"picked":"SKIP","floor":8},{"not_picked":["Steam","Reinforced Body","Hello World"],"picked":"SKIP","floor":11},{"not_picked":["Compile Driver","Redo"],"picked":"Gash","floor":12},{"not_picked":["Darkness","Steam"],"picked":"Conserve Battery","floor":14},{"not_picked":["Hologram"],"picked":"SKIP","floor":18},{"not_picked":["Force Field"],"picked":"SKIP","floor":21},{"not_picked":["Turbo"],"picked":"SKIP","floor":23},{"not_picked":["Chaos+1"],"picked":"SKIP","floor":25},{"not_picked":["Turbo"],"picked":"SKIP","floor":29},{"not_picked":["Skim"],"picked":"SKIP","floor":31},{"not_picked":[],"picked":"Double Energy","floor":34},{"not_picked":["Stack"],"picked":"SKIP","floor":35},{"not_picked":["Heatsinks"],"picked":"SKIP","floor":39},{"not_picked":["Turbo"],"picked":"SKIP","floor":41},{"not_picked":["Turbo"],"picked":"SKIP","floor":42}],"player_experience":117063,"relics_obtained":[{"floor":6,"key":"Bronze Scales"},{"floor":8,"key":"Pen Nib"},{"floor":9,"key":"MawBank"},{"floor":13,"key":"Ornamental Fan"},{"floor":23,"key":"Potion Belt"},{"floor":25,"key":"Ginger"},{"floor":41,"key":"Bag of Marbles"},{"floor":43,"key":"Bottled Flame"}],"event_choices":[{"damage_healed":0,"gold_gain":0,"cards_transformed":["Strike_B"],"player_choice":"Change","damage_taken":0,"max_hp_gain":0,"max_hp_loss":0,"event_name":"Living Wall","floor":2,"gold_loss":0,"cards_obtained":["Reinforced Body"]},{"damage_healed":0,"gold_gain":75,"player_choice":"Gather Gold","damage_taken":11,"max_hp_gain":0,"max_hp_loss":0,"event_name":"World of Goop","floor":3,"gold_loss":0},{"damage_healed":0,"gold_gain":0,"player_choice":"Got Potions","damage_taken":0,"max_hp_gain":0,"max_hp_loss":0,"event_name":"Lab","floor":5,"gold_loss":0},{"damage_healed":0,"gold_gain":0,"player_choice":"Obtained Relic","damage_taken":0,"relics_obtained":["Pear"],"max_hp_gain":0,"max_hp_loss":0,"event_name":"Addict","floor":19,"gold_loss":85},{"cards_removed":["Strike_B"],"damage_healed":0,"gold_gain":0,"player_choice":"Elegance","damage_taken":0,"max_hp_gain":0,"max_hp_loss":0,"event_name":"Back to Basics","floor":20,"gold_loss":0},{"damage_healed":0,"gold_gain":0,"player_choice":"Ignored","damage_taken":0,"max_hp_gain":0,"max_hp_loss":0,"event_name":"Cursed Tome","floor":28,"gold_loss":0},{"damage_healed":0,"gold_gain":0,"cards_transformed":["Defend_B"],"player_choice":"Transformed","damage_taken":0,"max_hp_gain":0,"max_hp_loss":0,"event_name":"Transmorgrifier","floor":30,"gold_loss":0,"cards_obtained":["Amplify"]},{"damage_healed":0,"gold_gain":0,"player_choice":"Memory 1","damage_taken":0,"max_hp_gain":0,"max_hp_loss":0,"event_name":"SensoryStone","floor":36,"gold_loss":0},{"cards_removed":["Amplify"],"damage_healed":0,"gold_gain":0,"player_choice":"Offered Rare","damage_taken":0,"max_hp_gain":10,"max_hp_loss":0,"event_name":"Bonfire Elementals","floor":38,"gold_loss":0},{"damage_healed":0,"gold_gain":0,"player_choice":"Copied","damage_taken":0,"max_hp_gain":0,"max_hp_loss":0,"event_name":"Duplicator","floor":44,"gold_loss":0,"cards_obtained":["Reinforced Body"]}],"is_beta":false,"boss_relics":[{"not_picked":["Eternal Feather","Nuclear Battery"],"picked":"Busted Crown"},{"not_picked":["Runic Dome","Pandora\u0027s Box"],"picked":"Orrery"}],"items_purged_floors":[10,37],"is_endless":false,"potions_floor_spawned":[6,8,14,23,29,31,42],"killed_by":"Writhing Mass","ascension_level":0}