{"gold_per_floor":[110,130,80,90,90,90,105,33,33,33,46,46,72,72,72,198,198,217,8,28,28,28,28,28,28,51,51,70,70,93,18,18,139,139,159,159,172,24,37,37,61,61],"floor_reached":42,"playtime":4228,"items_purged":["Defend_G"],"score":421,"play_id":"196df860-34c2-417c-a926-a081cd8dfa64","local_time":"20190630002213","is_ascension_mode":false,"campfire_choices":[{"floor":6,"key":"REST"},{"floor":10,"key":"REST"},{"floor":15,"key":"REST"},{"data":"Predator","floor":23,"key":"SMITH"},{"data":"Flying Knee","floor":25,"key":"SMITH"},{"data":"Endless Agony","floor":27,"key":"SMITH"},{"floor":29,"key":"REST"},{"floor":32,"key":"REST"},{"floor":40,"key":"REST"}],"neow_cost":"CURSE","seed_source_timestamp":1006497205301602,"circlet_count":0,"master_deck":["Defend_G","Defend_G","Defend_G","Defend_G","Strike_G","Strike_G","Strike_G","Survivor","Neutralize+1","Clumsy","Slice+1","Flying Knee+1","Leg Sweep","Masterful Stab","Predator","Predator+1","Finisher","Tactician","Injury","A Thousand Cuts","Dagger Spray","Endless Agony+1","Backstab","Writhe","Finisher","Endless Agony","Die Die Die","Choke+1","Backstab","Masterful Stab+1","Slice+1","Dagger Spray"],"relics":["Ring of the Snake","Dodecahedron","Gambling Chip","Golden Idol","Philosopher\u0027s Stone","Toy Ornithopter","Darkstone Periapt","Boot","Lizard Tail","Anchor"],"potions_floor_usage":[16,33,33,33,41,41,41],"damage_taken":[{"damage":0,"enemies":"Small Slimes","floor":1,"turns":4},{"damage":0,"enemies":"Jaw Worm","floor":2,"turns":5},{"damage":0,"enemies":"2 Louse","floor":4,"turns":3},{"damage":8,"enemies":"Lots of Slimes","floor":7,"turns":5},{"damage":0,"enemies":"3 Louse","floor":11,"turns":2},{"damage":14,"enemies":"Gremlin Nob","floor":13,"turns":4},{"damage":46,"enemies":"Slime Boss","floor":16,"turns":14},{"damage":0,"enemies":"Spheric Guardian","floor":18,"turns":3},{"damage":0,"enemies":"Chosen","floor":20,"turns":4},{"damage":20,"enemies":"Sentry and Sphere","floor":28,"turns":4},{"damage":11,"enemies":"Centurion and Healer","floor":30,"turns":5},{"damage":72,"enemies":"Collector","floor":33,"turns":8},{"damage":3,"enemies":"Orb Walker","floor":35,"turns":2},{"damage":51,"enemies":"3 Shapes","floor":37,"turns":4},{"damage":60,"enemies":"Spire Growth","floor":39,"turns":5},{"damage":19,"enemies":"Maw","floor":41,"turns":5},{"damage":52,"enemies":"Writhing Mass","floor":42,"turns":6}],"seed_played":"-7857899601748099639","potions_obtained":[{"floor":1,"key":"Strength Potion"},{"floor":7,"key":"PowerPotion"},{"floor":11,"key":"Energy Potion"},{"floor":16,"key":"EssenceOfSteel"},{"floor":20,"key":"Regen Potion"},{"floor":33,"key":"Poison Potion"},{"floor":35,"key":"Ancient Potion"},{"floor":39,"key":"SteroidPotion"}],"is_trial":false,"path_per_floor":["M","M","$","M","?","R","M","$","T","R","M","?","E","?","R","B",null,"M","$","M","$","?","R","?","R","T","R","M","R","M","$","R","B",null,"M","?","M","$","M","R","M","M"],"character_chosen":"THE_SILENT","items_purchased":["Poison Potion","Predator","Toy Ornithopter","Anchor"],"campfire_rested":6,"item_purchase_floors":[3,8,19,38],"current_hp_per_floor":[84,84,84,84,67,84,76,76,76,84,84,84,70,70,84,38,84,84,84,84,84,84,84,90,90,90,90,70,90,79,79,90,37,90,87,87,36,36,23,50,46,0],"gold":61,"neow_bonus":"TWENTY_PERCENT_HP_BONUS","is_prod":false,"is_daily":false,"chose_seed":false,"campfire_upgraded":3,"win_rate":0.0,"timestamp":1561872133,"path_taken":["M","M","$","M","?","R","M","$","T","R","M","?","E","?","R","BOSS","M","$","M","$","?","R","?","R","T","R","M","R","M","?","R","BOSS","M","?","M","$","M","R","M","?"],"build_version":"2019-01-23","purchased_purges":1,"victory":false,"max_hp_per_floor":[84,84,84,84,84,84,84,84,84,84,84,84,84,84,84,84,84,84,84,84,84,84,84,90,90,90,90,90,90,90,90,90,90,90,90,90,90,90,90,90,90,90],"card_choices":[{"not_picked":["Footwork","Outmaneuver"],"picked":"Slice","floor":1},{"not_picked":["Distraction","Riddle With Holes"],"picked":"Flying Knee","floor":2},{"not_picked":["Caltrops","Skewer"],"picked":"Leg Sweep","floor":4},{"not_picked":["Infinite Blades","Backflip"],"picked":"Masterful Stab","floor":7},{"not_picked":["Deadly Poison","Calculated Gamble"],"picked":"Predator","floor":11},{"not_picked":["Bouncing Flask","Dodge and Roll"],"picked":"Tactician","floor":13},{"not_picked":["Night Terror","Venomology"],"picked":"A Thousand Cuts","floor":16},{"not_picked":["Crippling Poison","PiercingWail"],"picked":"Dagger Spray","floor":18},{"not_picked":["Quick Slash","Bouncing Flask"],"picked":"Endless Agony","floor":20},{"not_picked":["Prepared","Flechettes"],"picked":"Finisher","floor":28},{"not_picked":["Eviscerate+1","Blur"],"picked":"Endless Agony","floor":30},{"not_picked":["Unload","Wraith Form v2"],"picked":"Die Die Die","floor":33},{"not_picked":["Distraction","Dash"],"picked":"Choke+1","floor":35},{"not_picked":["Deflect","Catalyst+1"],"picked":"Masterful Stab+1","floor":37},{"not_picked":["Predator+1","Dodge and Roll+1"],"picked":"Slice+1","floor":39},{"not_picked":["Slice+1","Riddle With Holes+1"],"picked":"Dagger Spray","floor":41}],"player_experience":23407,"relics_obtained":[{"floor":9,"key":"Dodecahedron"},{"floor":13,"key":"Gambling Chip"},{"floor":26,"key":"Boot"}],"event_choices":[{"damage_healed":0,"gold_gain":0,"player_choice":"Entered Light","damage_taken":17,"max_hp_gain":0,"max_hp_loss":0,"event_name":"Shining Light","floor":5,"gold_loss":0,"cards_upgraded":["Neutralize","Slice"]},{"damage_healed":0,"gold_gain":0,"cards_transformed":["Strike_G"],"player_choice":"Change","damage_taken":0,"max_hp_gain":0,"max_hp_loss":0,"event_name":"Living Wall","floor":12,"gold_loss":0,"cards_obtained":["Finisher"]},{"damage_healed":0,"gold_gain":0,"player_choice":"Take Wound","damage_taken":0,"relics_obtained":["Golden Idol"],"max_hp_gain":0,"max_hp_loss":0,"event_name":"Golden Idol","floor":14,"gold_loss":0,"cards_obtained":["Injury"]},{"damage_healed":0,"gold_gain":0,"player_choice":"Read","damage_taken":0,"max_hp_gain":0,"max_hp_loss":0,"event_name":"The Library","floor":22,"gold_loss":0,"cards_obtained":["Backstab"]},{"damage_healed":0,"gold_gain":0,"player_choice":"Opened","damage_taken":0,"relics_obtained":["Darkstone Periapt"],"max_hp_gain":0,"max_hp_loss":0,"event_name":"The Mausoleum","floor":24,"gold_loss":0,"cards_obtained":["Writhe"]},{"damage_healed":0,"gold_gain":0,"cards_transformed":["Strike_G"],"player_choice":"Transformed","damage_taken":0,"max_hp_gain":0,"max_hp_loss":0,"event_name":"Transmorgrifier","floor":36,"gold_loss":0,"cards_obtained":["Backstab"]}],"is_beta":false,"boss_relics":[{"not_picked":["Runic Dome","Orrery"],"picked":"Philosopher\u0027s Stone"},{"not_picked":["Snecko Eye","Coffee Dripper"],"picked":"Lizard Tail"}],"items_purged_floors":[31],"is_endless":false,"potions_floor_spawned":[1,7,11,16,20,33,35,39],"killed_by":"Writhing Mass","ascension_level":0}