{"gold_per_floor":[110,129,129,129,203,203,229,244,244,244,255,61,81,6,6,103,103,117,135,135,135,9,9,28,63,86,117,31,130,130,154,154,252,252,269,284,294,5,18,18,18,35,35,35,35,55,66,83,83,83],"floor_reached":50,"playtime":5414,"items_purged":[],"score":537,"play_id":"74b05e26-f4aa-4c24-a818-be94703955d0","local_time":"20190703233630","is_ascension_mode":true,"campfire_choices":[{"floor":6,"key":"REST"},{"floor":10,"key":"REST"},{"floor":15,"key":"REST"},{"data":"Gash","floor":23,"key":"SMITH"},{"floor":30,"key":"REST"},{"data":"Gash","floor":32,"key":"SMITH"},{"floor":40,"key":"REST"},{"floor":49,"key":"REST"}],"neow_cost":"PERCENT_DAMAGE","seed_source_timestamp":1348186066583643,"circlet_count":0,"master_deck":["Strike_B+1","Strike_B+1","Strike_B+1","Strike_B+1","Defend_B+1","Defend_B+1","Defend_B+1","Defend_B+1","Zap","Dualcast","Thunder Strike","Go for the Eyes","Steam","Leap","Machine Learning","Cold Snap","Coolheaded","Gash+1","Sweeping Beam","Biased Cognition+1","Streamline","Redo","Rebound","Gash+1","Rip and Tear+1","Electrodynamics+1","Gash+1","Rebound+1","Parasite","Streamline+1","Creative AI+1","Barrage","Barrage","Go for the Eyes+1","Sweeping Beam+1"],"relics":["Cracked Core","Matryoshka","Frozen Egg 2","WingedGreaves","Regal Pillow","Membership Card","Oddly Smooth Stone","Velvet Choker","Meat on the Bone","Bottled Flame","Blood Vial","MawBank","Sling","Lantern","Lizard Tail","Kunai","PreservedInsect","MealTicket","Pantograph","GremlinMask"],"potions_floor_usage":[24,33,33,37,47,50,50],"damage_taken":[{"damage":6,"enemies":"Cultist","floor":1,"turns":3},{"damage":7,"enemies":"2 Louse","floor":2,"turns":2},{"damage":56,"enemies":"Gremlin Nob","floor":7,"turns":6},{"damage":1,"enemies":"Jaw Worm","floor":8,"turns":3},{"damage":0,"enemies":"Blue Slaver","floor":11,"turns":4},{"damage":0,"enemies":"3 Louse","floor":13,"turns":3},{"damage":65,"enemies":"The Guardian","floor":16,"turns":13},{"damage":15,"enemies":"Chosen","floor":18,"turns":5},{"damage":6,"enemies":"Shell Parasite","floor":19,"turns":5},{"damage":17,"enemies":"Snake Plant","floor":24,"turns":5},{"damage":33,"enemies":"Slavers","floor":25,"turns":6},{"damage":12,"enemies":"Sentry and Sphere","floor":27,"turns":5},{"damage":65,"enemies":"Automaton","floor":33,"turns":11},{"damage":9,"enemies":"3 Shapes","floor":35,"turns":3},{"damage":12,"enemies":"Orb Walker","floor":36,"turns":3},{"damage":55,"enemies":"Writhing Mass","floor":37,"turns":6},{"damage":8,"enemies":"Sphere and 2 Shapes","floor":39,"turns":4},{"damage":17,"enemies":"3 Darklings","floor":42,"turns":3},{"damage":43,"enemies":"Maw","floor":46,"turns":8},{"damage":35,"enemies":"Sphere and 2 Shapes","floor":47,"turns":5},{"damage":27,"enemies":"4 Shapes","floor":48,"turns":5},{"damage":110,"enemies":"Time Eater","floor":50,"turns":7}],"seed_played":"5962116480022576732","potions_obtained":[{"floor":11,"key":"Weak Potion"},{"floor":13,"key":"GamblersBrew"},{"floor":25,"key":"Ancient Potion"},{"floor":33,"key":"SkillPotion"},{"floor":35,"key":"Regen Potion"},{"floor":39,"key":"Swift Potion"},{"floor":46,"key":"GamblersBrew"},{"floor":48,"key":"Energy Potion"}],"is_trial":false,"path_per_floor":["M","M","?","$","T","R","E","M","T","R","M","$","M","$","R","B",null,"M","M","?","?","$","R","M","E","T","M","$","?","R","T","R","B",null,"M","M","M","$","M","R","$","M","T","?","$","M","M","M","R","B"],"character_chosen":"DEFECT","items_purchased":["Membership Card","Oddly Smooth Stone","Meat on the Bone","Sling","Kunai","PreservedInsect","MealTicket"],"campfire_rested":6,"item_purchase_floors":[12,14,22,28,38,38,38],"current_hp_per_floor":[48,41,41,41,41,63,7,6,6,43,43,43,43,43,75,10,75,60,54,75,75,75,75,58,37,37,39,39,39,75,75,75,22,75,66,56,27,27,33,70,75,58,58,58,73,44,23,49,75,0],"gold":83,"neow_bonus":"THREE_RARE_CARDS","is_prod":false,"is_daily":false,"chose_seed":false,"campfire_upgraded":2,"win_rate":0,"timestamp":1562214990,"path_taken":["M","?","?","$","?","R","E","M","T","R","M","$","M","?","R","BOSS","M","M","?","?","$","R","?","E","T","M","?","?","R","?","R","BOSS","M","?","M","?","?","R","$","M","T","?","$","?","?","M","R","BOSS"],"build_version":"2019-07-01","purchased_purges":0,"victory":false,"max_hp_per_floor":[75,75,75,75,75,75,75,75,75,75,75,75,75,75,75,75,75,75,75,75,75,75,75,75,75,75,75,75,75,75,75,75,75,75,75,75,75,75,75,75,75,75,75,75,75,75,75,75,75,75],"card_choices":[{"not_picked":["Echo Form","Seek"],"picked":"Thunder Strike","floor":0},{"not_picked":["Cold Snap","Beam Cell"],"picked":"Go for the Eyes","floor":1},{"not_picked":["FTL","Coolheaded"],"picked":"Steam","floor":2},{"not_picked":["Skim","Stack"],"picked":"Cold Snap","floor":7},{"not_picked":["Rainbow","Reinforced Body"],"picked":"Coolheaded","floor":8},{"not_picked":["Melter","Redo"],"picked":"Gash","floor":11},{"not_picked":["Streamline","Hologram"],"picked":"Sweeping Beam","floor":13},{"not_picked":["Fission","Core Surge"],"picked":"Biased Cognition+1","floor":16},{"not_picked":["Beam Cell+1","Redo"],"picked":"Streamline","floor":18},{"not_picked":["Recycle+1","Stack+1"],"picked":"Redo","floor":19},{"not_picked":["Storm+1","Tempest"],"picked":"Rebound","floor":24},{"not_picked":["Reinforced Body","Fusion"],"picked":"Gash","floor":25},{"not_picked":["Turbo+1","Double Energy"],"picked":"Rip and Tear+1","floor":27},{"not_picked":["Machine Learning+1","Fission"],"picked":"Electrodynamics+1","floor":33},{"not_picked":["Consume+1","Heatsinks+1"],"picked":"Gash+1","floor":35},{"not_picked":["Steam+1","Cold Snap"],"picked":"Rebound+1","floor":36},{"not_picked":["Undo","Doom and Gloom"],"picked":"Streamline+1","floor":37},{"not_picked":["Steam+1","BootSequence+1"],"picked":"Creative AI+1","floor":39},{"not_picked":["Hologram+1","Chaos+1"],"picked":"Barrage","floor":42},{"not_picked":["Turbo+1","Darkness+1"],"picked":"Barrage","floor":46},{"not_picked":["Chaos","Hologram"],"picked":"Go for the Eyes+1","floor":47},{"not_picked":["Redo+1","Steam"],"picked":"Sweeping Beam+1","floor":48}],"player_experience":106619,"relics_obtained":[{"floor":5,"key":"Matryoshka"},{"floor":7,"key":"Frozen Egg 2"},{"floor":9,"key":"WingedGreaves"},{"floor":9,"key":"Regal Pillow"},{"floor":25,"key":"Bottled Flame"},{"floor":26,"key":"Blood Vial"},{"floor":26,"key":"MawBank"},{"floor":31,"key":"Lantern"},{"floor":43,"key":"Pantograph"}],"event_choices":[{"damage_healed":0,"gold_gain":0,"player_choice":"2 cards matched","damage_taken":0,"max_hp_gain":0,"max_hp_loss":0,"event_name":"Match and Keep!","floor":3,"gold_loss":0,"cards_obtained":["Leap","Machine Learning"]},{"damage_healed":25,"gold_gain":0,"player_choice":"Heal","damage_taken":0,"max_hp_gain":0,"max_hp_loss":0,"event_name":"The Library","floor":20,"gold_loss":0},{"damage_healed":0,"gold_gain":0,"player_choice":"Simplicity","damage_taken":0,"max_hp_gain":0,"max_hp_loss":0,"event_name":"Back to Basics","floor":21,"gold_loss":0,"cards_upgraded":["Strike_B","Strike_B","Strike_B","Strike_B","Defend_B","Defend_B","Defend_B","Defend_B"]},{"damage_healed":0,"gold_gain":99,"player_choice":"Stole From Cult","damage_taken":0,"max_hp_gain":0,"max_hp_loss":0,"event_name":"Nest","floor":29,"gold_loss":0},{"damage_healed":0,"gold_gain":0,"player_choice":"Trade","damage_taken":0,"relics_obtained":["GremlinMask"],"max_hp_gain":0,"max_hp_loss":0,"event_name":"FaceTrader","floor":44,"gold_loss":0}],"is_beta":false,"boss_relics":[{"not_picked":["Ectoplasm","FrozenCore"],"picked":"Velvet Choker"},{"not_picked":["Coffee Dripper","Black Star"],"picked":"Lizard Tail"}],"items_purged_floors":[],"is_endless":false,"potions_floor_spawned":[11,13,25,33,35,39,46,48],"killed_by":"Time Eater","ascension_level":1}