{"gold_per_floor":[109,124,124,136,155,181,181,203,274,274,22,22,51,61,61,164,164,183,183,194,210,210,210,236,236,236,186,236,251,268,268,268,364,364,377,393,10,30,30],"floor_reached":39,"playtime":3063,"items_purged":["Eviscerate"],"score":596,"play_id":"86e373f7-496e-4bb3-9033-b01da34a5781","local_time":"20190530151933","is_ascension_mode":true,"campfire_choices":[{"data":"Leg Sweep","floor":7,"key":"SMITH"},{"floor":10,"key":"REST"},{"floor":15,"key":"REST"},{"data":"Footwork","floor":23,"key":"SMITH"},{"floor":25,"key":"REST"},{"floor":32,"key":"REST"}],"neow_cost":"NONE","seed_source_timestamp":1061884462943069,"circlet_count":0,"master_deck":["Defend_G","Defend_G","Defend_G","Strike_G","Strike_G","Strike_G","Survivor","Neutralize","Purity","Backstab","Leg Sweep+1","PiercingWail","Escape Plan","Corpse Explosion","Backstab","Glass Knife","Finisher","Footwork+1","Noxious Fumes","Prepared","Dagger Throw+1","A Thousand Cuts","Grand Finale+1","Infinite Blades+1","Footwork+1","PiercingWail","Good Instincts","Accuracy","Cloak And Dagger","Backflip"],"relics":["Ring of the Serpent","The Specimen","Odd Mushroom","Mercury Hourglass","Smiling Mask","Ginger","FossilizedHelix","MutagenicStrength","Astrolabe","Lee\u0027s Waffle"],"potions_floor_usage":[5,5,13,16,21,24,35,39],"damage_taken":[{"damage":0,"enemies":"2 Louse","floor":1,"turns":3},{"damage":0,"enemies":"Jaw Worm","floor":2,"turns":3},{"damage":0,"enemies":"Small Slimes","floor":4,"turns":4},{"damage":6,"enemies":"Gremlin Gang","floor":5,"turns":7},{"damage":25,"enemies":"3 Sentries","floor":6,"turns":16},{"damage":9,"enemies":"The Mushroom Lair","floor":8,"turns":6},{"damage":10,"enemies":"Lagavulin","floor":13,"turns":9},{"damage":0,"enemies":"3 Louse","floor":14,"turns":1},{"damage":19,"enemies":"Slime Boss","floor":16,"turns":7},{"damage":0,"enemies":"3 Byrds","floor":18,"turns":2},{"damage":7,"enemies":"Chosen","floor":20,"turns":4},{"damage":18,"enemies":"Snake Plant","floor":21,"turns":7},{"damage":24,"enemies":"Gremlin Leader","floor":24,"turns":9},{"damage":17,"enemies":"Sentry and Sphere","floor":29,"turns":4},{"damage":0,"enemies":"3 Cultists","floor":30,"turns":2},{"damage":58,"enemies":"Automaton","floor":33,"turns":9},{"damage":0,"enemies":"3 Darklings","floor":35,"turns":4},{"damage":0,"enemies":"3 Shapes","floor":36,"turns":6},{"damage":0,"enemies":"Sphere and 2 Shapes","floor":38,"turns":6},{"damage":85,"enemies":"2 Orb Walkers","floor":39,"turns":5}],"seed_played":"2400758413835844733","potions_obtained":[{"floor":1,"key":"FearPotion"},{"floor":4,"key":"EssenceOfSteel"},{"floor":6,"key":"Strength Potion"},{"floor":14,"key":"AttackPotion"},{"floor":16,"key":"SkillPotion"},{"floor":20,"key":"Regen Potion"},{"floor":24,"key":"FearPotion"},{"floor":33,"key":"SpeedPotion"},{"floor":38,"key":"GamblersBrew"}],"is_trial":false,"path_per_floor":["M","M","?","M","M","E","R","?","T","R","$","$","E","M","R","B",null,"M","?","M","M","?","R","E","R","T","$","?","M","M","?","R","B",null,"M","M","$","M","?"],"character_chosen":"THE_SILENT","items_purchased":["Mercury Hourglass","Good Instincts","Accuracy","Cloak And Dagger","Lee\u0027s Waffle"],"campfire_rested":4,"item_purchase_floors":[11,37,37,37,37],"current_hp_per_floor":[63,63,68,68,62,37,37,28,28,50,50,50,40,40,62,43,67,67,67,60,57,57,57,33,55,55,55,55,38,38,38,60,2,57,57,57,82,82,0],"gold":30,"neow_bonus":"RANDOM_COLORLESS","is_prod":false,"is_daily":false,"chose_seed":false,"campfire_upgraded":2,"win_rate":0,"timestamp":1559240373,"path_taken":["M","M","?","M","M","E","R","?","T","R","?","$","E","M","R","BOSS","M","?","M","?","?","R","E","R","T","$","?","?","M","?","R","BOSS","M","M","$","M","?"],"build_version":"2019-01-23","purchased_purges":1,"victory":false,"max_hp_per_floor":[70,70,75,75,75,75,75,75,75,75,75,75,75,75,75,75,75,75,75,75,75,75,75,75,75,75,75,75,75,75,75,75,75,75,75,75,82,82,82],"card_choices":[{"not_picked":["Prepared","Quick Slash"],"picked":"Backstab","floor":1},{"not_picked":["Flying Knee","Dagger Throw"],"picked":"Leg Sweep","floor":2},{"not_picked":["Eviscerate","Quick Slash"],"picked":"PiercingWail","floor":4},{"not_picked":["Endless Agony","Poisoned Stab"],"picked":"Escape Plan","floor":5},{"not_picked":["Quick Slash","Bane"],"picked":"Corpse Explosion","floor":6},{"not_picked":["Flying Knee","Cloak And Dagger"],"picked":"Backstab","floor":8},{"not_picked":["Outmaneuver","Dodge and Roll"],"picked":"Glass Knife","floor":13},{"not_picked":["Flechettes","Concentrate"],"picked":"Finisher","floor":14},{"not_picked":["Underhanded Strike","Outmaneuver"],"picked":"Footwork","floor":18},{"not_picked":["Deflect","Riddle With Holes","Accuracy"],"picked":"SKIP","floor":20},{"not_picked":["Backflip","Quick Slash"],"picked":"Noxious Fumes","floor":21},{"not_picked":["Sucker Punch","Flying Knee"],"picked":"Prepared","floor":24},{"not_picked":["Reflex+1","Predator","Blade Dance"],"picked":"SKIP","floor":29},{"not_picked":["Underhanded Strike","Blur+1"],"picked":"Dagger Throw+1","floor":30},{"not_picked":["Burst","Phantasmal Killer"],"picked":"A Thousand Cuts","floor":33},{"not_picked":["Bane+1","Dagger Spray+1"],"picked":"PiercingWail","floor":35},{"not_picked":["Underhanded Strike","Finisher+1","Bouncing Flask"],"picked":"SKIP","floor":36},{"not_picked":["Concentrate","PiercingWail"],"picked":"Backflip","floor":38}],"player_experience":820024,"relics_obtained":[{"floor":6,"key":"The Specimen"},{"floor":8,"key":"Odd Mushroom"},{"floor":13,"key":"Smiling Mask"},{"floor":24,"key":"Ginger"},{"floor":26,"key":"FossilizedHelix"}],"event_choices":[{"damage_healed":0,"gold_gain":0,"player_choice":"Donut","damage_taken":0,"max_hp_gain":5,"max_hp_loss":0,"event_name":"Big Fish","floor":3,"gold_loss":0},{"damage_healed":0,"gold_gain":0,"player_choice":"Fought Mushrooms","damage_taken":0,"max_hp_gain":0,"max_hp_loss":0,"event_name":"Mushrooms","floor":8,"gold_loss":0},{"damage_healed":0,"gold_gain":0,"cards_transformed":["Strike_G"],"player_choice":"Transformed","damage_taken":0,"max_hp_gain":0,"max_hp_loss":0,"event_name":"Transmorgrifier","floor":19,"gold_loss":0,"cards_obtained":["Eviscerate"]},{"damage_healed":0,"gold_gain":0,"player_choice":"Ignored","damage_taken":0,"max_hp_gain":0,"max_hp_loss":0,"event_name":"Ghosts","floor":22,"gold_loss":0},{"damage_healed":0,"gold_gain":100,"player_choice":"Bet on Murderer","damage_taken":0,"max_hp_gain":0,"max_hp_loss":0,"event_name":"The Joust","floor":28,"gold_loss":50},{"damage_healed":0,"gold_gain":0,"player_choice":"Inject Mutagens","damage_taken":0,"relics_obtained":["MutagenicStrength"],"max_hp_gain":0,"max_hp_loss":0,"event_name":"Drug Dealer","floor":31,"gold_loss":0},{"damage_healed":0,"gold_gain":0,"player_choice":"Fight","damage_taken":0,"max_hp_gain":0,"max_hp_loss":0,"event_name":"Mysterious Sphere","floor":39,"gold_loss":0}],"is_beta":false,"boss_relics":[{"not_picked":["Empty Cage","WristBlade"],"picked":"Ring of the Serpent"},{"not_picked":["Runic Dome","Fusion Hammer"],"picked":"Astrolabe"}],"items_purged_floors":[27],"is_endless":false,"potions_floor_spawned":[1,4,6,14,16,20,24,33,38],"killed_by":"2 Orb Walkers","ascension_level":9}