{"path_per_floor":["M","?","?","M","M","R","M","E","T","E","R","M","M","?","R"],"character_chosen":"THE_SILENT","items_purchased":[],"gold_per_floor":[116,116,191,207,230,230,254,288,334,378,378,396,411,446,446],"floor_reached":16,"campfire_rested":2,"playtime":1097,"current_hp_per_floor":[70,53,42,41,41,62,62,59,59,52,52,54,56,57,70],"items_purged":[],"gold":446,"score":118,"play_id":"8cb24d4a-052a-45f3-bc73-2a38570837ac","is_prod":false,"is_daily":false,"is_ascension_mode":true,"campfire_upgraded":1,"path_taken":["M","?","?","M","M","R","M","E","T","E","R","M","?","?","R","BOSS"],"build_version":"2018-02-15-PROD1","purchased_purges":0,"victory":false,"master_deck":["Defend_G","Defend_G","Defend_G","Defend_G","Defend_G","Strike_G","Strike_G","Strike_G","Strike_G","Strike_G","Survivor","Neutralize","Sucker Punch","Phantasmal Killer+1","Dash","Bane","Outmaneuver","Flying Knee","Acrobatics","Leg Sweep","After Image"],"max_hp_per_floor":[70,70,70,70,70,70,70,70,70,70,70,70,70,70,70],"relics":["Snecko Eye","Golden Idol","Blood Vial","Ancient Tea Set","Art of War","Odd Mushroom"],"card_choices":[{"not_picked":["Poisoned Stab","Slice"],"picked":"Sucker Punch"},{"not_picked":["Poisoned Stab","Cloak And Dagger"],"picked":"Phantasmal Killer"},{"not_picked":["Deadly Poison","Underhanded Strike"],"picked":"Dash"},{"not_picked":["Endless Agony","Underhanded Strike"],"picked":"Bane"},{"not_picked":["Poisoned Stab","Deadly Poison"],"picked":"Outmaneuver"},{"not_picked":["Distraction","Bane"],"picked":"Flying Knee"},{"not_picked":["Reflex","Cloak And Dagger"],"picked":"Acrobatics"},{"not_picked":["Setup","Backflip"],"picked":"Leg Sweep"},{"not_picked":["Leg Sweep","Escape Plan"],"picked":"After Image"}],"player_experience":158536,"potions_floor_usage":[5,10,10,13,14],"damage_taken":[{"damage":0,"enemies":"Cultist","floor":1,"turns":5},{"damage":1,"enemies":"Jaw Worm","floor":4,"turns":6},{"damage":0,"enemies":"2 Louse","floor":5,"turns":4},{"damage":0,"enemies":"Exordium Wildlife","floor":7,"turns":4},{"damage":3,"enemies":"Lagavulin","floor":8,"turns":6},{"damage":9,"enemies":"Gremlin Nob","floor":10,"turns":5},{"damage":0,"enemies":"Large Slime","floor":12,"turns":3},{"damage":0,"enemies":"Exordium Thugs","floor":13,"turns":5},{"damage":1,"enemies":"The Mushroom Lair","floor":14,"turns":6},{"damage":72,"enemies":"Hexaghost","floor":16,"turns":16}],"event_choices":[{"event_name":"Golden Idol","player_choice":"Take Damage","floor":2,"damage_taken":0},{"event_name":"World of Goop","player_choice":"Gather Gold","floor":3,"damage_taken":0},{"event_name":"Mushrooms","player_choice":"Fought Mushrooms","floor":14,"damage_taken":0}],"boss_relics":[],"potions_floor_spawned":[4,7,8,10,12],"seed_played":"2950520511896962242","killed_by":"Hexaghost","ascension_level":1,"is_trial":false}