{"gold_per_floor":[119,132,151,151,162,162,193,13,38,38,38,38,55,81,81,81],"floor_reached":16,"playtime":659,"items_purged":[],"score":209,"play_id":"76fee70a-a7d0-45a4-8a48-29d2ee242bb8","local_time":"20190618190942","is_ascension_mode":true,"campfire_choices":[{"floor":11,"key":"REST"},{"floor":15,"key":"REST"}],"neow_cost":"PERCENT_DAMAGE","seed_source_timestamp":101419546980579,"circlet_count":0,"master_deck":["AscendersBane","Strike_R","Strike_R","Strike_R","Strike_R","Strike_R","Defend_R","Defend_R","Defend_R","Defend_R+1","Bash","Combust+1","Armaments","True Grit","Rupture","Mayhem+1","Seeing Red"],"relics":["Burning Blood","Thread and Needle","Orichalcum","Bag of Preparation","Potion Belt","Strawberry"],"potions_floor_usage":[7,7,13],"damage_taken":[{"damage":2,"enemies":"Cultist","floor":1,"turns":3},{"damage":2,"enemies":"2 Louse","floor":2,"turns":3},{"damage":3,"enemies":"Small Slimes","floor":3,"turns":3},{"damage":3,"enemies":"Blue Slaver","floor":5,"turns":5},{"damage":17,"enemies":"Lagavulin","floor":7,"turns":8},{"damage":2,"enemies":"Looter","floor":13,"turns":3},{"damage":41,"enemies":"Gremlin Nob","floor":14,"turns":5},{"damage":41,"enemies":"Slime Boss","floor":16,"turns":8}],"seed_played":"4208515242385967062","potions_obtained":[{"floor":3,"key":"Weak Potion"},{"floor":5,"key":"PowerPotion"},{"floor":7,"key":"Weak Potion"}],"is_trial":false,"path_per_floor":["M","M","M","?","M","?","E","$","T","?","R","$","M","E","R","B"],"character_chosen":"IRONCLAD","items_purchased":["Mayhem"],"campfire_rested":2,"item_purchase_floors":[8],"current_hp_per_floor":[54,58,61,38,41,30,19,19,19,19,41,41,45,17,41,0],"gold":81,"neow_bonus":"ONE_RARE_RELIC","is_prod":false,"is_daily":false,"chose_seed":false,"campfire_upgraded":0,"win_rate":0,"timestamp":1560895782,"path_taken":["M","M","?","?","M","?","E","$","T","?","R","?","M","E","R","BOSS"],"build_version":"2019-01-23","purchased_purges":0,"victory":false,"max_hp_per_floor":[75,75,75,75,75,75,75,75,75,75,75,75,75,82,82,82],"card_choices":[{"not_picked":["Flex","Perfected Strike"],"picked":"Combust","floor":1},{"not_picked":["Twin Strike","Sever Soul"],"picked":"Armaments","floor":2},{"not_picked":["Wild Strike","Burning Pact"],"picked":"True Grit","floor":3},{"not_picked":["Sever Soul","Seeing Red","Armaments"],"picked":"SKIP","floor":5},{"not_picked":["Corruption","Whirlwind"],"picked":"Rupture","floor":7},{"not_picked":["Impervious","Burning Pact"],"picked":"Seeing Red","floor":13},{"not_picked":["Headbutt","Wild Strike","True Grit"],"picked":"SKIP","floor":14}],"player_experience":1092654,"relics_obtained":[{"floor":7,"key":"Bag of Preparation"},{"floor":9,"key":"Potion Belt"},{"floor":14,"key":"Strawberry"}],"event_choices":[{"damage_healed":0,"gold_gain":0,"player_choice":"Entered Light","damage_taken":23,"max_hp_gain":0,"max_hp_loss":0,"event_name":"Shining Light","floor":4,"gold_loss":0,"cards_upgraded":["Combust","Defend_R"]},{"damage_healed":0,"gold_gain":0,"player_choice":"Success","damage_taken":11,"relics_obtained":["Orichalcum"],"max_hp_gain":0,"max_hp_loss":0,"event_name":"Scrap Ooze","floor":6,"gold_loss":0},{"damage_healed":0,"gold_gain":0,"player_choice":"Grow","damage_taken":0,"max_hp_gain":0,"max_hp_loss":0,"event_name":"Living Wall","floor":10,"gold_loss":0,"cards_upgraded":["Mayhem"]}],"is_beta":false,"boss_relics":[],"items_purged_floors":[],"is_endless":false,"potions_floor_spawned":[3,5,7],"killed_by":"Slime Boss","ascension_level":18}