{"gold_per_floor":[114,125,125,125,9,37,56,56,56,70,87,38,72,72,72,169,169,188,287,305,324,149,149,165,265,288,288,322,197,208,105,105,206,206,218,218,218,235,247,247,279,298,324,85,111,158,168,179,179,179],"floor_reached":50,"playtime":7188,"items_purged":["Strike_R","Defend_R","Strike_R","Strike_R"],"score":668,"play_id":"0a699beb-b9c0-4614-abfd-dee021a2f46f","local_time":"20180910173522","is_ascension_mode":true,"campfire_choices":[{"data":"Barricade","floor":8.0,"key":"SMITH"},{"floor":15.0,"key":"REST"},{"data":"Double Tap","floor":23.0,"key":"SMITH"},{"data":"Ghostly Armor","floor":27.0,"key":"SMITH"},{"data":"Power Through","floor":32.0,"key":"SMITH"},{"data":"Spot Weakness","floor":40.0,"key":"SMITH"},{"data":"Discovery","floor":49.0,"key":"SMITH"}],"neow_cost":"NONE","seed_source_timestamp":0,"circlet_count":0,"master_deck":["Strike_R+1","Defend_R","Defend_R","Defend_R","Bash+1","Double Tap+1","Iron Wave","Barricade+1","Discovery+1","Flame Barrier+1","Cleave","Spot Weakness+1","Shrug It Off","Brutality","True Grit","Rage","Reaper","Seeing Red","Iron Wave","Ghostly Armor+1","Power Through+1","Combust","Body Slam+1","Madness","Madness","Thunderclap","Iron Wave+1","Second Wind+1","Flash of Steel","Dropkick+1","Dual Wield+1"],"special_seed":0,"relics":["Burning Blood","Mummified Hand","Blue Candle","Red Skull","Busted Crown","Dead Branch","Gremlin Horn","Potion Belt","Calipers","Mark of Pain","Champion Belt","Juzu Bracelet","Darkstone Periapt","Sundial"],"potions_floor_usage":[50],"damage_taken":[{"damage":16.0,"enemies":"Jaw Worm","floor":1.0,"turns":5.0},{"damage":0.0,"enemies":"Small Slimes","floor":2.0,"turns":4.0},{"damage":29.0,"enemies":"Gremlin Nob","floor":6.0,"turns":5.0},{"damage":0.0,"enemies":"Cultist","floor":7.0,"turns":2.0},{"damage":0.0,"enemies":"Lots of Slimes","floor":10.0,"turns":2.0},{"damage":24.0,"enemies":"Exordium Thugs","floor":11.0,"turns":6.0},{"damage":21.0,"enemies":"3 Sentries","floor":13.0,"turns":12.0},{"damage":18.0,"enemies":"Hexaghost","floor":16.0,"turns":9.0},{"damage":24.0,"enemies":"Spheric Guardian","floor":18.0,"turns":5.0},{"damage":17.0,"enemies":"2 Thieves","floor":20.0,"turns":3.0},{"damage":25.0,"enemies":"Snake Plant","floor":21.0,"turns":3.0},{"damage":7.0,"enemies":"3 Cultists","floor":24.0,"turns":4.0},{"damage":21.0,"enemies":"Colosseum Slavers","floor":25.0,"turns":5.0},{"damage":4.0,"enemies":"Colosseum Nobs","floor":25.0,"turns":5.0},{"damage":10.0,"enemies":"Book of Stabbing","floor":28.0,"turns":6.0},{"damage":6.0,"enemies":"Centurion and Healer","floor":30.0,"turns":5.0},{"damage":16.0,"enemies":"Champ","floor":33.0,"turns":9.0},{"damage":24.0,"enemies":"3 Darklings","floor":35.0,"turns":6.0},{"damage":18.0,"enemies":"Orb Walker","floor":38.0,"turns":4.0},{"damage":1.0,"enemies":"Reptomancer","floor":39.0,"turns":4.0},{"damage":32.0,"enemies":"2 Orb Walkers","floor":41.0,"turns":5.0},{"damage":5.0,"enemies":"Spire Growth","floor":42.0,"turns":4.0},{"damage":12.0,"enemies":"Nemesis","floor":45.0,"turns":7.0},{"damage":11.0,"enemies":"Mysterious Sphere","floor":46.0,"turns":5.0},{"damage":9.0,"enemies":"Transient","floor":47.0,"turns":5.0},{"damage":16.0,"enemies":"3 Darklings","floor":48.0,"turns":3.0},{"damage":64,"enemies":"Awakened One","floor":50,"turns":4}],"seed_played":"8982310302251298992","potions_obtained":[{"floor":1.0,"key":"Strength Potion"},{"floor":6.0,"key":"SkillPotion"},{"floor":16.0,"key":"Strength Potion"},{"floor":18.0,"key":"Swift Potion"},{"floor":21.0,"key":"SpeedPotion"},{"floor":24.0,"key":"PowerPotion"},{"floor":28.0,"key":"Swift Potion"},{"floor":33.0,"key":"AttackPotion"},{"floor":38.0,"key":"Regen Potion"},{"floor":39.0,"key":"AttackPotion"},{"floor":46.0,"key":"Block Potion"},{"floor":48.0,"key":"Block Potion"}],"is_trial":false,"path_per_floor":["M","M","?","?","$","E","M","R","T","M","M","$","E","?","R","B",null,"M","?","M","M","$","R","M","?","T","R","E","$","M","$","R","B",null,"M","?","?","M","M","R","E","M","T","$","E","?","M","M","R"],"character_chosen":"IRONCLAD","items_purchased":["Flame Barrier","True Grit","Ghostly Armor","SpeedPotion","Explosive Potion","Flash of Steel"],"campfire_rested":1,"item_purchase_floors":[5,12,22,31,31,44],"current_hp_per_floor":[70,76,60,60,60,37,43,43,43,49,31,31,28,28,52,40,80,62,62,51,32,32,32,58,80,80,80,76,76,76,76,76,70,80,62,52,52,54,80,80,54,64,64,64,65,60,69,59,59,0],"gold":179,"neow_bonus":"TRANSFORM_CARD","is_prod":false,"is_daily":false,"chose_seed":false,"campfire_upgraded":6,"win_rate":0,"timestamp":1536626122,"path_taken":["M","M","?","?","$","E","?","R","T","M","M","$","E","?","R","BOSS","M","?","M","M","$","R","M","?","T","R","E","?","M","$","R","BOSS","M","?","?","M","M","R","E","M","T","$","E","?","M","M","R","BOSS"],"build_version":"2018-09-06","purchased_purges":4,"victory":false,"max_hp_per_floor":[80,80,80,80,80,80,80,80,80,80,80,80,80,80,80,80,80,80,80,80,80,80,80,80,80,80,80,80,80,80,80,80,80,80,80,80,80,80,80,80,80,80,80,80,80,80,80,80,80,80],"card_choices":[{"not_picked":["Intimidate","Clash"],"picked":"Body Slam","floor":1.0},{"not_picked":["Pommel Strike","Spot Weakness"],"picked":"Iron Wave","floor":2.0},{"not_picked":["Heavy Blade","Clash"],"picked":"Cleave","floor":6.0},{"not_picked":["Sever Soul","Anger"],"picked":"Spot Weakness","floor":7.0},{"not_picked":["Dual Wield","Body Slam"],"picked":"Shrug It Off","floor":10.0},{"not_picked":["Clash","Flex"],"picked":"Brutality","floor":11.0},{"not_picked":["Iron Wave","Barricade"],"picked":"Rage","floor":13.0},{"not_picked":["Dark Embrace","Double Tap"],"picked":"Reaper","floor":16.0},{"not_picked":[],"picked":"Seeing Red","floor":18.0},{"not_picked":[],"picked":"Iron Wave","floor":20.0},{"not_picked":["Pummel"],"picked":"SKIP","floor":21.0},{"not_picked":[],"picked":"Power Through","floor":24.0},{"not_picked":[],"picked":"Combust","floor":28.0},{"not_picked":["Perfected Strike"],"picked":"SKIP","floor":30.0},{"not_picked":["Perfected Strike"],"picked":"SKIP","floor":30.0},{"not_picked":[],"picked":"Body Slam+1","floor":35.0},{"not_picked":[],"picked":"Thunderclap","floor":38.0},{"not_picked":["Heavy Blade"],"picked":"SKIP","floor":39.0},{"not_picked":[],"picked":"Iron Wave+1","floor":41.0},{"not_picked":[],"picked":"Second Wind+1","floor":42.0},{"not_picked":[],"picked":"Dropkick+1","floor":45.0},{"not_picked":["Perfected Strike+1"],"picked":"SKIP","floor":47.0},{"not_picked":[],"picked":"Dual Wield+1","floor":48.0}],"player_experience":382677,"relics_obtained":[{"floor":6.0,"key":"Mummified Hand"},{"floor":9.0,"key":"Blue Candle"},{"floor":13.0,"key":"Red Skull"},{"floor":25.0,"key":"Dead Branch"},{"floor":25.0,"key":"Gremlin Horn"},{"floor":26.0,"key":"Potion Belt"},{"floor":28.0,"key":"Calipers"},{"floor":41.0,"key":"Champion Belt"},{"floor":43.0,"key":"Juzu Bracelet"},{"floor":45.0,"key":"Darkstone Periapt"},{"floor":46.0,"key":"Sundial"}],"event_choices":[{"event_name":"Shining Light","player_choice":"Entered Light","floor":3.0,"damage_taken":0.0},{"event_name":"Match and Keep!","player_choice":"2 cards matched","floor":4.0,"damage_taken":0.0},{"event_name":"Upgrade Shrine","player_choice":"Upgraded","floor":14.0,"damage_taken":0.0},{"event_name":"Nest","player_choice":"Stole From Cult","floor":19.0,"damage_taken":0.0},{"event_name":"Colosseum","player_choice":"Fight","floor":25.0,"damage_taken":0.0},{"event_name":"Colosseum","player_choice":"Fought Nobs","floor":25.0,"damage_taken":0.0},{"event_name":"Winding Halls","player_choice":"Embrace Madness","floor":36.0,"damage_taken":0.0},{"event_name":"Falling","player_choice":"Removed Attack","floor":37.0,"damage_taken":0.0},{"event_name":"Mysterious Sphere","player_choice":"Fight","floor":46.0,"damage_taken":0.0}],"is_beta":false,"boss_relics":[{"not_picked":["Pandora\u0027s Box","Eternal Feather"],"picked":"Busted Crown"},{"not_picked":["Snecko Eye","White Beast Statue"],"picked":"Mark of Pain"}],"items_purged_floors":[5,22,29,44],"is_endless":false,"potions_floor_spawned":[1,6,16,18,21,24,28,33,38,39,46,48],"killed_by":"Awakened One","ascension_level":2}