{"gold_per_floor":[110,129,229,239,252,286,286,318,342,342,352,352,365,365,365,469,469,487,121,46,63,81,81,100,100,155,171,171,171,204,220,220,220],"floor_reached":33,"playtime":1570,"items_purged":["Strike_R"],"score":405,"play_id":"0142f17c-736f-41c5-8952-71fc6ff61b68","local_time":"20190512123515","is_ascension_mode":true,"campfire_choices":[{"floor":7,"key":"REST"},{"data":"Bash","floor":10,"key":"SMITH"},{"data":"Searing Blow","floor":12,"key":"SMITH"},{"data":"Searing Blow+1","floor":15,"key":"SMITH"},{"floor":23,"key":"REST"},{"floor":25,"key":"REST"},{"floor":29,"key":"REST"},{"floor":32,"key":"REST"}],"neow_cost":"NONE","seed_source_timestamp":1186061468615013,"circlet_count":0,"master_deck":["Strike_R","Defend_R","Defend_R","Defend_R","Defend_R","Bash+1","Searing Blow+3","Inflame","Metallicize","Anger","Combust","Battle Trance","Reaper","Sword Boomerang","Inflame","Juggernaut","Shrug It Off+1","Whirlwind","Rupture","Sword Boomerang","Seeing Red","Havoc+1","Armaments+1","Uppercut"],"relics":["Burning Blood","Anchor","Art of War","Potion Belt","Ancient Tea Set","Empty Cage","Pen Nib","Tiny Chest","Dodecahedron"],"potions_floor_usage":[8,21,22,27,33,33,33,33],"damage_taken":[{"damage":3,"enemies":"Jaw Worm","floor":1,"turns":5},{"damage":1,"enemies":"Cultist","floor":2,"turns":3},{"damage":7,"enemies":"2 Louse","floor":4,"turns":3},{"damage":26,"enemies":"Exordium Thugs","floor":5,"turns":4},{"damage":27,"enemies":"3 Sentries","floor":6,"turns":6},{"damage":9,"enemies":"Lagavulin","floor":8,"turns":7},{"damage":32,"enemies":"Gremlin Gang","floor":11,"turns":4},{"damage":8,"enemies":"Blue Slaver","floor":13,"turns":3},{"damage":39,"enemies":"The Guardian","floor":16,"turns":10},{"damage":2,"enemies":"Chosen","floor":18,"turns":4},{"damage":28,"enemies":"Shell Parasite","floor":21,"turns":7},{"damage":33,"enemies":"3 Cultists","floor":22,"turns":4},{"damage":14,"enemies":"Snake Plant","floor":24,"turns":2},{"damage":32,"enemies":"Sentry and Sphere","floor":27,"turns":4},{"damage":41,"enemies":"Gremlin Leader","floor":30,"turns":6},{"damage":39,"enemies":"3 Cultists","floor":31,"turns":5},{"damage":82,"enemies":"Automaton","floor":33,"turns":8}],"seed_played":"-295923650753785890","potions_obtained":[{"floor":1,"key":"Weak Potion"},{"floor":2,"key":"LiquidBronze"},{"floor":8,"key":"Block Potion"},{"floor":11,"key":"EssenceOfSteel"},{"floor":16,"key":"Block Potion"},{"floor":21,"key":"Ancient Potion"},{"floor":24,"key":"Swift Potion"},{"floor":27,"key":"FearPotion"}],"is_trial":false,"path_per_floor":["M","M","?","M","M","E","R","E","T","R","M","R","M","?","R","B",null,"M","$","?","M","M","R","M","R","T","M","?","R","E","M","R","B"],"character_chosen":"IRONCLAD","items_purchased":["Whirlwind","Pen Nib","Rupture"],"campfire_rested":5,"item_purchase_floors":[19,19,19],"current_hp_per_floor":[75,80,80,79,59,38,62,59,59,59,51,51,49,46,46,25,66,70,70,70,48,33,57,49,73,73,47,47,71,47,38,62,0],"gold":220,"neow_bonus":"THREE_CARDS","is_prod":false,"is_daily":false,"chose_seed":false,"campfire_upgraded":3,"win_rate":0,"timestamp":1557689715,"path_taken":["M","M","?","M","?","E","R","E","T","R","M","R","M","?","R","BOSS","M","$","?","M","M","R","M","R","T","M","?","R","E","M","R","BOSS"],"build_version":"2019-01-23","purchased_purges":1,"victory":false,"max_hp_per_floor":[80,80,80,80,80,80,80,80,80,80,80,80,80,80,80,80,80,80,80,80,80,80,80,80,80,80,80,80,80,80,80,80,80],"card_choices":[{"not_picked":["Power Through","Clash"],"picked":"Searing Blow","floor":0},{"not_picked":["Wild Strike","Cleave"],"picked":"Inflame","floor":1},{"not_picked":["Wild Strike","Burning Pact"],"picked":"Metallicize","floor":2},{"not_picked":["Power Through","Disarm"],"picked":"Anger","floor":4},{"not_picked":["Seeing Red","Wild Strike"],"picked":"Combust","floor":5},{"not_picked":["Shockwave","Pommel Strike"],"picked":"Battle Trance","floor":6},{"not_picked":["Shrug It Off","Clothesline"],"picked":"Reaper","floor":8},{"not_picked":["Twin Strike","Warcry"],"picked":"Sword Boomerang","floor":11},{"not_picked":["Pommel Strike","Cleave"],"picked":"Inflame","floor":13},{"not_picked":["Berserk","Offering"],"picked":"Juggernaut","floor":16},{"not_picked":["Armaments","Blood for Blood"],"picked":"Shrug It Off+1","floor":18},{"not_picked":["Evolve","Anger"],"picked":"Sword Boomerang","floor":21},{"not_picked":["Brutality","Clothesline"],"picked":"Seeing Red","floor":22},{"not_picked":["Pommel Strike+1","Perfected Strike"],"picked":"Havoc+1","floor":24},{"not_picked":["Iron Wave","Whirlwind"],"picked":"Armaments+1","floor":27},{"not_picked":["Sever Soul+1","Body Slam"],"picked":"Uppercut","floor":30},{"not_picked":["Fire Breathing","Cleave+1","Perfected Strike+1"],"picked":"SKIP","floor":31}],"player_experience":748560,"relics_obtained":[{"floor":6,"key":"Anchor"},{"floor":8,"key":"Art of War"},{"floor":9,"key":"Potion Belt"},{"floor":26,"key":"Tiny Chest"},{"floor":30,"key":"Dodecahedron"}],"event_choices":[{"damage_healed":0,"gold_gain":100,"player_choice":"Pray","damage_taken":0,"max_hp_gain":0,"max_hp_loss":0,"event_name":"Golden Shrine","floor":3,"gold_loss":0},{"damage_healed":0,"gold_gain":0,"player_choice":"Success","damage_taken":3,"relics_obtained":["Ancient Tea Set"],"max_hp_gain":0,"max_hp_loss":0,"event_name":"Scrap Ooze","floor":14,"gold_loss":0},{"cards_removed":["Strike_R"],"damage_healed":0,"gold_gain":0,"player_choice":"Gave Gold","damage_taken":0,"max_hp_gain":0,"max_hp_loss":0,"event_name":"Beggar","floor":20,"gold_loss":75},{"damage_healed":0,"gold_gain":0,"player_choice":"Forge","damage_taken":0,"max_hp_gain":0,"max_hp_loss":0,"event_name":"Accursed Blacksmith","floor":28,"gold_loss":0,"cards_upgraded":["Searing Blow"]}],"is_beta":false,"boss_relics":[{"not_picked":["Snecko Eye","Velvet Choker"],"picked":"Empty Cage"}],"items_purged_floors":[19],"is_endless":false,"potions_floor_spawned":[1,2,8,11,16,21,24,27],"killed_by":"Automaton","ascension_level":9}