{"gold_per_floor":[115,265,265,25,25,64,99,142,177,189,201,233,265,277,289,301],"floor_reached":16,"playtime":533,"items_purged":["Doubt"],"score":253,"play_id":"2295fb80-aa9f-48ec-9689-732922d0ecfb","local_time":"20190615185459","is_ascension_mode":true,"campfire_choices":[{"data":"Armaments","floor":10,"key":"SMITH"},{"data":"True Grit","floor":15,"key":"SMITH"}],"neow_cost":"NONE","seed_source_timestamp":2459730576057535,"circlet_count":0,"master_deck":["AscendersBane","Strike_R","Strike_R","Strike_R","Strike_R","Defend_R","Defend_R","Defend_R","Defend_R","Bash+1","Armaments+1","Clothesline","Pommel Strike+1","True Grit+1"],"relics":["Burning Blood","NeowsBlessing","Golden Idol","Bag of Marbles","MawBank","Letter Opener","Vajra"],"potions_floor_usage":[8,13,16],"damage_taken":[{"damage":0,"enemies":"Small Slimes","floor":1,"turns":1},{"damage":0,"enemies":"Gremlin Nob","floor":6,"turns":1},{"damage":0,"enemies":"2 Louse","floor":7,"turns":1},{"damage":20,"enemies":"Lagavulin","floor":8,"turns":7},{"damage":2,"enemies":"Jaw Worm","floor":12,"turns":4},{"damage":0,"enemies":"Red Slaver","floor":13,"turns":3},{"damage":40,"enemies":"Hexaghost","floor":16,"turns":11}],"seed_played":"-6330724833576712727","potions_obtained":[{"floor":6,"key":"Strength Potion"},{"floor":7,"key":"GamblersBrew"},{"floor":12,"key":"SkillPotion"}],"is_trial":false,"path_per_floor":["M","?","?","$","?","E","M","E","T","R","?","M","M","$","R","B"],"character_chosen":"IRONCLAD","items_purchased":["Bag of Marbles"],"campfire_rested":0,"item_purchase_floors":[4],"current_hp_per_floor":[74,74,48,48,48,54,60,46,46,46,23,27,33,33,33,0],"gold":301,"neow_bonus":"THREE_ENEMY_KILL","is_prod":false,"is_daily":false,"chose_seed":false,"campfire_upgraded":2,"win_rate":0,"timestamp":1560635699,"path_taken":["M","?","?","$","?","E","?","E","T","R","?","M","M","$","R","BOSS"],"build_version":"2019-01-23","purchased_purges":1,"victory":false,"max_hp_per_floor":[75,75,75,75,75,75,75,75,75,75,75,75,75,75,75,75],"card_choices":[{"not_picked":["Warcry","Power Through"],"picked":"Armaments","floor":1},{"not_picked":["Shrug It Off","Flex"],"picked":"Clothesline","floor":6},{"not_picked":["Body Slam","Clothesline"],"picked":"Pommel Strike","floor":7},{"not_picked":["Pommel Strike","Clash","Bloodletting"],"picked":"SKIP","floor":8},{"not_picked":["Flex","Perfected Strike","Iron Wave"],"picked":"SKIP","floor":12},{"not_picked":["Thunderclap","Sever Soul"],"picked":"True Grit","floor":13}],"player_experience":1059950,"relics_obtained":[{"floor":6,"key":"MawBank"},{"floor":8,"key":"Letter Opener"},{"floor":9,"key":"Vajra"}],"event_choices":[{"damage_healed":0,"gold_gain":150,"player_choice":"AGREE","damage_taken":0,"max_hp_gain":0,"max_hp_loss":0,"event_name":"Liars Game","floor":2,"gold_loss":0,"cards_obtained":["Doubt"]},{"damage_healed":0,"gold_gain":0,"player_choice":"Take Damage","damage_taken":26,"relics_obtained":["Golden Idol"],"max_hp_gain":0,"max_hp_loss":0,"event_name":"Golden Idol","floor":3,"gold_loss":0},{"cards_removed":["Strike_R"],"damage_healed":0,"gold_gain":0,"player_choice":"Card Removal","damage_taken":0,"max_hp_gain":0,"max_hp_loss":0,"event_name":"Wheel of Change","floor":5,"gold_loss":0},{"damage_healed":0,"gold_gain":0,"player_choice":"Entered Light","damage_taken":23,"max_hp_gain":0,"max_hp_loss":0,"event_name":"Shining Light","floor":11,"gold_loss":0,"cards_upgraded":["Bash","Pommel Strike"]}],"is_beta":false,"boss_relics":[],"items_purged_floors":[4],"is_endless":false,"potions_floor_spawned":[6,7,12],"killed_by":"Hexaghost","ascension_level":18}