{"gold_per_floor":[109,34,53,53,53,88,88,107,107,136,148,166,166,185,185,309,309,334,334,348,109,129,129,129,148,228,228,271,271,306,331,331,450,450,471,471,292,292,52,52,73,73,73,137,137,160,15,15],"floor_reached":48,"playtime":3815,"items_purged":["Defend_B","Defend_B"],"score":528,"play_id":"158a203b-a866-45ea-b7b8-29dccd521daf","local_time":"20190417200518","is_ascension_mode":false,"campfire_choices":[{"data":"Madness","floor":7.0,"key":"SMITH"},{"floor":15,"key":"REST"},{"data":"Zap","floor":23,"key":"SMITH"},{"floor":27,"key":"RECALL"},{"floor":29,"key":"REST"},{"floor":32,"key":"REST"},{"data":"Mayhem","floor":40,"key":"SMITH"},{"data":"Storm","floor":42,"key":"SMITH"}],"neow_cost":"NONE","seed_source_timestamp":0,"circlet_count":0,"master_deck":["Strike_B","Strike_B","Strike_B","Strike_B","Defend_B+1","Defend_B","Zap+1","Dualcast+1","Madness+1","Hologram+1","BootSequence","Cold Snap","Auto Shields","Cold Snap","Double Energy","Storm+1","Steam Power","Coolheaded","Seek","Sunder","RitualDagger","Conserve Battery","Magnetism","Ball Lightning","Zap","Forethought","Chill","Leap+1","Gash","Creative AI","Chaos+1","Madness","Madness","Loop","Panache","Capacitor","Mayhem+1","Capacitor+1","Stack+1"],"special_seed":0,"relics":["Cracked Core","War Paint","Shuriken","Mango","Bird Faced Urn","Golden Idol","Lizard Tail","Ornamental Fan","Nunchaku","Strawberry","Philosopher\u0027s Stone","StoneCalendar","Oddly Smooth Stone"],"potions_floor_usage":[22,31,33,35,41,44],"damage_taken":[{"damage":5.0,"enemies":"Small Slimes","floor":1.0,"turns":3.0},{"damage":0.0,"enemies":"Jaw Worm","floor":3.0,"turns":2.0},{"damage":11.0,"enemies":"3 Sentries","floor":6.0,"turns":9.0},{"damage":0.0,"enemies":"2 Louse","floor":8.0,"turns":2.0},{"damage":13.0,"enemies":"Lagavulin","floor":10.0,"turns":6.0},{"damage":0.0,"enemies":"Large Slime","floor":11.0,"turns":7.0},{"damage":0.0,"enemies":"Exordium Wildlife","floor":12.0,"turns":6.0},{"damage":25,"enemies":"Gremlin Gang","floor":14,"turns":5},{"damage":39,"enemies":"The Guardian","floor":16,"turns":19},{"damage":8,"enemies":"Chosen","floor":18,"turns":10},{"damage":0,"enemies":"Spheric Guardian","floor":20,"turns":3},{"damage":8,"enemies":"Snecko","floor":22,"turns":5},{"damage":26,"enemies":"Snake Plant","floor":25,"turns":5},{"damage":70,"enemies":"Gremlin Leader","floor":28,"turns":11},{"damage":67,"enemies":"Book of Stabbing","floor":30,"turns":9},{"damage":4,"enemies":"Centurion and Healer","floor":31,"turns":6},{"damage":15,"enemies":"Champ","floor":33,"turns":15},{"damage":0,"enemies":"3 Shapes","floor":35,"turns":2},{"damage":23,"enemies":"3 Darklings","floor":41,"turns":7},{"damage":77,"enemies":"2 Orb Walkers","floor":44,"turns":5},{"damage":24,"enemies":"Transient","floor":46,"turns":5},{"damage":11,"enemies":"Sphere and 2 Shapes","floor":48,"turns":3}],"seed_played":"-4877220199244178084","potions_obtained":[{"floor":8.0,"key":"Strength Potion"},{"floor":11.0,"key":"LiquidBronze"},{"floor":16,"key":"Poison Potion"},{"floor":25,"key":"Dexterity Potion"},{"floor":30,"key":"SpeedPotion"},{"floor":31,"key":"FearPotion"},{"floor":33,"key":"Weak Potion"},{"floor":41,"key":"Regen Potion"}],"is_trial":false,"path_per_floor":["M","$","M","?","T","E","R","M","T","E","M","M","?","M","R","B",null,"M","?","M","$","M","R","?","M","T","R","E","R","E","M","R","B",null,"M","?","$","?","$","R","M","R","T","?","$","M","$","M"],"character_chosen":"DEFECT","items_purchased":["BootSequence","Magnetism","Loop","Capacitor","Mayhem","Oddly Smooth Stone"],"campfire_rested":3,"item_purchase_floors":[2,21,37,39,39,47],"current_hp_per_floor":[70,70,70,70,70,59,59,59,73,60,60,62,40,17,43,6,89,83,77,77,77,75,75,75,55,55,55,44,70,16,20,48,39,96,96,84,84,84,84,84,73,73,73,16,16,4,4,0],"gold":15,"neow_bonus":"RANDOM_COLORLESS","is_prod":false,"is_daily":false,"chose_seed":false,"campfire_upgraded":4,"win_rate":0,"timestamp":1555542318,"path_taken":["M","$","M","?","?","E","R","M","T","E","M","M","?","M","R","BOSS","M","?","M","$","M","R","?","?","T","R","E","R","E","M","R","BOSS","M","?","$","?","$","R","M","R","T","?","?","M","$","M"],"build_version":"2019-01-23","purchased_purges":2,"victory":false,"max_hp_per_floor":[75,75,75,75,75,75,75,75,89,89,89,89,89,89,89,89,89,89,89,89,89,89,89,89,89,89,89,89,89,96,96,96,96,96,96,96,96,96,96,96,96,96,96,96,96,96,96,96],"card_choices":[{"not_picked":["Stack","Go for the Eyes"],"picked":"Hologram","floor":1.0},{"not_picked":["Leap","Rainbow"],"picked":"Cold Snap","floor":3.0},{"not_picked":["Turbo","Cold Snap"],"picked":"Auto Shields","floor":6.0},{"not_picked":["Leap","Genetic Algorithm"],"picked":"Cold Snap","floor":8.0},{"not_picked":["Hyperbeam","Steam Power"],"picked":"Double Energy","floor":10.0},{"not_picked":["Compile Driver","Cold Snap"],"picked":"Storm","floor":11.0},{"not_picked":["Heatsinks","Stack"],"picked":"Steam Power","floor":12},{"not_picked":["Beam Cell","Stack"],"picked":"Coolheaded","floor":14},{"not_picked":["All For One","Thunder Strike"],"picked":"Seek","floor":16},{"not_picked":["Genetic Algorithm","Redo"],"picked":"Sunder","floor":18},{"not_picked":["Recycle","Sweeping Beam"],"picked":"Conserve Battery","floor":20},{"not_picked":["Recycle","Core Surge"],"picked":"Ball Lightning","floor":22},{"not_picked":["Chaos","Rebound","Steam"],"picked":"SKIP","floor":25},{"not_picked":["Leap","Steam"],"picked":"Chill","floor":28},{"not_picked":["Multi-Cast","Aggregate+1"],"picked":"Leap+1","floor":30},{"not_picked":["Cold Snap","Hello World+1"],"picked":"Gash","floor":31},{"not_picked":["Rainbow","Echo Form"],"picked":"Creative AI","floor":33},{"not_picked":["Genetic Algorithm","Scrape+1"],"picked":"Chaos+1","floor":35},{"not_picked":["Purity","Good Instincts"],"picked":"Panache","floor":38},{"not_picked":["Reinforced Body+1","Heatsinks+1"],"picked":"Capacitor+1","floor":41},{"not_picked":["Barrage+1","Hologram+1"],"picked":"Stack+1","floor":46}],"player_experience":609675,"relics_obtained":[{"floor":5.0,"key":"War Paint"},{"floor":6.0,"key":"Shuriken"},{"floor":9.0,"key":"Mango"},{"floor":10.0,"key":"Bird Faced Urn"},{"floor":26,"key":"Ornamental Fan"},{"floor":28,"key":"Nunchaku"},{"floor":30,"key":"Strawberry"},{"floor":44,"key":"StoneCalendar"}],"event_choices":[{"damage_healed":0.0,"max_hp_gain":0.0,"max_hp_loss":0.0,"gold_gain":0.0,"event_name":"Living Wall","player_choice":"Grow","floor":4.0,"gold_loss":0.0,"damage_taken":0.0,"cards_upgraded":["Hologram"]},{"damage_healed":0,"gold_gain":0,"player_choice":"Take Damage","damage_taken":22,"relics_obtained":["Golden Idol"],"max_hp_gain":0,"max_hp_loss":0,"event_name":"Golden Idol","floor":13,"gold_loss":0},{"damage_healed":0,"gold_gain":0,"player_choice":"Joined the Cult","damage_taken":6,"max_hp_gain":0,"max_hp_loss":0,"event_name":"Nest","floor":19,"gold_loss":0,"cards_obtained":["RitualDagger"]},{"damage_healed":0,"gold_gain":0,"player_choice":"2 cards matched","damage_taken":0,"max_hp_gain":0,"max_hp_loss":0,"event_name":"Match and Keep!","floor":24,"gold_loss":0,"cards_obtained":["Zap","Forethought"]},{"damage_healed":0,"gold_gain":0,"player_choice":"Embrace Madness","damage_taken":12,"max_hp_gain":0,"max_hp_loss":0,"event_name":"Winding Halls","floor":36,"gold_loss":0,"cards_obtained":["Madness","Madness"]},{"damage_healed":0,"gold_gain":0,"player_choice":"Memory 1","damage_taken":0,"max_hp_gain":0,"max_hp_loss":0,"event_name":"SensoryStone","floor":38,"gold_loss":0},{"damage_healed":0,"gold_gain":0,"player_choice":"Fight","damage_taken":0,"max_hp_gain":0,"max_hp_loss":0,"event_name":"Mysterious Sphere","floor":44,"gold_loss":0}],"is_beta":false,"boss_relics":[{"not_picked":["Ectoplasm","Astrolabe"],"picked":"Lizard Tail"},{"not_picked":["Snecko Eye","Velvet Choker"],"picked":"Philosopher\u0027s Stone"}],"items_purged_floors":[21,37],"is_endless":false,"potions_floor_spawned":[8,11,16,25,30,31,33,41],"killed_by":"Sphere and 2 Shapes","ascension_level":0}