{"gold_per_floor":[212,387,20,37,48,48,59,85,161,161,161,161,221,198,198,296,296,314,219,219,238,45,45,79,79,104,104,116,0,27,44,44,44],"floor_reached":33,"playtime":2024,"items_purged":[],"score":323,"play_id":"20f85849-4c67-4c0c-a9e9-8d288a44b37b","local_time":"20190403074156","is_ascension_mode":true,"campfire_choices":[{"data":"Iron Wave","floor":6.0,"key":"SMITH"},{"data":"Iron Wave","floor":10.0,"key":"SMITH"},{"floor":12.0,"key":"REST"},{"data":"Body Slam","floor":15.0,"key":"SMITH"},{"floor":23.0,"key":"REST"},{"data":"Jack Of All Trades","floor":25.0,"key":"SMITH"},{"data":"Shrug It Off","floor":27.0,"key":"SMITH"},{"floor":32.0,"key":"REST"}],"neow_cost":"NONE","seed_source_timestamp":0,"circlet_count":0,"master_deck":["Strike_R","Strike_R","Strike_R","Strike_R","Strike_R+1","Defend_R","Defend_R","Defend_R","Defend_R","Bash","Iron Wave+1","Doubt","Shrug It Off+1","Panache","Feel No Pain","Body Slam+1","Anger","Iron Wave+1","Seeing Red","Shrug It Off+1","Reaper","Combust+1","Jack Of All Trades+1","Wild Strike","Flex","Power Through+1","Shrug It Off"],"special_seed":0,"relics":["Burning Blood","Happy Flower","Gambling Chip","Pear","Tiny Chest","Black Star","MutagenicStrength","Toolbox","Strawberry","Oddly Smooth Stone","Orichalcum","Anchor"],"potions_floor_usage":[],"damage_taken":[{"damage":4.0,"enemies":"Small Slimes","floor":1.0,"turns":4.0},{"damage":7.0,"enemies":"Jaw Worm","floor":4.0,"turns":4.0},{"damage":16.0,"enemies":"2 Louse","floor":5.0,"turns":3.0},{"damage":4.0,"enemies":"Blue Slaver","floor":7.0,"turns":5.0},{"damage":53.0,"enemies":"Gremlin Nob","floor":8.0,"turns":6.0},{"damage":6.0,"enemies":"Lagavulin","floor":13.0,"turns":5.0},{"damage":6.0,"enemies":"Slime Boss","floor":16.0,"turns":8.0},{"damage":44.0,"enemies":"3 Byrds","floor":18.0,"turns":8.0},{"damage":23.0,"enemies":"Spheric Guardian","floor":21.0,"turns":4.0},{"damage":31.0,"enemies":"Gremlin Leader","floor":24.0,"turns":5.0},{"damage":40.0,"enemies":"Snake Plant","floor":28.0,"turns":6.0},{"damage":25.0,"enemies":"Snecko","floor":31.0,"turns":6.0},{"damage":60,"enemies":"Automaton","floor":33,"turns":6}],"seed_played":"-6139109217059068843","potions_obtained":[{"floor":4.0,"key":"Energy Potion"},{"floor":5.0,"key":"PowerPotion"},{"floor":7.0,"key":"PowerPotion"},{"floor":8.0,"key":"Ancient Potion"},{"floor":18.0,"key":"Poison Potion"},{"floor":24.0,"key":"Dexterity Potion"},{"floor":31.0,"key":"FearPotion"}],"is_trial":false,"path_per_floor":["M","?","$","M","M","R","M","E","T","R","?","R","E","$","R","B",null,"M","$","?","M","$","R","E","R","T","R","M","?","T","M","R","B"],"character_chosen":"IRONCLAD","items_purchased":["Happy Flower","Shrug It Off","Panache","Shrug It Off","Jack Of All Trades","Toolbox"],"campfire_rested":3,"item_purchase_floors":[3,3,3,14,19,22],"current_hp_per_floor":[80,80,80,79,69,69,71,24,34,34,16,43,43,43,43,43,90,58,58,58,45,45,72,54,54,54,54,24,24,24,8,37,0],"gold":44,"neow_bonus":"HUNDRED_GOLD","is_prod":false,"is_daily":false,"chose_seed":false,"campfire_upgraded":5,"win_rate":0,"timestamp":1554270116,"path_taken":["M","?","$","M","M","R","M","E","T","R","?","R","E","$","R","BOSS","M","$","?","M","$","R","E","R","T","R","M","?","?","M","R","BOSS"],"build_version":"2019-01-23","purchased_purges":0,"victory":false,"max_hp_per_floor":[80,80,80,80,80,80,80,80,90,90,90,90,90,90,90,90,90,90,90,90,90,90,90,97,97,97,97,97,97,97,97,97,97],"card_choices":[{"not_picked":["Battle Trance","Flex"],"picked":"Iron Wave","floor":1.0},{"not_picked":["Inflame","Dropkick"],"picked":"Feel No Pain","floor":4.0},{"not_picked":["Combust","Perfected Strike"],"picked":"Body Slam","floor":5.0},{"not_picked":["Wild Strike","Dual Wield"],"picked":"Anger","floor":7.0},{"not_picked":["Feel No Pain","Headbutt"],"picked":"Iron Wave","floor":8.0},{"not_picked":["Corruption","Immolate"],"picked":"Seeing Red","floor":13.0},{"not_picked":["Dark Embrace","Fiend Fire"],"picked":"Reaper","floor":16.0},{"not_picked":["Feel No Pain","Clothesline"],"picked":"Combust+1","floor":18.0},{"not_picked":["Clothesline+1","Carnage"],"picked":"Wild Strike","floor":21.0},{"not_picked":["Dual Wield","Rampage"],"picked":"Flex","floor":24.0},{"not_picked":["Dark Embrace","Pommel Strike"],"picked":"Power Through+1","floor":28.0},{"not_picked":["Thunderclap+1","Flex"],"picked":"Shrug It Off","floor":31.0}],"player_experience":85607,"relics_obtained":[{"floor":8.0,"key":"Gambling Chip"},{"floor":9.0,"key":"Pear"},{"floor":13.0,"key":"Tiny Chest"},{"floor":24.0,"key":"Strawberry"},{"floor":24.0,"key":"Oddly Smooth Stone"},{"floor":26.0,"key":"Orichalcum"},{"floor":30.0,"key":"Anchor"}],"event_choices":[{"damage_healed":0.0,"max_hp_gain":0.0,"max_hp_loss":0.0,"gold_gain":175.0,"event_name":"Liars Game","player_choice":"AGREE","floor":2.0,"gold_loss":0.0,"damage_taken":0.0,"cards_obtained":["Doubt"]},{"damage_healed":0.0,"max_hp_gain":0.0,"max_hp_loss":0.0,"gold_gain":0.0,"event_name":"Shining Light","player_choice":"Entered Light","floor":11.0,"gold_loss":0.0,"damage_taken":18.0,"cards_upgraded":["Strike_R","Shrug It Off"]},{"damage_healed":0.0,"max_hp_gain":0.0,"max_hp_loss":0.0,"gold_gain":0.0,"event_name":"Drug Dealer","player_choice":"Inject Mutagens","floor":20.0,"gold_loss":0.0,"damage_taken":0.0,"relics_obtained":["MutagenicStrength"]},{"damage_healed":0.0,"max_hp_gain":0.0,"max_hp_loss":0.0,"gold_gain":0.0,"event_name":"Masked Bandits","player_choice":"Paid Fearfully","floor":29.0,"gold_loss":116.0,"damage_taken":0.0}],"is_beta":false,"boss_relics":[{"not_picked":["Empty Cage","Runic Cube"],"picked":"Black Star"}],"items_purged_floors":[],"is_endless":false,"potions_floor_spawned":[4,5,7,8,18,24,31],"killed_by":"Automaton","ascension_level":2}