{"gold_per_floor":[118,132,132,432,308,308,337,349,385,397,437,449,477,505,517,629,641,669,695,807,836,438,438,463,463,463,34,46,56,56,72,72,72],"floor_reached":33,"playtime":1895,"items_purged":["Regret","Strike_B","Strike_B"],"score":300,"play_id":"a6e42909-aba2-4524-89df-003fd262f805","local_time":"20190322151651","is_ascension_mode":false,"campfire_choices":[{"data":"Zap","floor":6,"key":"SMITH"},{"data":"Dualcast","floor":8,"key":"SMITH"},{"data":"Echo Form","floor":12,"key":"SMITH"},{"data":"Redo","floor":15,"key":"SMITH"},{"floor":23,"key":"REST"},{"floor":25,"key":"RECALL"},{"data":"Fusion","floor":30,"key":"SMITH"},{"floor":32,"key":"REST"}],"neow_cost":"NONE","seed_source_timestamp":524129682484217,"circlet_count":0,"master_deck":["Strike_B","Strike_B","Defend_B","Defend_B","Defend_B","Defend_B","Zap+1","Dualcast+1","Leap","Cold Snap","Rebound","Echo Form+1","Redo+1","Amplify","Force Field","Chaos","Fusion+1","Self Repair","Doom and Gloom","Turbo"],"relics":["Cracked Core","NeowsBlessing","Mercury Hourglass","Old Coin","MawBank","Vajra","Busted Crown","Blood Vial","Bird Faced Urn","Bottled Flame","Bag of Marbles","Anchor"],"potions_floor_usage":[11,11,18,19,21,24,33],"damage_taken":[{"damage":0,"enemies":"Jaw Worm","floor":1,"turns":1},{"damage":0,"enemies":"2 Louse","floor":2,"turns":1},{"damage":0,"enemies":"3 Sentries","floor":7,"turns":1},{"damage":7,"enemies":"Lagavulin","floor":11,"turns":6},{"damage":4,"enemies":"Cultist","floor":13,"turns":3},{"damage":0,"enemies":"3 Louse","floor":14,"turns":2},{"damage":42,"enemies":"Hexaghost","floor":16,"turns":10},{"damage":8,"enemies":"Chosen","floor":18,"turns":4},{"damage":16,"enemies":"2 Thieves","floor":19,"turns":3},{"damage":27,"enemies":"Shelled Parasite and Fungi","floor":21,"turns":7},{"damage":39,"enemies":"Book of Stabbing","floor":24,"turns":7},{"damage":0,"enemies":"Centurion and Healer","floor":28,"turns":6},{"damage":6,"enemies":"Sentry and Sphere","floor":29,"turns":5},{"damage":38,"enemies":"Cultist and Chosen","floor":31,"turns":7},{"damage":60,"enemies":"Collector","floor":33,"turns":10}],"seed_played":"2048816072396000594","potions_obtained":[{"floor":1,"key":"Fire Potion"},{"floor":2,"key":"Weak Potion"},{"floor":7,"key":"LiquidBronze"},{"floor":16,"key":"Regen Potion"},{"floor":18,"key":"SkillPotion"},{"floor":21,"key":"SkillPotion"},{"floor":31,"key":"SkillPotion"}],"is_trial":false,"path_per_floor":["M","M","?","?","$","R","E","R","T","?","E","R","M","M","R","B",null,"M","M","?","M","$","R","E","R","T","$","M","M","R","M","R","B"],"character_chosen":"DEFECT","items_purchased":["Rebound","Blood Vial","Self Repair","Doom and Gloom","Turbo","Bag of Marbles","Anchor"],"campfire_rested":2,"item_purchase_floors":[5,22,22,22,22,27,27],"current_hp_per_floor":[75,75,75,63,63,63,63,63,63,63,56,56,52,52,52,10,75,67,51,51,39,39,61,31,31,31,31,44,51,51,26,48,0],"gold":72,"neow_bonus":"THREE_ENEMY_KILL","is_prod":false,"is_daily":false,"chose_seed":false,"campfire_upgraded":5,"win_rate":0,"timestamp":1553278611,"path_taken":["M","M","?","?","$","R","E","R","T","?","E","R","?","M","R","BOSS","M","M","?","M","?","R","E","R","T","$","M","M","R","M","R","BOSS"],"build_version":"2019-01-23","purchased_purges":3,"victory":false,"max_hp_per_floor":[75,75,75,75,75,75,75,75,75,75,75,75,75,75,75,75,75,75,75,75,75,75,75,75,75,75,75,75,75,75,75,75,75],"card_choices":[{"not_picked":["Cold Snap","Scrape"],"picked":"Leap","floor":1},{"not_picked":["Chaos","Barrage"],"picked":"Cold Snap","floor":2},{"not_picked":["Hologram","Steam","Scrape"],"picked":"SKIP","floor":7},{"not_picked":["Aggregate","Leap"],"picked":"Echo Form","floor":11},{"not_picked":["Barrage","Rebound","Skim"],"picked":"SKIP","floor":13},{"not_picked":["Steam","Consume"],"picked":"Redo","floor":14},{"not_picked":["Reboot","Echo Form"],"picked":"Amplify","floor":16},{"not_picked":[],"picked":"Force Field","floor":18},{"not_picked":[],"picked":"Chaos","floor":19},{"not_picked":[],"picked":"Fusion","floor":21},{"not_picked":["Compile Driver"],"picked":"SKIP","floor":24},{"not_picked":["Ball Lightning"],"picked":"SKIP","floor":28},{"not_picked":["Conserve Battery"],"picked":"SKIP","floor":29},{"not_picked":["Reprogram"],"picked":"SKIP","floor":31}],"player_experience":514947,"relics_obtained":[{"floor":7,"key":"MawBank"},{"floor":11,"key":"Vajra"},{"floor":24,"key":"Bird Faced Urn"},{"floor":26,"key":"Bottled Flame"}],"event_choices":[{"damage_healed":0,"gold_gain":0,"player_choice":"Box","damage_taken":0,"relics_obtained":["Mercury Hourglass"],"max_hp_gain":0,"max_hp_loss":0,"event_name":"Big Fish","floor":3,"gold_loss":0,"cards_obtained":["Regret"]},{"damage_healed":0,"gold_gain":0,"player_choice":"Success","damage_taken":12,"relics_obtained":["Old Coin"],"max_hp_gain":0,"max_hp_loss":0,"event_name":"Scrap Ooze","floor":4,"gold_loss":0},{"damage_healed":0,"gold_gain":0,"player_choice":"Bought 0 Potions","damage_taken":0,"max_hp_gain":0,"max_hp_loss":0,"event_name":"The Woman in Blue","floor":10,"gold_loss":0},{"damage_healed":0,"gold_gain":100,"player_choice":"Pray","damage_taken":0,"max_hp_gain":0,"max_hp_loss":0,"event_name":"Golden Shrine","floor":20,"gold_loss":0}],"is_beta":false,"boss_relics":[{"not_picked":["Pandora\u0027s Box","Fusion Hammer"],"picked":"Busted Crown"}],"items_purged_floors":[5,22,27],"is_endless":false,"potions_floor_spawned":[1,2,7,16,18,21,31],"killed_by":"Collector","ascension_level":0}