{"gold_per_floor":[116,63,63,83,161,161,177,177,245,245,258,278,298,314,314,415,415,435,360,360,379,399,399,410,410,410,55,155,155,155,168,168,265,265,282,302,320,337,337],"floor_reached":39,"playtime":1477,"items_purged":["Defend_G","Strike_G"],"score":404,"play_id":"55b8ac0f-40ee-404d-9af1-c5717b2272fc","local_time":"20190601215840","is_ascension_mode":false,"campfire_choices":[{"data":"Deadly Poison","floor":6.0,"key":"SMITH"},{"data":"Backflip","floor":8.0,"key":"SMITH"},{"data":"Caltrops","floor":15.0,"key":"SMITH"},{"floor":23.0,"key":"REST"},{"data":"Catalyst","floor":29.0,"key":"SMITH"},{"floor":32.0,"key":"REST"}],"neow_cost":"NONE","seed_source_timestamp":0,"circlet_count":0,"master_deck":["Defend_G","Defend_G","Defend_G+1","Defend_G","Strike_G+1","Strike_G","Strike_G","Strike_G","Survivor","Neutralize","Backflip+1","Deadly Poison+1","Caltrops+1","Flash of Steel","Burst+1","Backstab","Noxious Fumes+1","Catalyst+1","The Bomb","Backstab","PiercingWail+1"],"special_seed":0,"relics":["Eternal Feather"],"potions_floor_usage":[37,37,38,39],"damage_taken":[{"damage":3.0,"enemies":"Jaw Worm","floor":1.0,"turns":5.0},{"damage":0.0,"enemies":"Small Slimes","floor":4.0,"turns":3.0},{"damage":0.0,"enemies":"Cultist","floor":7.0,"turns":3.0},{"damage":0.0,"enemies":"Large Slime","floor":11.0,"turns":7.0},{"damage":5.0,"enemies":"Red Slaver","floor":12.0,"turns":4.0},{"damage":1.0,"enemies":"Exordium Wildlife","floor":13.0,"turns":4.0},{"damage":3.0,"enemies":"Blue Slaver","floor":14.0,"turns":4.0},{"damage":32.0,"enemies":"The Guardian","floor":16.0,"turns":9.0},{"damage":0.0,"enemies":"Chosen","floor":18.0,"turns":5.0},{"damage":8.0,"enemies":"3 Byrds","floor":21.0,"turns":2.0},{"damage":33.0,"enemies":"Snecko","floor":22.0,"turns":6.0},{"damage":19.0,"enemies":"Shelled Parasite and Fungi","floor":24.0,"turns":6.0},{"damage":0.0,"enemies":"3 Cultists","floor":30.0,"turns":1.0},{"damage":7.0,"enemies":"Centurion and Healer","floor":31.0,"turns":5.0},{"damage":53.0,"enemies":"Champ","floor":33.0,"turns":10.0},{"damage":10.0,"enemies":"3 Shapes","floor":35.0,"turns":5.0},{"damage":27.0,"enemies":"Orb Walker","floor":36.0,"turns":5.0},{"damage":27,"enemies":"Writhing Mass","floor":37,"turns":5},{"damage":4,"enemies":"4 Shapes","floor":38,"turns":5},{"damage":12,"enemies":"3 Darklings","floor":39,"turns":1}],"seed_played":"8275527107752075426","potions_obtained":[{"floor":4.0,"key":"Strength Potion"},{"floor":12.0,"key":"SpeedPotion"},{"floor":16.0,"key":"Explosive Potion"},{"floor":22.0,"key":"SmokeBomb"},{"floor":24.0,"key":"SneckoOil"},{"floor":31.0,"key":"AttackPotion"},{"floor":38,"key":"PowerPotion"}],"is_trial":false,"path_per_floor":["M","$","?","M","T","R","M","R","T","?","M","M","M","M","R","B",null,"M","$","?","M","M","R","M","?","T","$","?","R","M","M","R","B",null,"M","M","M","M","M"],"character_chosen":"THE_SILENT","items_purchased":["Deadly Poison","Catalyst","The Bomb"],"campfire_rested":2,"item_purchase_floors":[2,27,27],"current_hp_per_floor":[67,67,53,53,53,59,59,65,65,65,65,60,59,56,65,33,70,70,70,70,62,29,59,40,40,40,40,40,49,49,42,70,17,70,60,33,6,2,0],"gold":337,"neow_bonus":"BOSS_RELIC","is_prod":false,"is_daily":false,"chose_seed":false,"campfire_upgraded":4,"win_rate":0,"timestamp":1559419120,"path_taken":["M","$","?","M","?","R","M","R","T","?","M","?","M","M","R","BOSS","M","$","?","?","M","R","M","?","T","$","?","R","M","?","R","BOSS","M","M","M","M","?"],"build_version":"2019-01-23","purchased_purges":2,"victory":false,"max_hp_per_floor":[70,70,70,70,70,70,70,70,70,70,70,70,70,70,70,70,70,70,70,70,70,70,70,70,70,70,70,70,70,70,70,70,70,70,70,70,70,70,70],"card_choices":[{"not_picked":["PiercingWail","Accuracy"],"picked":"Backflip","floor":1.0},{"not_picked":["Riddle With Holes","Dodge and Roll","Quick Slash"],"picked":"SKIP","floor":4.0},{"not_picked":["Slice","Setup","Blade Dance"],"picked":"SKIP","floor":7.0},{"not_picked":["Predator","Slice","Outmaneuver"],"picked":"SKIP","floor":11.0},{"not_picked":["Leg Sweep","Finisher","Cloak And Dagger"],"picked":"SKIP","floor":12.0},{"not_picked":["Flying Knee","Escape Plan","Caltrops"],"picked":"SKIP","floor":13.0},{"not_picked":["Cloak And Dagger","Envenom","Well Laid Plans"],"picked":"SKIP","floor":14.0},{"not_picked":["Die Die Die","Envenom"],"picked":"Burst","floor":16.0},{"not_picked":["Deflect","Skewer","Bane"],"picked":"SKIP","floor":18.0},{"not_picked":["PiercingWail","Tactician"],"picked":"Backstab","floor":21.0},{"not_picked":["Calculated Gamble","Poisoned Stab","Dagger Throw+1"],"picked":"SKIP","floor":22.0},{"not_picked":["Poisoned Stab","Dodge and Roll"],"picked":"Noxious Fumes+1","floor":24.0},{"not_picked":["Deflect","Blur"],"picked":"Backstab","floor":31.0},{"not_picked":["Deadly Poison","Distraction","Riddle With Holes+1"],"picked":"SKIP","floor":35.0},{"not_picked":["Underhanded Strike","Bouncing Flask+1","Acrobatics+1"],"picked":"SKIP","floor":36.0},{"not_picked":["Riddle With Holes+1","Cloak And Dagger+1","Slice"],"picked":"SKIP","floor":37},{"not_picked":["Flying Knee+1","Bouncing Flask"],"picked":"PiercingWail+1","floor":38}],"player_experience":218149,"relics_obtained":[],"event_choices":[{"damage_healed":0.0,"max_hp_gain":0.0,"max_hp_loss":0.0,"gold_gain":0.0,"event_name":"Shining Light","player_choice":"Entered Light","floor":3.0,"gold_loss":0.0,"damage_taken":14.0,"cards_upgraded":["Strike_G","Defend_G"]},{"damage_healed":0.0,"max_hp_gain":0.0,"max_hp_loss":0.0,"gold_gain":0.0,"event_name":"Match and Keep!","player_choice":"2 cards matched","floor":10.0,"gold_loss":0.0,"damage_taken":0.0,"cards_obtained":["Caltrops","Flash of Steel"]},{"damage_healed":0.0,"max_hp_gain":0.0,"max_hp_loss":0.0,"gold_gain":0.0,"event_name":"Upgrade Shrine","player_choice":"Upgraded","floor":20.0,"gold_loss":0.0,"damage_taken":0.0,"cards_upgraded":["Burst"]},{"damage_healed":0.0,"max_hp_gain":0.0,"max_hp_loss":0.0,"gold_gain":0.0,"event_name":"The Mausoleum","player_choice":"Ignored","floor":25.0,"gold_loss":0.0,"damage_taken":0.0},{"damage_healed":0.0,"max_hp_gain":0.0,"max_hp_loss":0.0,"gold_gain":100.0,"event_name":"Golden Shrine","player_choice":"Pray","floor":28.0,"gold_loss":0.0,"damage_taken":0.0}],"is_beta":false,"boss_relics":[{"not_picked":["Velvet Choker","Cursed Key","WristBlade"]},{"not_picked":["White Beast Statue","HoveringKite","Snecko Eye"]}],"items_purged_floors":[19,27],"is_endless":false,"potions_floor_spawned":[4,12,16,22,24,31,35,38],"killed_by":"3 Darklings","ascension_level":0}