{"gold_per_floor":[117,117,117,67,77,102,102,113,113,113,128,128,139,64,64,64],"floor_reached":16,"playtime":267,"items_purged":["Strike_R"],"score":100,"play_id":"0163251e-c3c6-4a07-8a8c-50edefde661b","local_time":"20190419182714","is_ascension_mode":false,"campfire_choices":[{"floor":10.0,"key":"REST"},{"floor":12.0,"key":"REST"},{"data":"Bash","floor":15.0,"key":"SMITH"}],"neow_cost":"NONE","seed_source_timestamp":754988455178226,"circlet_count":0,"master_deck":["Strike_R","Strike_R","Strike_R","Strike_R","Defend_R","Bash+1","Fiend Fire+1"],"special_seed":0,"relics":["Burning Blood","Sundial","Molten Egg 2"],"potions_floor_usage":[16,16,16],"damage_taken":[{"damage":15.0,"enemies":"Small Slimes","floor":1.0,"turns":2.0},{"damage":6.0,"enemies":"Jaw Worm","floor":5.0,"turns":2.0},{"damage":55.0,"enemies":"Gremlin Nob","floor":6.0,"turns":6.0},{"damage":5.0,"enemies":"2 Louse","floor":8.0,"turns":3.0},{"damage":7.0,"enemies":"Blue Slaver","floor":11.0,"turns":2.0},{"damage":10.0,"enemies":"Looter","floor":13.0,"turns":2.0},{"damage":64,"enemies":"The Guardian","floor":16,"turns":9}],"seed_played":"895097960073367396","potions_obtained":[{"floor":1.0,"key":"PowerPotion"},{"floor":8.0,"key":"PowerPotion"},{"floor":11.0,"key":"Fire Potion"},{"floor":13.0,"key":"Explosive Potion"}],"is_trial":false,"path_per_floor":["M","?","?","?","M","E","?","M","T","R","M","R","M","$","R","B"],"character_chosen":"IRONCLAD","items_purchased":[],"campfire_rested":2,"item_purchase_floors":[],"current_hp_per_floor":[71,71,64,64,64,15,15,16,16,40,39,63,59,59,59,0],"gold":64,"neow_bonus":"ONE_RANDOM_RARE_CARD","is_prod":false,"is_daily":false,"chose_seed":false,"campfire_upgraded":1,"win_rate":0,"timestamp":1555691234,"path_taken":["M","?","?","?","?","E","?","M","T","R","M","R","M","$","R","BOSS"],"build_version":"2019-01-23","purchased_purges":1,"victory":false,"max_hp_per_floor":[80,80,80,80,80,80,80,80,80,80,80,80,80,80,80,80],"card_choices":[{"not_picked":["Body Slam","Sword Boomerang","Heavy Blade"],"picked":"SKIP","floor":1.0},{"not_picked":["Seeing Red","Shrug It Off","Shockwave"],"picked":"SKIP","floor":5.0},{"not_picked":["Warcry","Offering","Power Through"],"picked":"SKIP","floor":6.0},{"not_picked":["Hemokinesis","True Grit","Warcry"],"picked":"SKIP","floor":8.0},{"not_picked":["Warcry","Armaments","Dropkick+1"],"picked":"SKIP","floor":11.0},{"not_picked":["Dual Wield","Corruption","True Grit"],"picked":"SKIP","floor":13.0}],"player_experience":129737,"relics_obtained":[{"floor":6.0,"key":"Sundial"},{"floor":9.0,"key":"Molten Egg 2"}],"event_choices":[{"cards_removed":["Defend_R"],"damage_healed":0.0,"max_hp_gain":0.0,"max_hp_loss":0.0,"gold_gain":0.0,"event_name":"Living Wall","player_choice":"Forget","floor":2.0,"gold_loss":0.0,"damage_taken":0.0},{"cards_removed":["Defend_R"],"damage_healed":0.0,"max_hp_gain":0.0,"max_hp_loss":0.0,"gold_gain":0.0,"event_name":"Golden Wing","player_choice":"Card Removal","floor":3.0,"gold_loss":0.0,"damage_taken":7.0},{"cards_removed":["Defend_R"],"damage_healed":0.0,"max_hp_gain":0.0,"max_hp_loss":0.0,"gold_gain":0.0,"event_name":"The Cleric","player_choice":"Card Removal","floor":4.0,"gold_loss":50.0,"damage_taken":0.0},{"damage_healed":0.0,"max_hp_gain":0.0,"max_hp_loss":0.0,"gold_gain":0.0,"event_name":"Accursed Blacksmith","player_choice":"Forge","floor":7.0,"gold_loss":0.0,"damage_taken":0.0,"cards_upgraded":["Fiend Fire"]}],"is_beta":false,"boss_relics":[],"items_purged_floors":[14],"is_endless":false,"potions_floor_spawned":[1,8,11,13],"killed_by":"The Guardian","ascension_level":0}