{"gold_per_floor":[117,42,61,61,78,78,90,90,115,115,127,127,140,172,172,172],"floor_reached":16,"playtime":584,"items_purged":["Strike_G"],"score":117,"play_id":"4d66708e-6926-4b78-9441-9dadc2f1e56b","local_time":"20190515224518","is_ascension_mode":true,"campfire_choices":[{"data":"Dramatic Entrance","floor":6,"key":"SMITH"},{"data":"Blade Dance","floor":8,"key":"SMITH"},{"data":"Blade Dance","floor":10,"key":"SMITH"},{"floor":12,"key":"REST"},{"floor":15,"key":"REST"}],"neow_cost":"NONE","seed_source_timestamp":3016574463788730,"circlet_count":0,"master_deck":["Defend_G","Defend_G","Defend_G","Defend_G","Defend_G","Strike_G","Strike_G","Strike_G","Strike_G","Survivor","Neutralize","Dramatic Entrance+1","Footwork","Blade Dance+1","Blade Dance+1","Cloak And Dagger"],"relics":["Ring of the Snake","Ancient Tea Set","Smiling Mask"],"potions_floor_usage":[14,16],"damage_taken":[{"damage":2,"enemies":"Jaw Worm","floor":1,"turns":4},{"damage":12,"enemies":"Small Slimes","floor":3,"turns":3},{"damage":0,"enemies":"Cultist","floor":5,"turns":4},{"damage":0,"enemies":"Looter","floor":7,"turns":4},{"damage":0,"enemies":"Lots of Slimes","floor":11,"turns":1},{"damage":0,"enemies":"Blue Slaver","floor":13,"turns":2},{"damage":31,"enemies":"Lagavulin","floor":14,"turns":6},{"damage":36,"enemies":"The Guardian","floor":16,"turns":13}],"seed_played":"2270933231116488787","potions_obtained":[{"floor":1,"key":"Fire Potion"},{"floor":3,"key":"SpeedPotion"},{"floor":11,"key":"Poison Potion"},{"floor":14,"key":"EssenceOfSteel"}],"is_trial":false,"path_per_floor":["M","$","M","$","M","R","M","R","T","R","M","R","M","E","R","B"],"character_chosen":"THE_SILENT","items_purchased":[],"campfire_rested":2,"item_purchase_floors":[],"current_hp_per_floor":[68,68,56,56,56,56,56,56,56,56,56,70,70,39,60,24],"gold":172,"neow_bonus":"RANDOM_COLORLESS","is_prod":false,"is_daily":false,"chose_seed":false,"campfire_upgraded":3,"win_rate":0,"timestamp":1557953118,"path_taken":["M","$","M","$","M","R","M","R","T","R","M","R","M","E","R","BOSS"],"build_version":"2019-01-23","purchased_purges":1,"victory":false,"max_hp_per_floor":[70,70,70,70,70,70,70,70,70,70,70,70,70,70,70,70],"card_choices":[{"not_picked":["Dagger Throw","Crippling Poison"],"picked":"Footwork","floor":1},{"not_picked":["Flechettes","Prepared"],"picked":"Blade Dance","floor":3},{"not_picked":["Slice","Leg Sweep"],"picked":"Blade Dance","floor":5},{"not_picked":["Caltrops","Well Laid Plans","Outmaneuver"],"picked":"SKIP","floor":7},{"not_picked":["Calculated Gamble","Crippling Poison"],"picked":"Cloak And Dagger","floor":11},{"not_picked":["Envenom","Outmaneuver","Poisoned Stab"],"picked":"SKIP","floor":13},{"not_picked":["Heel Hook","Slice","Phantasmal Killer"],"picked":"SKIP","floor":14}],"player_experience":194980,"relics_obtained":[{"floor":9,"key":"Ancient Tea Set"},{"floor":14,"key":"Smiling Mask"}],"event_choices":[],"is_beta":false,"boss_relics":[],"items_purged_floors":[2],"is_endless":false,"potions_floor_spawned":[1,3,11,13,14],"killed_by":"The Guardian","ascension_level":3}