{"path_per_floor":["M","M","M","?","$","E","R","M","T","M","R","?","M","M","R","B",null,"M","?","M","$","M","R","E","?","T","R","M","M","M","M","R"],"character_chosen":"THE_SILENT","items_purchased":["Footwork","Backflip","Crippling Poison"],"gold_per_floor":[110,127,139,139,20,45,45,63,63,82,82,32,47,57,57,154,154,168,168,93,19,30,30,61,61,110,110,129,144,160,171,171],"floor_reached":33,"campfire_rested":2,"playtime":9456,"current_hp_per_floor":[70,70,70,63,63,57,57,57,57,56,56,56,56,56,56,45,70,70,70,68,68,67,67,37,37,37,58,41,41,41,30,51],"items_purged":[],"gold":171,"play_id":"e721b29c-e59f-4087-b226-9b3fccbedb69","is_prod":false,"is_daily":false,"is_ascension_mode":false,"campfire_upgraded":4,"path_taken":["M","M","M","?","$","E","R","M","T","M","R","?","M","M","R","BOSS","M","?","M","$","?","R","E","?","T","R","M","?","M","M","R","BOSS"],"build_version":"2018-02-01-PROD3","purchased_purges":0,"victory":false,"master_deck":["Defend_G+1","Defend_G+1","Defend_G+1","Defend_G+1","Defend_G+1","Strike_G+1","Strike_G+1","Strike_G+1","Survivor","Neutralize+1","Blur+1","Catalyst","Poisoned Stab","Footwork+1","Backflip","Blur+1","Dagger Spray","Footwork","Poisoned Stab+1","PiercingWail+1","Escape Plan+1","Crippling Poison","PiercingWail+1","Blur+1","Blur+1","Poisoned Stab+1"],"max_hp_per_floor":[70,70,70,70,70,70,70,70,70,70,70,70,70,70,70,70,70,70,70,70,70,70,70,70,70,70,70,70,70,70,70,70],"relics":["Ring of the Snake","NeowsBlessing","Letter Opener","Ice Cream","The Specimen","Darkstone Periapt","Circlet"],"card_choices":[{"not_picked":["Dodge and Roll","Flechettes"],"picked":"Blur"},{"not_picked":["Sucker Punch","Finisher"],"picked":"Catalyst"},{"not_picked":["Deflect","Slice"],"picked":"Poisoned Stab"},{"not_picked":["Reflex","Backflip"],"picked":"Blur"},{"not_picked":["Sucker Punch","Backflip"],"picked":"Dagger Spray"},{"not_picked":["Riddle With Holes","Prepared"],"picked":"Footwork"},{"not_picked":["Leg Sweep","Backflip"],"picked":"Poisoned Stab"},{"not_picked":["Acrobatics","Backstab"],"picked":"PiercingWail"},{"not_picked":["Acrobatics","Dagger Spray"],"picked":"Escape Plan"},{"not_picked":["Distraction","Flechettes"],"picked":"PiercingWail"},{"not_picked":["A Thousand Cuts","Backstab"],"picked":"Blur"},{"not_picked":["Slice","Bane"],"picked":"Blur"},{"not_picked":["Backstab","Quick Slash"],"picked":"Poisoned Stab"}],"player_experience":164837,"potions_floor_usage":[],"damage_taken":[{"damage":0.0,"enemies":"Cultist","floor":1.0,"turns":1.0},{"damage":0.0,"enemies":"Blue Slaver","floor":2.0,"turns":1.0},{"damage":0.0,"enemies":"Jaw Worm","floor":3.0,"turns":1.0},{"damage":6.0,"enemies":"Lagavulin","floor":6.0,"turns":11.0},{"damage":0.0,"enemies":"Exordium Wildlife","floor":8.0,"turns":4.0},{"damage":1.0,"enemies":"Large Slime","floor":10.0,"turns":11.0},{"damage":0.0,"enemies":"Red Slaver","floor":13.0,"turns":6.0},{"damage":0.0,"enemies":"3 Louse","floor":14.0,"turns":4.0},{"damage":11.0,"enemies":"Hexaghost","floor":16.0,"turns":13.0},{"damage":0.0,"enemies":"Chosen","floor":18.0,"turns":7.0},{"damage":2.0,"enemies":"2 Thieves","floor":20.0,"turns":5.0},{"damage":1.0,"enemies":"Snake Plant","floor":22.0,"turns":7.0},{"damage":30.0,"enemies":"Gremlin Leader","floor":24.0,"turns":11.0},{"damage":17.0,"enemies":"3 Cultists","floor":28.0,"turns":9.0},{"damage":0.0,"enemies":"Centurion and Healer","floor":29.0,"turns":9.0},{"damage":0.0,"enemies":"Snecko","floor":30.0,"turns":8.0},{"damage":11.0,"enemies":"3 Cultists","floor":31.0,"turns":7.0},{"damage":82,"enemies":"Automaton","floor":33,"turns":12}],"event_choices":[{"event_name":"Golden Wing","player_choice":"Card Removal","floor":4.0,"damage_taken":0.0},{"event_name":"The Cleric","player_choice":"Card Removal","floor":12.0,"damage_taken":0.0},{"event_name":"Vampires","player_choice":"Ignored","floor":19.0,"damage_taken":0.0},{"event_name":"Back to Basics","player_choice":"Simplicity","floor":25.0,"damage_taken":0.0}],"boss_relics":[],"potions_floor_spawned":[1,3,6,16,22,24,28,29,30],"seed_played":"2342061226833561842","killed_by":"Automaton","ascension_level":0,"is_trial":false}