{"gold_per_floor":[117,132,132,150,150,150,181,181,181,181,12,53,53,68,68,197,197,216,101,101,117,46,77,77,90,117,149,149,164,164],"floor_reached":30,"playtime":1947,"items_purged":["Strike_R"],"score":400,"play_id":"3c208326-17da-491f-a571-ff2afd1bca7a","local_time":"20190427223052","is_ascension_mode":true,"campfire_choices":[{"data":"Bash","floor":6.0,"key":"SMITH"},{"data":"Spot Weakness","floor":8.0,"key":"SMITH"},{"data":"Combust","floor":10.0,"key":"SMITH"},{"data":"True Grit","floor":13.0,"key":"SMITH"},{"data":"Rampage","floor":15.0,"key":"SMITH"},{"data":"Limit Break","floor":24,"key":"SMITH"},{"floor":28,"key":"REST"}],"neow_cost":"NONE","seed_source_timestamp":0,"circlet_count":0,"master_deck":["Strike_R","Strike_R","Strike_R","Strike_R","Defend_R","Defend_R","Defend_R","Defend_R","Bash+1","Combust+1","Rampage+1","Spot Weakness+1","True Grit+1","Offering","Shrug It Off","Battle Trance","Limit Break+1","Sword Boomerang+1","Evolve","Second Wind","Feel No Pain","Clothesline","Headbutt","Limit Break","Corruption+1"],"special_seed":0,"relics":["Burning Blood","Pocketwatch","Mercury Hourglass","Question Card","Mark of Pain","Nloth\u0027s Gift","Shovel","PreservedInsect","Matryoshka"],"potions_floor_usage":[23,27,27],"damage_taken":[{"damage":15.0,"enemies":"Jaw Worm","floor":1.0,"turns":4.0},{"damage":0.0,"enemies":"2 Louse","floor":2.0,"turns":2.0},{"damage":3.0,"enemies":"Cultist","floor":4.0,"turns":3.0},{"damage":9.0,"enemies":"Gremlin Nob","floor":7.0,"turns":3.0},{"damage":24.0,"enemies":"Lagavulin","floor":12.0,"turns":6.0},{"damage":1.0,"enemies":"3 Louse","floor":14.0,"turns":2.0},{"damage":39.0,"enemies":"Hexaghost","floor":16.0,"turns":9.0},{"damage":10.0,"enemies":"Shell Parasite","floor":18.0,"turns":4.0},{"damage":6.0,"enemies":"Chosen","floor":21.0,"turns":4.0},{"damage":21,"enemies":"Gremlin Leader","floor":23,"turns":5},{"damage":27,"enemies":"3 Cultists","floor":25,"turns":5},{"damage":20,"enemies":"Book of Stabbing","floor":27,"turns":3},{"damage":26,"enemies":"Shelled Parasite and Fungi","floor":29,"turns":5},{"damage":26,"enemies":"Slavers","floor":30,"turns":2}],"seed_played":"-5270708757118572010","potions_obtained":[{"floor":1.0,"key":"SteroidPotion"},{"floor":7.0,"key":"BloodPotion"},{"floor":14.0,"key":"SteroidPotion"},{"floor":23,"key":"SteroidPotion"},{"floor":25,"key":"PowerPotion"},{"floor":27,"key":"Fire Potion"}],"is_trial":false,"path_per_floor":["M","M","?","M","?","R","E","R","T","R","$","E","R","M","R","B",null,"M","$","?","M","$","E","R","M","T","E","R","M","E"],"character_chosen":"IRONCLAD","items_purchased":["Offering","Shrug It Off","AttackPotion","Evolve","Feel No Pain"],"campfire_rested":1,"item_purchase_floors":[11,11,11,19,22],"current_hp_per_floor":[63,69,74,77,77,77,74,74,74,74,74,56,56,61,61,28,66,62,62,62,62,62,47,47,26,26,19,42,22,0],"gold":164,"neow_bonus":"THREE_CARDS","is_prod":false,"is_daily":false,"chose_seed":false,"campfire_upgraded":6,"win_rate":0,"timestamp":1556429452,"path_taken":["M","M","?","M","?","R","E","R","T","R","$","E","R","M","R","BOSS","M","$","?","M","$","E","R","M","T","E","R","?","E"],"build_version":"2019-01-23","purchased_purges":1,"victory":false,"max_hp_per_floor":[80,80,85,85,79,79,79,79,79,79,79,79,79,79,79,79,79,79,79,79,79,79,79,79,79,79,79,79,79,79],"card_choices":[{"not_picked":["Warcry","Ghostly Armor"],"picked":"Combust","floor":0.0},{"not_picked":["Pummel","Cleave"],"picked":"Rampage","floor":1.0},{"not_picked":["Combust","Heavy Blade","Blood for Blood"],"picked":"SKIP","floor":2.0},{"not_picked":["Shrug It Off","Havoc"],"picked":"Spot Weakness","floor":4.0},{"not_picked":["Brutality","Bloodletting"],"picked":"True Grit","floor":7.0},{"not_picked":["Wild Strike","Searing Blow"],"picked":"Battle Trance","floor":12.0},{"not_picked":["Body Slam","Sentinel","Cleave","Pommel Strike"],"picked":"SKIP","floor":14.0},{"not_picked":["Exhume","Double Tap","Offering"],"picked":"Limit Break","floor":16.0},{"not_picked":["Clothesline","Searing Blow","Whirlwind"],"picked":"Sword Boomerang+1","floor":18.0},{"not_picked":["Twin Strike","Pommel Strike","True Grit+1"],"picked":"Second Wind","floor":21},{"not_picked":["Fiend Fire","Whirlwind","Thunderclap"],"picked":"Clothesline","floor":23},{"not_picked":["Havoc","Dark Embrace","Perfected Strike"],"picked":"Headbutt","floor":25},{"not_picked":["Wild Strike","True Grit","Clothesline"],"picked":"Limit Break","floor":27},{"not_picked":["Body Slam","Infernal Blade+1","Wild Strike"],"picked":"Corruption+1","floor":29}],"player_experience":734447,"relics_obtained":[{"floor":7.0,"key":"Pocketwatch"},{"floor":9.0,"key":"Mercury Hourglass"},{"floor":12.0,"key":"Question Card"},{"floor":23,"key":"Shovel"},{"floor":26,"key":"PreservedInsect"},{"floor":27,"key":"Matryoshka"}],"event_choices":[{"damage_healed":0.0,"max_hp_gain":5.0,"max_hp_loss":0.0,"gold_gain":0.0,"event_name":"Big Fish","player_choice":"Donut","floor":3.0,"gold_loss":0.0,"damage_taken":0.0},{"damage_healed":0.0,"max_hp_gain":0.0,"max_hp_loss":6.0,"gold_gain":0.0,"event_name":"Golden Idol","player_choice":"Lose Max HP","floor":5.0,"gold_loss":0.0,"damage_taken":0.0,"relics_obtained":["Golden Idol"]},{"damage_healed":0.0,"max_hp_gain":0.0,"max_hp_loss":0.0,"gold_gain":0.0,"event_name":"N\u0027loth","player_choice":"Traded Relic","floor":20.0,"relics_lost":["Golden Idol"],"gold_loss":0.0,"damage_taken":0.0,"relics_obtained":["Nloth\u0027s Gift"]}],"is_beta":false,"boss_relics":[{"not_picked":["Coffee Dripper","Cursed Key"],"picked":"Mark of Pain"}],"items_purged_floors":[19],"is_endless":false,"potions_floor_spawned":[1,7,14,23,25,27],"killed_by":"Slavers","ascension_level":9}