{"gold_per_floor":[119,119,166,166,179,179,199,210,210,220,145,145,165,22,22,122,122,141,30,49,49,67,67,67,67,67,67,84,118,118,131,131,233,233,247,247,261,52,68,68],"floor_reached":40,"playtime":1973,"items_purged":["Defend_G"],"score":438,"play_id":"09e763b7-c04f-4a58-befb-196633186b02","local_time":"20190505191423","is_ascension_mode":true,"campfire_choices":[{"data":"Deadly Poison","floor":6.0,"key":"SMITH"},{"data":"Deadly Poison","floor":12.0,"key":"SMITH"},{"data":"Footwork","floor":15.0,"key":"SMITH"},{"floor":23.0,"key":"REST"},{"data":"Venomology","floor":25.0,"key":"SMITH"},{"data":"Eviscerate","floor":30.0,"key":"SMITH"},{"floor":32.0,"key":"REST"}],"neow_cost":"NONE","seed_source_timestamp":2138500186087311,"circlet_count":0,"master_deck":["Defend_G","Defend_G","Defend_G","Strike_G","Strike_G","Survivor+1","Neutralize","Deadly Poison+1","Backflip","Deadly Poison+1","Footwork+1","Venomology+1","PiercingWail+1","Eviscerate+1","Bouncing Flask","Necronomicurse","Escape Plan+1","Outmaneuver+1","Burst","Night Terror+1","Riddle With Holes+1","Malaise+1","Footwork+1","Parasite","Caltrops+1"],"special_seed":0,"relics":["Ring of the Snake","Vajra","Bronze Scales","Singing Bowl","Lantern","HoveringKite","Necronomicon","Sundial","Orichalcum","Astrolabe","Ninja Scroll","Toy Ornithopter"],"potions_floor_usage":[33,33,33,39,40],"damage_taken":[{"damage":0.0,"enemies":"Cultist","floor":1.0,"turns":4.0},{"damage":2.0,"enemies":"Jaw Worm","floor":5.0,"turns":3.0},{"damage":0.0,"enemies":"2 Louse","floor":7.0,"turns":2.0},{"damage":3.0,"enemies":"Exordium Thugs","floor":8.0,"turns":6.0},{"damage":2.0,"enemies":"Large Slime","floor":10.0,"turns":5.0},{"damage":2.0,"enemies":"3 Louse","floor":13.0,"turns":2.0},{"damage":18.0,"enemies":"Hexaghost","floor":16.0,"turns":8.0},{"damage":10.0,"enemies":"Spheric Guardian","floor":18.0,"turns":4.0},{"damage":0.0,"enemies":"2 Thieves","floor":20.0,"turns":4.0},{"damage":22.0,"enemies":"Chosen and Byrds","floor":22.0,"turns":5.0},{"damage":20.0,"enemies":"Snake Plant","floor":28.0,"turns":4.0},{"damage":1.0,"enemies":"Slavers","floor":29.0,"turns":5.0},{"damage":5.0,"enemies":"Snecko","floor":31.0,"turns":4.0},{"damage":67,"enemies":"Automaton","floor":33,"turns":8},{"damage":4,"enemies":"3 Shapes","floor":35,"turns":5},{"damage":25,"enemies":"3 Darklings","floor":37,"turns":5},{"damage":10,"enemies":"Writhing Mass","floor":39,"turns":3},{"damage":85,"enemies":"Reptomancer","floor":40,"turns":2}],"seed_played":"9164842298348178859","potions_obtained":[{"floor":1.0,"key":"SpeedPotion"},{"floor":13.0,"key":"Weak Potion"},{"floor":16.0,"key":"Swift Potion"},{"floor":28.0,"key":"PowerPotion"},{"floor":31.0,"key":"Strength Potion"},{"floor":37,"key":"Strength Potion"}],"is_trial":false,"path_per_floor":["M","?","T","?","M","R","M","M","T","M","$","R","M","$","R","B",null,"M","$","M","?","M","R","?","R","T","?","M","E","R","M","R","B",null,"M","?","M","$","M","E"],"character_chosen":"THE_SILENT","items_purchased":["Lantern","Eviscerate","Bouncing Flask","Toy Ornithopter"],"campfire_rested":2,"item_purchase_floors":[14,19,19,38],"current_hp_per_floor":[70,63,63,63,61,61,61,58,58,56,56,56,54,54,54,36,70,60,60,62,46,38,59,59,59,59,59,41,55,55,52,74,7,76,74,74,49,49,44,0],"gold":68,"neow_bonus":"RANDOM_COMMON_RELIC","is_prod":false,"is_daily":false,"chose_seed":false,"campfire_upgraded":5,"win_rate":0,"timestamp":1557076463,"path_taken":["M","?","?","?","M","R","M","M","T","M","$","R","?","$","R","BOSS","M","$","M","?","M","R","?","R","T","?","M","E","R","M","R","BOSS","M","?","M","$","?","E"],"build_version":"2019-01-23","purchased_purges":1,"victory":false,"max_hp_per_floor":[70,70,70,70,70,70,70,70,70,70,70,70,70,70,70,70,70,70,70,72,72,72,72,72,72,72,72,74,74,74,76,76,76,76,78,78,78,78,78,78],"card_choices":[{"not_picked":["Skewer","Accuracy","Cloak And Dagger"],"picked":"SKIP","floor":1.0},{"not_picked":["Poisoned Stab","Sucker Punch"],"picked":"Deadly Poison","floor":5.0},{"not_picked":["Dodge and Roll","Crippling Poison"],"picked":"Backflip","floor":7.0},{"not_picked":["Skewer","Heel Hook","Sucker Punch"],"picked":"SKIP","floor":8.0},{"not_picked":["Choke","Sucker Punch"],"picked":"Deadly Poison","floor":10.0},{"not_picked":["Bullet Time","Quick Slash"],"picked":"Footwork","floor":13.0},{"not_picked":["Phantasmal Killer","Envenom"],"picked":"Venomology","floor":16.0},{"not_picked":["Dagger Spray","Catalyst"],"picked":"PiercingWail+1","floor":18.0},{"not_picked":["Dagger Throw","Acrobatics","Footwork"],"picked":"Singing Bowl","floor":20.0},{"not_picked":["Bane","Slice"],"picked":"Escape Plan+1","floor":22.0},{"not_picked":["Underhanded Strike","Prepared","Acrobatics"],"picked":"Singing Bowl","floor":28.0},{"not_picked":["Footwork","Predator"],"picked":"Outmaneuver+1","floor":29.0},{"not_picked":["Tactician+1","Unload","PiercingWail"],"picked":"Singing Bowl","floor":31.0},{"not_picked":["Malaise","Venomology"],"picked":"Burst","floor":33},{"not_picked":["Slice+1","Acrobatics","All Out Attack"],"picked":"Singing Bowl","floor":35},{"not_picked":["PiercingWail","Dagger Spray"],"picked":"Footwork+1","floor":37},{"not_picked":["Poisoned Stab","Malaise"],"picked":"Caltrops+1","floor":39}],"player_experience":177882,"relics_obtained":[{"floor":3.0,"key":"Bronze Scales"},{"floor":9.0,"key":"Singing Bowl"},{"floor":21.0,"key":"Necronomicon"},{"floor":26.0,"key":"Sundial"},{"floor":29.0,"key":"Orichalcum"}],"event_choices":[{"cards_removed":["Strike_G"],"damage_healed":0.0,"max_hp_gain":0.0,"max_hp_loss":0.0,"gold_gain":0.0,"event_name":"Golden Wing","player_choice":"Card Removal","floor":2.0,"gold_loss":0.0,"damage_taken":7.0},{"damage_healed":0.0,"max_hp_gain":0.0,"max_hp_loss":0.0,"gold_gain":0.0,"event_name":"Upgrade Shrine","player_choice":"Upgraded","floor":4.0,"gold_loss":0.0,"damage_taken":0.0,"cards_upgraded":["Survivor"]},{"damage_healed":0.0,"max_hp_gain":0.0,"max_hp_loss":0.0,"gold_gain":0.0,"event_name":"Cursed Tome","player_choice":"Obtained Book","floor":21.0,"gold_loss":0.0,"damage_taken":16.0},{"damage_healed":0.0,"max_hp_gain":0.0,"max_hp_loss":0.0,"gold_gain":0.0,"event_name":"Ghosts","player_choice":"Ignored","floor":24.0,"gold_loss":0.0,"damage_taken":0.0},{"damage_healed":0.0,"max_hp_gain":0.0,"max_hp_loss":0.0,"gold_gain":0.0,"event_name":"Beggar","player_choice":"Ignored","floor":27.0,"gold_loss":0.0,"damage_taken":0.0},{"damage_healed":0,"gold_gain":0,"player_choice":"Gave Potion","damage_taken":0,"relics_obtained":["Ninja Scroll"],"max_hp_gain":0,"max_hp_loss":0,"event_name":"WeMeetAgain","floor":36,"gold_loss":0}],"is_beta":false,"boss_relics":[{"not_picked":["Fusion Hammer","Black Star"],"picked":"HoveringKite"},{"not_picked":["Coffee Dripper","Philosopher\u0027s Stone"],"picked":"Astrolabe"}],"items_purged_floors":[11],"is_endless":false,"potions_floor_spawned":[1,13,16,28,31,37],"killed_by":"Reptomancer","ascension_level":2}