{"gold_per_floor":[113,133,133,9,21,41,56,56,56,68,68,68,68,79,79,183,183,203,103,103,103,28,28,0,0,0,18,30,30,30,55,55,152,152,171,271,286,161,173,173,183,201,253,253,253,253,270,289,289,289],"floor_reached":50,"playtime":1398,"items_purged":["Defend_R","Strike_R","Strike_R"],"score":454,"play_id":"b38cff04-f056-4e8d-ad8d-84c65cab5b56","local_time":"20190424220309","is_ascension_mode":false,"campfire_choices":[{"data":"Clash","floor":8.0,"key":"SMITH"},{"data":"Shrug It Off","floor":11.0,"key":"SMITH"},{"data":"Dark Shackles","floor":15.0,"key":"SMITH"},{"floor":23.0,"key":"REST"},{"floor":32.0,"key":"REST"},{"floor":40.0,"key":"REST"},{"data":"Dropkick","floor":46,"key":"SMITH"},{"floor":49,"key":"REST"}],"neow_cost":"PERCENT_DAMAGE","seed_source_timestamp":0,"circlet_count":0,"master_deck":["Bash+1","Clash+1","Dropkick+1","Twin Strike+1"],"special_seed":0,"relics":["Burning Blood","Juzu Bracelet","Sozu","Letter Opener","PreservedInsect","Empty Cage","Gambling Chip","Lantern"],"potions_floor_usage":[50],"damage_taken":[{"damage":11.0,"enemies":"Jaw Worm","floor":1.0,"turns":3.0},{"damage":2.0,"enemies":"Cultist","floor":2.0,"turns":4.0},{"damage":0.0,"enemies":"2 Louse","floor":5.0,"turns":2.0},{"damage":5.0,"enemies":"2 Fungi Beasts","floor":6.0,"turns":3.0},{"damage":0.0,"enemies":"3 Louse","floor":7.0,"turns":4.0},{"damage":5.0,"enemies":"Exordium Wildlife","floor":10.0,"turns":3.0},{"damage":13.0,"enemies":"Red Slaver","floor":14.0,"turns":2.0},{"damage":52.0,"enemies":"The Guardian","floor":16.0,"turns":7.0},{"damage":12.0,"enemies":"3 Byrds","floor":18.0,"turns":4.0},{"damage":0.0,"enemies":"Chosen","floor":27.0,"turns":3.0},{"damage":6.0,"enemies":"Centurion and Healer","floor":28.0,"turns":4.0},{"damage":39.0,"enemies":"Gremlin Leader","floor":31.0,"turns":4.0},{"damage":19.0,"enemies":"Collector","floor":33.0,"turns":5.0},{"damage":11.0,"enemies":"Orb Walker","floor":35.0,"turns":3.0},{"damage":19.0,"enemies":"Mind Bloom Boss Battle","floor":36.0,"turns":4.0},{"damage":9.0,"enemies":"3 Darklings","floor":37.0,"turns":5.0},{"damage":17.0,"enemies":"4 Shapes","floor":39.0,"turns":5.0},{"damage":0.0,"enemies":"Maw","floor":41.0,"turns":6.0},{"damage":0.0,"enemies":"Spire Growth","floor":42.0,"turns":3.0},{"damage":0,"enemies":"Transient","floor":47,"turns":5},{"damage":40,"enemies":"Sphere and 2 Shapes","floor":48,"turns":5},{"damage":80,"enemies":"Time Eater","floor":50,"turns":6}],"seed_played":"-1913044844010248227","potions_obtained":[{"floor":1.0,"key":"Ancient Potion"},{"floor":6.0,"key":"EssenceOfSteel"},{"floor":10.0,"key":"Block Potion"},{"floor":16.0,"key":"SteroidPotion"}],"is_trial":false,"path_per_floor":["M","M","?","$","M","M","M","R","T","M","R","?","?","M","R","B",null,"M","$","?","?","?","R","?","?","T","M","M","?","$","E","R","B",null,"M","?","M","$","M","R","M","M","T","?","?","R","M","M","R","B"],"character_chosen":"IRONCLAD","items_purchased":["Clash"],"campfire_rested":4,"item_purchase_floors":[4],"current_hp_per_floor":[51,55,55,55,61,62,68,68,68,69,69,69,69,62,62,16,80,74,74,74,74,74,80,80,80,80,80,80,80,80,47,71,58,80,75,62,59,59,48,72,78,80,80,80,80,80,80,46,70,0],"gold":289,"neow_bonus":"REMOVE_TWO","is_prod":false,"is_daily":false,"chose_seed":false,"campfire_upgraded":4,"win_rate":0,"timestamp":1556136189,"path_taken":["M","M","?","$","M","M","?","R","T","M","R","?","?","M","R","BOSS","M","$","?","?","?","R","?","?","T","M","M","?","?","E","R","BOSS","M","?","M","$","M","R","M","M","T","?","?","R","M","M","R","BOSS"],"build_version":"2019-01-23","purchased_purges":3,"victory":false,"max_hp_per_floor":[80,80,80,80,80,80,80,80,80,80,80,80,80,80,80,80,80,80,80,80,80,80,80,80,80,80,80,80,80,80,80,80,80,80,80,80,80,80,80,80,80,80,80,80,80,80,80,80,80,80],"card_choices":[{"not_picked":["Feel No Pain","Power Through"],"picked":"Shrug It Off","floor":1.0},{"not_picked":["Uppercut","Body Slam","Infernal Blade"],"picked":"SKIP","floor":2.0},{"not_picked":["Thunderclap","Anger","Searing Blow"],"picked":"SKIP","floor":5.0},{"not_picked":["Shrug It Off","Entrench","Thunderclap"],"picked":"SKIP","floor":6.0},{"not_picked":["Seeing Red","Combust","Thunderclap"],"picked":"SKIP","floor":7.0},{"not_picked":["Clothesline","Searing Blow","Havoc"],"picked":"SKIP","floor":10.0},{"not_picked":["Headbutt","Immolate","Hemokinesis"],"picked":"SKIP","floor":14.0},{"not_picked":["Shrug It Off+1","Carnage","Wild Strike"],"picked":"SKIP","floor":18.0},{"not_picked":["Flex","Seeing Red","Body Slam"],"picked":"SKIP","floor":27.0},{"not_picked":["Headbutt+1","Disarm","Perfected Strike"],"picked":"SKIP","floor":28.0},{"not_picked":["Disarm","Demon Form"],"picked":"Dropkick","floor":31.0},{"not_picked":["Power Through+1","Body Slam","Iron Wave"],"picked":"SKIP","floor":35.0},{"not_picked":["Searing Blow","True Grit+1","Dual Wield"],"picked":"SKIP","floor":37.0},{"not_picked":["Burning Pact","Fire Breathing+1","Hemokinesis"],"picked":"SKIP","floor":39.0},{"not_picked":["Blood for Blood+1","Clothesline+1","Havoc+1"],"picked":"SKIP","floor":41.0},{"not_picked":["Spot Weakness+1","Corruption","Cleave"],"picked":"SKIP","floor":42.0},{"not_picked":["Cleave","Perfected Strike","Flame Barrier"],"picked":"SKIP","floor":47},{"not_picked":["Reaper","Body Slam+1"],"picked":"Twin Strike+1","floor":48}],"player_experience":147228,"relics_obtained":[{"floor":9.0,"key":"Juzu Bracelet"},{"floor":26.0,"key":"Letter Opener"},{"floor":31.0,"key":"PreservedInsect"},{"floor":36.0,"key":"Gambling Chip"},{"floor":43.0,"key":"Lantern"}],"event_choices":[{"damage_healed":0.0,"max_hp_gain":0.0,"max_hp_loss":0.0,"gold_gain":0.0,"event_name":"Upgrade Shrine","player_choice":"Upgraded","floor":3.0,"gold_loss":0.0,"damage_taken":0.0,"cards_upgraded":["Bash"]},{"cards_removed":["Defend_R"],"damage_healed":0.0,"max_hp_gain":0.0,"max_hp_loss":0.0,"gold_gain":0.0,"event_name":"Purifier","player_choice":"Purged","floor":12.0,"gold_loss":0.0,"damage_taken":0.0},{"damage_healed":0.0,"max_hp_gain":0.0,"max_hp_loss":0.0,"gold_gain":0.0,"event_name":"Match and Keep!","player_choice":"1 cards matched","floor":13.0,"gold_loss":0.0,"damage_taken":0.0,"cards_obtained":["Dark Shackles"]},{"cards_removed":["Strike_R"],"damage_healed":0.0,"max_hp_gain":0.0,"max_hp_loss":0.0,"gold_gain":0.0,"event_name":"Back to Basics","player_choice":"Elegance","floor":20.0,"gold_loss":0.0,"damage_taken":0.0},{"damage_healed":0.0,"max_hp_gain":0.0,"max_hp_loss":0.0,"gold_gain":0.0,"event_name":"Ghosts","player_choice":"Ignored","floor":21.0,"gold_loss":0.0,"damage_taken":0.0},{"cards_removed":["Strike_R"],"damage_healed":0.0,"max_hp_gain":0.0,"max_hp_loss":0.0,"gold_gain":0.0,"event_name":"Beggar","player_choice":"Gave Gold","floor":22.0,"gold_loss":75.0,"damage_taken":0.0},{"damage_healed":0.0,"max_hp_gain":0.0,"max_hp_loss":0.0,"gold_gain":0.0,"event_name":"Masked Bandits","player_choice":"Paid Fearfully","floor":24.0,"gold_loss":28.0,"damage_taken":0.0},{"damage_healed":0.0,"max_hp_gain":0.0,"max_hp_loss":0.0,"gold_gain":0.0,"event_name":"The Mausoleum","player_choice":"Ignored","floor":25.0,"gold_loss":0.0,"damage_taken":0.0},{"damage_healed":0.0,"max_hp_gain":0.0,"max_hp_loss":0.0,"gold_gain":0.0,"event_name":"Vampires","player_choice":"Ignored","floor":29.0,"gold_loss":0.0,"damage_taken":0.0},{"damage_healed":0.0,"max_hp_gain":0.0,"max_hp_loss":0.0,"gold_gain":0.0,"event_name":"MindBloom","player_choice":"Fight","floor":36.0,"gold_loss":0.0,"damage_taken":0.0},{"cards_removed":["Shrug It Off"],"damage_healed":0,"gold_gain":0,"player_choice":"Removed Skill","damage_taken":0,"max_hp_gain":0,"max_hp_loss":0,"event_name":"Falling","floor":44,"gold_loss":0},{"damage_healed":0,"gold_gain":0,"player_choice":"Ignored","damage_taken":0,"max_hp_gain":0,"max_hp_loss":0,"event_name":"Transmorgrifier","floor":45,"gold_loss":0}],"is_beta":false,"boss_relics":[{"not_picked":["Calling Bell","Runic Dome"],"picked":"Sozu"},{"not_picked":["Orrery","Coffee Dripper"],"picked":"Empty Cage"}],"items_purged_floors":[4,19,38],"is_endless":false,"potions_floor_spawned":[1,6,10,16,18,31,35,37,39],"killed_by":"Time Eater","ascension_level":0}