{"path_per_floor":["M","?","$","M","?","E","R","E","T","M","M","M","$","M","R","B",null,"M","?","M","M","$","R","?","R","T","M","E","R","M","M","R","B",null,"M","?","M","M","$","R","E"],"character_chosen":"THE_SILENT","items_purchased":["Prepared","Acrobatics","Noxious Fumes","Backstab","Regen Potion","Strawberry","Skewer","Shuriken"],"gold_per_floor":[115,115,44,54,54,89,89,116,173,185,203,218,52,70,70,171,201,212,212,224,238,12,12,12,12,12,24,55,55,73,90,90,192,192,205,205,225,242,4,4,33],"floor_reached":42,"campfire_rested":5,"playtime":3853,"current_hp_per_floor":[68,68,68,68,68,50,70,42,42,42,36,36,36,36,57,43,75,72,72,72,68,75,75,75,75,75,58,41,65,51,49,73,4,82,43,43,25,25,25,49,9],"items_purged":[],"gold":33,"score":481,"play_id":"02b6c6f8-4cd0-4d56-8dc1-5a6c82229eb4","is_prod":false,"is_daily":false,"is_ascension_mode":true,"campfire_upgraded":2,"path_taken":["M","?","$","M","?","E","R","E","T","M","M","M","$","?","R","BOSS","M","?","M","M","$","R","?","R","T","M","E","R","M","M","R","BOSS","M","?","M","M","?","R","E","M"],"build_version":"2018-02-15-PROD1","purchased_purges":0,"victory":false,"master_deck":["Defend_G+1","Defend_G+1","Defend_G+1","Defend_G+1","Defend_G+1","Strike_G+1","Strike_G+1","Strike_G+1","Strike_G+1","Strike_G+1","Survivor","Neutralize","Backstab","Prepared","Acrobatics","Noxious Fumes+1","Dagger Spray+1","Bouncing Flask","Backflip+1","Backstab","Acrobatics","Noxious Fumes+1","Backstab","Sucker Punch","Tactician","PiercingWail","Backflip","Backstab","Prepared","Underhanded Strike+1","Skewer","Distraction","Calculated Gamble","Backstab","Footwork+1","Night Terror","Endless Agony","Dagger Spray+1","Underhanded Strike+1","Burst"],"max_hp_per_floor":[70,70,70,70,70,70,70,70,70,70,70,70,70,70,70,70,75,75,75,75,75,82,82,82,82,82,82,82,82,82,82,82,82,82,82,82,82,82,82,82,82],"relics":["Ring of the Snake","Mummified Hand","Spirit Poop","Frozen Egg 2","Oddly Smooth Stone","Tiny Chest","Tiny House","Strawberry","Peace Pipe","Singing Bowl","White Beast Statue","Shuriken","Ornamental Fan"],"card_choices":[{"not_picked":["Expertise","Deflect"],"picked":"Backstab"},{"not_picked":["Malaise","Corpse Explosion"],"picked":"Noxious Fumes"},{"not_picked":["Calculated Gamble","Flying Knee"],"picked":"Dagger Spray"},{"not_picked":["Calculated Gamble","Skewer"],"picked":"Bouncing Flask"},{"not_picked":["Poisoned Stab","Flying Knee"],"picked":"Backflip"},{"not_picked":["Sucker Punch","Dodge and Roll"],"picked":"Backstab"},{"not_picked":["Poisoned Stab","Slice"],"picked":"Acrobatics"},{"not_picked":["Bouncing Flask","Deadly Poison"],"picked":"Sucker Punch"},{"not_picked":["Venomology","Night Terror"],"picked":"Tactician"},{"not_picked":["Sucker Punch","Slice"],"picked":"PiercingWail"},{"not_picked":["Sucker Punch","Flying Knee"],"picked":"Backflip"},{"not_picked":["Dodge and Roll","Expertise"],"picked":"Prepared"},{"not_picked":["Die Die Die","Choke"],"picked":"Underhanded Strike"},{"not_picked":["Skewer","Sucker Punch"],"picked":"Distraction"},{"not_picked":["Deflect","Riddle With Holes"],"picked":"Calculated Gamble"},{"not_picked":["Sucker Punch","Heel Hook"],"picked":"Backstab"},{"not_picked":["Acrobatics","Endless Agony"],"picked":"Footwork"},{"not_picked":["Bullet Time","Wraith Form"],"picked":"Night Terror"},{"not_picked":["Sucker Punch","Deflect"],"picked":"Endless Agony"},{"not_picked":["Blade Dance","Dodge and Roll"],"picked":"Dagger Spray"},{"not_picked":["Poisoned Stab","Quick Slash"],"picked":"Underhanded Strike"},{"not_picked":["Dagger Spray","Sucker Punch"],"picked":"Burst"}],"player_experience":85842,"potions_floor_usage":[6,11,16,21,21,27,30,33,41,41,41,42],"damage_taken":[{"damage":2,"enemies":"Small Slimes","floor":1,"turns":4},{"damage":0,"enemies":"Cultist","floor":4,"turns":4},{"damage":18,"enemies":"Lagavulin","floor":6,"turns":8},{"damage":28,"enemies":"Gremlin Nob","floor":8,"turns":5},{"damage":0,"enemies":"Jaw Worm","floor":10,"turns":3},{"damage":6,"enemies":"Gremlin Gang","floor":11,"turns":4},{"damage":0,"enemies":"Exordium Wildlife","floor":12,"turns":3},{"damage":0,"enemies":"Red Slaver","floor":14,"turns":1},{"damage":14,"enemies":"The Guardian","floor":16,"turns":9},{"damage":3,"enemies":"3 Byrds","floor":18,"turns":5},{"damage":0,"enemies":"Chosen","floor":20,"turns":4},{"damage":10,"enemies":"3 Cultists","floor":21,"turns":5},{"damage":17,"enemies":"Snecko","floor":27,"turns":5},{"damage":17,"enemies":"Slavers","floor":28,"turns":5},{"damage":14,"enemies":"Sentry and Sphere","floor":30,"turns":7},{"damage":2,"enemies":"Chosen and Byrds","floor":31,"turns":4},{"damage":69,"enemies":"Collector","floor":33,"turns":10},{"damage":39,"enemies":"3 Darklings","floor":35,"turns":5},{"damage":18,"enemies":"Orb Walker","floor":37,"turns":3},{"damage":0,"enemies":"3 Darklings","floor":38,"turns":5},{"damage":40,"enemies":"2 Orb Walkers","floor":41,"turns":5},{"damage":9,"enemies":"4 Shapes","floor":42,"turns":3}],"event_choices":[{"event_name":"Big Fish","player_choice":"Box","floor":2,"damage_taken":0},{"event_name":"Bonfire Elementals","player_choice":"CURSE","floor":5,"damage_taken":0},{"event_name":"Duplicator","player_choice":"One dupe","floor":19,"damage_taken":0},{"event_name":"Back to Basics","player_choice":"Simplicity","floor":24,"damage_taken":0},{"event_name":"Mysterious Sphere","player_choice":"Ignore","floor":36,"damage_taken":0}],"boss_relics":[{"not_picked":["Cursed Key","Calling Bell"],"picked":"Tiny House"},{"not_picked":["Sozu","Runic Pyramid"],"picked":"White Beast Statue"}],"potions_floor_spawned":[1,8,11,14,16,20,21,30,35,37,38,41],"seed_played":"625667600676005513","killed_by":"4 Shapes","ascension_level":1,"is_trial":false}