{"gold_per_floor":[111,124,199,212,52,52,80,100,145,145,156,156,169,199,199,270,270,284,295,322,341,341,341,370,370,421,262,276,296,314,327,327,327],"floor_reached":33,"playtime":2437,"items_purged":["Strike_G+1"],"score":534,"play_id":"01b6d0ec-d1d5-449e-82b8-9c398d163ba8","local_time":"20190410220515","is_ascension_mode":true,"campfire_choices":[{"data":"Noxious Fumes","floor":6,"key":"SMITH"},{"floor":10,"key":"REST"},{"data":"Neutralize","floor":12,"key":"SMITH"},{"floor":15,"key":"REST"},{"floor":23,"key":"REST"},{"floor":25,"key":"REST"},{"floor":32,"key":"REST"}],"neow_cost":"NONE","seed_source_timestamp":21717438171268,"circlet_count":0,"master_deck":["AscendersBane","Defend_G+1","Defend_G+1","Defend_G+1","Defend_G+1","Defend_G+1","Strike_G+1","Strike_G+1","Strike_G+1","Strike_G+1","Survivor","Neutralize+1","Sucker Punch","Dagger Spray","Noxious Fumes+1","Backstab","Leg Sweep","Poisoned Stab","Burst","Wraith Form v2","Eviscerate","Dodge and Roll","Footwork","Heel Hook+1","Malaise","Backflip"],"relics":["Ring of the Snake","Omamori","Bottled Tornado","Strawberry","Regal Pillow","Snecko Eye","Red Mask","Smiling Mask"],"potions_floor_usage":[7,11,14,20,24,28,28,31],"damage_taken":[{"damage":4,"enemies":"Jaw Worm","floor":1,"turns":7},{"damage":8,"enemies":"Small Slimes","floor":2,"turns":6},{"damage":0,"enemies":"Cultist","floor":4,"turns":4},{"damage":36,"enemies":"3 Sentries","floor":7,"turns":7},{"damage":0,"enemies":"Red Slaver","floor":8,"turns":3},{"damage":9,"enemies":"Gremlin Gang","floor":11,"turns":4},{"damage":1,"enemies":"Large Slime","floor":13,"turns":6},{"damage":24,"enemies":"Gremlin Nob","floor":14,"turns":4},{"damage":13,"enemies":"The Guardian","floor":16,"turns":11},{"damage":10,"enemies":"Spheric Guardian","floor":18,"turns":6},{"damage":1,"enemies":"3 Byrds","floor":19,"turns":4},{"damage":12,"enemies":"Masked Bandits","floor":20,"turns":5},{"damage":18,"enemies":"Centurion and Healer","floor":21,"turns":7},{"damage":29,"enemies":"Gremlin Leader","floor":24,"turns":10},{"damage":25,"enemies":"3 Cultists","floor":28,"turns":7},{"damage":0,"enemies":"Snecko","floor":29,"turns":5},{"damage":5,"enemies":"Centurion and Healer","floor":30,"turns":6},{"damage":18,"enemies":"3 Cultists","floor":31,"turns":5},{"damage":73,"enemies":"Automaton","floor":33,"turns":12}],"seed_played":"6238129899616021700","potions_obtained":[{"floor":4,"key":"GhostInAJar"},{"floor":7,"key":"GamblersBrew"},{"floor":8,"key":"Strength Potion"},{"floor":19,"key":"SteroidPotion"},{"floor":20,"key":"AttackPotion"},{"floor":29,"key":"Explosive Potion"},{"floor":30,"key":"LiquidBronze"}],"is_trial":false,"path_per_floor":["M","M","?","M","$","R","E","M","T","R","M","R","M","E","R","B",null,"M","M","?","M","?","R","E","R","T","$","M","M","M","M","R","B"],"character_chosen":"THE_SILENT","items_purchased":["Noxious Fumes","Regen Potion","SteroidPotion","SpeedPotion"],"campfire_rested":5,"item_purchase_floors":[5,5,27,27],"current_hp_per_floor":[55,47,36,36,36,36,15,15,22,43,34,34,33,9,45,32,63,53,52,40,22,22,58,29,65,65,65,40,40,35,17,53,0],"gold":327,"neow_bonus":"RANDOM_COMMON_RELIC","is_prod":false,"is_daily":false,"chose_seed":false,"campfire_upgraded":2,"win_rate":0,"timestamp":1554948315,"path_taken":["M","M","?","M","$","R","E","M","T","R","M","R","M","E","R","BOSS","M","M","?","M","?","R","E","R","T","?","M","M","M","M","R","BOSS"],"build_version":"2019-01-23","purchased_purges":1,"victory":false,"max_hp_per_floor":[66,66,66,66,66,66,66,66,73,73,73,73,73,73,73,73,73,73,73,73,73,73,73,73,73,73,73,73,73,73,73,73,73],"card_choices":[{"not_picked":["Blade Dance","Tactician","Deflect"],"picked":"SKIP","floor":1},{"not_picked":["Deflect","Blade Dance"],"picked":"Sucker Punch","floor":2},{"not_picked":["Blade Dance","Concentrate"],"picked":"Dagger Spray","floor":4},{"not_picked":["Cloak And Dagger","Dagger Throw"],"picked":"Backstab","floor":7},{"not_picked":["Dagger Spray","Deflect","Backflip"],"picked":"SKIP","floor":8},{"not_picked":["Distraction","Dodge and Roll"],"picked":"Leg Sweep","floor":11},{"not_picked":["Terror","Slice"],"picked":"Poisoned Stab","floor":13},{"not_picked":["Bouncing Flask","All Out Attack"],"picked":"Burst","floor":14},{"not_picked":["Grand Finale","Phantasmal Killer"],"picked":"Wraith Form v2","floor":16},{"not_picked":["Prepared","Dagger Spray"],"picked":"Eviscerate","floor":18},{"not_picked":["Acrobatics","Bane"],"picked":"Dodge and Roll","floor":19},{"not_picked":["Acrobatics","PiercingWail+1"],"picked":"Footwork","floor":20},{"not_picked":["Eviscerate","Terror","Slice"],"picked":"SKIP","floor":21},{"not_picked":["All Out Attack","Deflect"],"picked":"Heel Hook+1","floor":24},{"not_picked":["Prepared","Dagger Throw","Escape Plan"],"picked":"SKIP","floor":28},{"not_picked":["Dagger Throw","Reflex"],"picked":"Malaise","floor":29},{"not_picked":["Blade Dance+1","Quick Slash","Poisoned Stab"],"picked":"SKIP","floor":30},{"not_picked":["Blur","Poisoned Stab"],"picked":"Backflip","floor":31}],"player_experience":606138,"relics_obtained":[{"floor":7,"key":"Bottled Tornado"},{"floor":9,"key":"Strawberry"},{"floor":14,"key":"Regal Pillow"},{"floor":20,"key":"Red Mask"},{"floor":24,"key":"Smiling Mask"}],"event_choices":[{"damage_healed":0,"gold_gain":75,"player_choice":"Gather Gold","damage_taken":11,"max_hp_gain":0,"max_hp_loss":0,"event_name":"World of Goop","floor":3,"gold_loss":0},{"damage_healed":0,"gold_gain":0,"player_choice":"Fought Bandits","damage_taken":0,"max_hp_gain":0,"max_hp_loss":0,"event_name":"Masked Bandits","floor":20,"gold_loss":0},{"damage_healed":0,"gold_gain":0,"player_choice":"Simplicity","damage_taken":0,"max_hp_gain":0,"max_hp_loss":0,"event_name":"Back to Basics","floor":22,"gold_loss":0,"cards_upgraded":["Defend_G","Defend_G","Defend_G","Defend_G","Defend_G","Strike_G","Strike_G","Strike_G","Strike_G","Strike_G"]}],"is_beta":false,"boss_relics":[{"not_picked":["Coffee Dripper","Black Star"],"picked":"Snecko Eye"}],"items_purged_floors":[27],"is_endless":false,"potions_floor_spawned":[4,7,8,19,20,29,30],"killed_by":"Automaton","ascension_level":18}