{"gold_per_floor":[117,117,292,292,306,306,231,264,264,164,197,208,227,227,227,332,332,343,218,133,133,153,153,185,195,222,222,238,238,253,253,253,253],"floor_reached":33,"playtime":566,"items_purged":["Defend_R","Doubt","Ghostly Armor+1"],"score":298,"play_id":"9af0d381-0af6-4d4b-aa5f-b0d9b75833a4","local_time":"20190417095018","is_ascension_mode":false,"campfire_choices":[{"data":"Whirlwind","floor":6.0,"key":"SMITH"},{"data":"Flex","floor":15.0,"key":"SMITH"},{"data":"Double Tap","floor":23.0,"key":"SMITH"},{"floor":27.0,"key":"REST"},{"floor":32.0,"key":"REST"}],"neow_cost":"NONE","seed_source_timestamp":0,"circlet_count":0,"master_deck":["Strike_R","Strike_R","Strike_R","Strike_R","Strike_R","Bash+1","Whirlwind+1","Clash","Flex+1","Double Tap+1","Impervious+1","Body Slam+1","Anger+1","Impatience"],"special_seed":0,"relics":["Burning Blood","NeowsBlessing","Dead Branch","Vajra","Orichalcum","Astrolabe","Nunchaku","Omamori","Smiling Mask","Enchiridion"],"potions_floor_usage":[],"damage_taken":[{"damage":0.0,"enemies":"Small Slimes","floor":1.0,"turns":1.0},{"damage":0.0,"enemies":"Jaw Worm","floor":5.0,"turns":1.0},{"damage":0.0,"enemies":"Lagavulin","floor":8.0,"turns":1.0},{"damage":5.0,"enemies":"Gremlin Nob","floor":11.0,"turns":3.0},{"damage":0.0,"enemies":"2 Louse","floor":12.0,"turns":2.0},{"damage":2.0,"enemies":"Blue Slaver","floor":13.0,"turns":2.0},{"damage":55.0,"enemies":"Hexaghost","floor":16.0,"turns":8.0},{"damage":4.0,"enemies":"Spheric Guardian","floor":18.0,"turns":3.0},{"damage":14.0,"enemies":"2 Thieves","floor":22.0,"turns":2.0},{"damage":18.0,"enemies":"Slavers","floor":24.0,"turns":3.0},{"damage":15.0,"enemies":"Snake Plant","floor":25.0,"turns":3.0},{"damage":6.0,"enemies":"Centurion and Healer","floor":28.0,"turns":3.0},{"damage":34.0,"enemies":"Cultist and Chosen","floor":30.0,"turns":6.0},{"damage":58,"enemies":"Collector","floor":33,"turns":7}],"seed_played":"-1292489238517526172","potions_obtained":[{"floor":1.0,"key":"Fire Potion"},{"floor":13.0,"key":"AttackPotion"},{"floor":16.0,"key":"Dexterity Potion"},{"floor":18.0,"key":"Explosive Potion"},{"floor":22.0,"key":"Weak Potion"}],"is_trial":false,"path_per_floor":["M","?","?","?","M","R","$","E","T","$","E","M","M","?","R","B",null,"M","$","?","$","M","R","E","M","T","R","M","?","M","?","R","B"],"character_chosen":"IRONCLAD","items_purchased":[],"campfire_rested":2,"item_purchase_floors":[],"current_hp_per_floor":[80,80,80,80,80,80,80,80,80,80,80,80,80,85,85,36,85,85,85,85,85,77,77,65,56,56,81,81,65,37,21,46,0],"gold":253,"neow_bonus":"THREE_ENEMY_KILL","is_prod":false,"is_daily":false,"chose_seed":false,"campfire_upgraded":3,"win_rate":0,"timestamp":1555487418,"path_taken":["M","?","?","?","M","R","$","E","T","?","E","M","M","?","R","BOSS","M","$","?","$","M","R","E","M","T","R","M","?","?","?","R","BOSS"],"build_version":"2019-01-23","purchased_purges":3,"victory":false,"max_hp_per_floor":[80,80,80,80,80,80,80,80,80,80,80,80,80,85,85,85,85,85,85,85,85,85,85,85,85,85,85,85,85,85,85,85,85],"card_choices":[{"not_picked":["Entrench","Flame Barrier","Twin Strike"],"picked":"SKIP","floor":1.0},{"not_picked":["Headbutt","Heavy Blade"],"picked":"Whirlwind","floor":5.0},{"not_picked":["Wild Strike","Ghostly Armor"],"picked":"Clash","floor":8.0},{"not_picked":["Clash","True Grit","Anger"],"picked":"SKIP","floor":11.0},{"not_picked":["Rampage","Shrug It Off","Dark Embrace"],"picked":"SKIP","floor":12.0},{"not_picked":["Shockwave","Armaments"],"picked":"Flex","floor":13.0},{"not_picked":["Reaper","Offering"],"picked":"Double Tap","floor":16.0},{"not_picked":["True Grit","Perfected Strike"],"picked":"Anger+1","floor":18.0},{"not_picked":["Power Through","Wild Strike","Hemokinesis"],"picked":"SKIP","floor":22.0},{"not_picked":["Cleave","Barricade","Shockwave"],"picked":"SKIP","floor":24.0},{"not_picked":["Armaments","True Grit+1","Clash"],"picked":"SKIP","floor":25.0},{"not_picked":["Twin Strike","Corruption","Heavy Blade"],"picked":"SKIP","floor":28.0},{"not_picked":["Cleave+1","Pommel Strike","Impervious"],"picked":"SKIP","floor":30.0}],"player_experience":118330,"relics_obtained":[{"floor":8.0,"key":"Dead Branch"},{"floor":9.0,"key":"Vajra"},{"floor":11.0,"key":"Orichalcum"},{"floor":24.0,"key":"Omamori"},{"floor":26.0,"key":"Smiling Mask"},{"floor":31.0,"key":"Enchiridion"}],"event_choices":[{"damage_healed":0.0,"max_hp_gain":0.0,"max_hp_loss":0.0,"gold_gain":0.0,"event_name":"Scrap Ooze","player_choice":"Fled","floor":2.0,"gold_loss":0.0,"damage_taken":0.0},{"damage_healed":0.0,"max_hp_gain":0.0,"max_hp_loss":0.0,"gold_gain":175.0,"event_name":"Liars Game","player_choice":"AGREE","floor":3.0,"gold_loss":0.0,"damage_taken":0.0,"cards_obtained":["Doubt"]},{"damage_healed":0.0,"max_hp_gain":0.0,"max_hp_loss":0.0,"gold_gain":0.0,"event_name":"Living Wall","player_choice":"Grow","floor":4.0,"gold_loss":0.0,"damage_taken":0.0,"cards_upgraded":["Bash"]},{"damage_healed":0.0,"max_hp_gain":5.0,"max_hp_loss":0.0,"gold_gain":0.0,"event_name":"Big Fish","player_choice":"Donut","floor":14.0,"gold_loss":0.0,"damage_taken":0.0},{"damage_healed":0.0,"max_hp_gain":0.0,"max_hp_loss":0.0,"gold_gain":0.0,"event_name":"Addict","player_choice":"Obtained Relic","floor":20.0,"gold_loss":85.0,"damage_taken":0.0,"relics_obtained":["Nunchaku"]},{"damage_healed":0.0,"max_hp_gain":0.0,"max_hp_loss":0.0,"gold_gain":0.0,"event_name":"Knowing Skull","player_choice":"CARD ","floor":29.0,"potions_obtained":[],"gold_loss":0.0,"damage_taken":16.0,"cards_obtained":["Impatience"]},{"damage_healed":0.0,"max_hp_gain":0.0,"max_hp_loss":0.0,"gold_gain":0.0,"event_name":"Cursed Tome","player_choice":"Obtained Book","floor":31.0,"gold_loss":0.0,"damage_taken":16.0}],"is_beta":false,"boss_relics":[{"not_picked":["Calling Bell","Runic Pyramid"],"picked":"Astrolabe"}],"items_purged_floors":[7,10,19],"is_endless":false,"potions_floor_spawned":[1,13,16,18,22],"killed_by":"Collector","ascension_level":0}