{"gold_per_floor":[217,392,144,158,108,108,133,133,133,162,233,273,285,22,22,122,122,47,17,34,34,46,46,81,91,164,176,176,176],"floor_reached":29,"playtime":2219,"items_purged":["Doubt"],"score":398,"play_id":"c32d6d9f-8880-41ec-a5a5-8fe6f244c3e2","local_time":"20190617194852","is_ascension_mode":true,"campfire_choices":[{"data":"Neutralize","floor":6,"key":"SMITH"},{"floor":8,"key":"REST"},{"floor":15,"key":"REST"},{"data":"After Image","floor":23,"key":"SMITH"}],"neow_cost":"NONE","seed_source_timestamp":15809462841500,"circlet_count":0,"master_deck":["AscendersBane","Defend_G","Defend_G","Defend_G","Defend_G","Defend_G","Strike_G","Strike_G","Strike_G","Strike_G","Survivor","Neutralize+1","Caltrops","Deflect","Deadly Poison","All Out Attack","A Thousand Cuts+1","Blur","Footwork","Backflip","After Image+1","Footwork","Backflip+1","After Image","Prepared","Cloak And Dagger"],"relics":["Ring of the Snake","Art of War","Vajra","Dream Catcher","MawBank","The Courier","Oddly Smooth Stone","Happy Flower","Eternal Feather","StoneCalendar","Bottled Tornado"],"potions_floor_usage":[7,10,12,24,24,27,29],"damage_taken":[{"damage":1,"enemies":"Jaw Worm","floor":1,"turns":6},{"damage":0,"enemies":"2 Louse","floor":4,"turns":4},{"damage":28,"enemies":"Lagavulin","floor":7,"turns":9},{"damage":13,"enemies":"Gremlin Nob","floor":10,"turns":5},{"damage":36,"enemies":"3 Sentries","floor":12,"turns":10},{"damage":17,"enemies":"The Guardian","floor":16,"turns":11},{"damage":10,"enemies":"2 Thieves","floor":18,"turns":5},{"damage":0,"enemies":"Shell Parasite","floor":20,"turns":7},{"damage":0,"enemies":"Centurion and Healer","floor":22,"turns":8},{"damage":18,"enemies":"Gremlin Leader","floor":24,"turns":10},{"damage":0,"enemies":"Snake Plant","floor":25,"turns":6},{"damage":1,"enemies":"Snecko","floor":27,"turns":7},{"damage":38,"enemies":"Cultist and Chosen","floor":29,"turns":4}],"seed_played":"-4362229330921305897","potions_obtained":[{"floor":1,"key":"Strength Potion"},{"floor":7,"key":"EssenceOfSteel"},{"floor":10,"key":"SneckoOil"},{"floor":20,"key":"AttackPotion"},{"floor":22,"key":"GamblersBrew"},{"floor":24,"key":"SkillPotion"},{"floor":25,"key":"GamblersBrew"}],"is_trial":false,"path_per_floor":["M","?","$","M","?","R","E","R","T","E","?","E","?","$","R","B",null,"M","$","M","$","M","R","E","M","T","M","?","M"],"character_chosen":"THE_SILENT","items_purchased":["Art of War","Deflect","Footwork","Oddly Smooth Stone","Happy Flower","Footwork"],"campfire_rested":2,"item_purchase_floors":[3,3,14,14,14,19],"current_hp_per_floor":[62,62,62,62,62,62,34,55,55,42,42,6,6,6,27,10,55,45,45,45,45,45,57,39,39,39,38,31,0],"gold":176,"neow_bonus":"HUNDRED_GOLD","is_prod":false,"is_daily":false,"chose_seed":false,"campfire_upgraded":2,"win_rate":0,"timestamp":1560811732,"path_taken":["M","?","$","M","?","R","E","R","T","E","?","E","?","$","R","BOSS","M","$","M","?","?","R","E","M","T","M","?","M"],"build_version":"2019-01-23","purchased_purges":1,"victory":false,"max_hp_per_floor":[70,70,70,70,70,70,70,70,70,70,70,70,70,70,70,70,70,70,70,70,70,70,70,70,70,70,70,70,70],"card_choices":[{"not_picked":["Well Laid Plans","Cloak And Dagger"],"picked":"Caltrops","floor":1},{"not_picked":["Outmaneuver","Blade Dance"],"picked":"Deadly Poison","floor":4},{"not_picked":["Prepared","PiercingWail"],"picked":"All Out Attack","floor":7},{"not_picked":["Cloak And Dagger","Endless Agony"],"picked":"A Thousand Cuts","floor":10},{"not_picked":["Doppelganger","Tactician"],"picked":"Blur","floor":12},{"not_picked":["Crippling Poison","Quick Slash"],"picked":"Backflip","floor":15},{"not_picked":["Storm of Steel","Grand Finale"],"picked":"After Image","floor":16},{"not_picked":["Bane+1","Quick Slash","Dagger Spray"],"picked":"SKIP","floor":18},{"not_picked":["Quick Slash","Slice"],"picked":"Backflip+1","floor":20},{"not_picked":["Calculated Gamble","Bane+1"],"picked":"After Image","floor":22},{"not_picked":["Sucker Punch","Slice"],"picked":"Prepared","floor":24},{"not_picked":["Prepared","Bane"],"picked":"Cloak And Dagger","floor":25},{"not_picked":["Glass Knife","Bouncing Flask","Bane"],"picked":"SKIP","floor":27}],"player_experience":1079910,"relics_obtained":[{"floor":7,"key":"Vajra"},{"floor":9,"key":"Dream Catcher"},{"floor":10,"key":"MawBank"},{"floor":12,"key":"The Courier"},{"floor":24,"key":"StoneCalendar"},{"floor":26,"key":"Bottled Tornado"}],"event_choices":[{"damage_healed":0,"gold_gain":175,"player_choice":"AGREE","damage_taken":0,"max_hp_gain":0,"max_hp_loss":0,"event_name":"Liars Game","floor":2,"gold_loss":0,"cards_obtained":["Doubt"]},{"cards_removed":["Strike_G"],"damage_healed":0,"gold_gain":0,"player_choice":"Card Removal","damage_taken":0,"max_hp_gain":0,"max_hp_loss":0,"event_name":"The Cleric","floor":5,"gold_loss":50},{"damage_healed":0,"gold_gain":59,"player_choice":"Gained Gold","damage_taken":0,"max_hp_gain":0,"max_hp_loss":0,"event_name":"Golden Wing","floor":11,"gold_loss":0},{"damage_healed":0,"gold_gain":0,"player_choice":"Upgraded","damage_taken":0,"max_hp_gain":0,"max_hp_loss":0,"event_name":"Upgrade Shrine","floor":13,"gold_loss":0,"cards_upgraded":["A Thousand Cuts"]},{"damage_healed":0,"gold_gain":0,"player_choice":"","damage_taken":7,"max_hp_gain":0,"max_hp_loss":0,"event_name":"Knowing Skull","floor":28,"potions_obtained":[],"gold_loss":0,"cards_obtained":[]}],"is_beta":false,"boss_relics":[{"not_picked":["Runic Dome","HoveringKite"],"picked":"Eternal Feather"}],"items_purged_floors":[3],"is_endless":false,"potions_floor_spawned":[1,7,10,20,22,24,25],"killed_by":"Cultist and Chosen","ascension_level":11}