{"gold_per_floor":[114,130,130,130,149,149,249,264,264,281,295,313,164,179,179,179],"floor_reached":16,"playtime":419,"items_purged":["Defend_R"],"score":96,"play_id":"c97eb158-bd45-4ae3-8ab3-7f82580037a6","local_time":"20190428231723","is_ascension_mode":false,"campfire_choices":[{"data":"Bash","floor":6,"key":"SMITH"},{"floor":15,"key":"REST"}],"neow_cost":"PERCENT_DAMAGE","seed_source_timestamp":1549892570318364,"circlet_count":0,"master_deck":["Strike_R","Strike_R","Strike_R","Strike_R","Defend_R","Bash+1","Clash","Shrug It Off","Dropkick"],"relics":["Burning Blood","Prayer Wheel"],"potions_floor_usage":[10,16],"damage_taken":[{"damage":2,"enemies":"2 Louse","floor":1,"turns":2},{"damage":6,"enemies":"Jaw Worm","floor":2,"turns":3},{"damage":10,"enemies":"Small Slimes","floor":5,"turns":3},{"damage":25,"enemies":"Exordium Thugs","floor":8,"turns":5},{"damage":16,"enemies":"Blue Slaver","floor":10,"turns":4},{"damage":5,"enemies":"Looter","floor":11,"turns":3},{"damage":16,"enemies":"Gremlin Gang","floor":12,"turns":5},{"damage":19,"enemies":"Exordium Thugs","floor":14,"turns":4},{"damage":29,"enemies":"Hexaghost","floor":16,"turns":9}],"seed_played":"-3792685525221013885","potions_obtained":[{"floor":8,"key":"BloodPotion"},{"floor":11,"key":"SneckoOil"},{"floor":14,"key":"EssenceOfSteel"}],"is_trial":false,"path_per_floor":["M","M","?","?","M","R","?","M","T","M","M","M","$","M","R","B"],"character_chosen":"IRONCLAD","items_purchased":["Dropkick"],"campfire_rested":1,"item_purchase_floors":[13],"current_hp_per_floor":[60,60,60,60,56,56,56,37,37,35,36,26,26,13,37,8],"gold":179,"neow_bonus":"REMOVE_TWO","is_prod":false,"is_daily":false,"chose_seed":false,"campfire_upgraded":1,"win_rate":0,"timestamp":1556486243,"path_taken":["M","M","?","?","M","R","?","M","T","?","M","M","$","M","R","BOSS"],"build_version":"2019-01-23","purchased_purges":1,"victory":false,"max_hp_per_floor":[80,80,80,80,80,80,80,80,80,80,80,80,80,80,80,80],"card_choices":[{"not_picked":["True Grit","Thunderclap","Havoc"],"picked":"SKIP","floor":1},{"not_picked":["Sword Boomerang","Searing Blow","Warcry"],"picked":"SKIP","floor":2},{"not_picked":["Disarm","Twin Strike","Pummel"],"picked":"SKIP","floor":5},{"not_picked":["Rupture","Flex","Carnage"],"picked":"SKIP","floor":8},{"not_picked":["Anger","Armaments","Havoc"],"picked":"SKIP","floor":10},{"not_picked":["Flex","Fiend Fire","Headbutt"],"picked":"SKIP","floor":10},{"not_picked":["Searing Blow","Headbutt"],"picked":"Clash","floor":11},{"not_picked":["Corruption","Rampage","Cleave"],"picked":"SKIP","floor":11},{"not_picked":["Disarm","Seeing Red"],"picked":"Shrug It Off","floor":12},{"not_picked":["Offering","Reckless Charge","Bloodletting"],"picked":"SKIP","floor":12},{"not_picked":["Ghostly Armor","Headbutt","Pummel"],"picked":"SKIP","floor":14},{"not_picked":["Evolve","Fire Breathing","Body Slam"],"picked":"SKIP","floor":14}],"player_experience":153864,"relics_obtained":[{"floor":9,"key":"Prayer Wheel"}],"event_choices":[{"damage_healed":0,"gold_gain":0,"player_choice":"Ignored","damage_taken":0,"max_hp_gain":0,"max_hp_loss":0,"event_name":"Liars Game","floor":3,"gold_loss":0},{"cards_removed":["Strike_R"],"damage_healed":0,"gold_gain":0,"player_choice":"Forget","damage_taken":0,"max_hp_gain":0,"max_hp_loss":0,"event_name":"Living Wall","floor":4,"gold_loss":0},{"damage_healed":0,"gold_gain":100,"player_choice":"Pray","damage_taken":0,"max_hp_gain":0,"max_hp_loss":0,"event_name":"Golden Shrine","floor":7,"gold_loss":0}],"is_beta":false,"boss_relics":[],"items_purged_floors":[13],"is_endless":false,"potions_floor_spawned":[8,11,14],"killed_by":"Hexaghost","ascension_level":0}