{"gold_per_floor":[109,109,33,8,8,8,21,21,76,76,88,88,123,69,69,164,164,179,179,194,194,6,6,40,40,40,72,72,72,72,82,82,179,179,199,199,199,199,214,214,214,233,285,299,299,318,336,347,347,347],"floor_reached":51,"playtime":2213,"items_purged":[],"score":731,"play_id":"6b6f6e65-a182-4ef7-870c-e9b47e782764","local_time":"20190411185838","is_ascension_mode":false,"campfire_choices":[{"data":"Armaments","floor":6.0,"key":"SMITH"},{"data":"Body Slam","floor":8.0,"key":"SMITH"},{"data":"Iron Wave","floor":15.0,"key":"SMITH"},{"data":"Apotheosis","floor":23.0,"key":"SMITH"},{"floor":25.0,"key":"REST"},{"floor":30.0,"key":"REST"},{"floor":32.0,"key":"REST"},{"data":"Metallicize","floor":40,"key":"SMITH"},{"data":"Reaper","floor":45,"key":"SMITH"},{"data":"Iron Wave","floor":49,"key":"SMITH"}],"neow_cost":"NONE","seed_source_timestamp":63563591221558,"circlet_count":0,"master_deck":["Strike_R+1","Strike_R+1","Strike_R+1","Strike_R+1","Strike_R+1","Defend_R+1","Defend_R+1","Defend_R+1","Iron Wave+1","Armaments+1","Body Slam+1","Iron Wave+1","Reaper+1","Apotheosis+1","Flame Barrier+1","Entrench+1","Metallicize+1","Impervious+1","Rage+1","Headbutt+1","Shrug It Off+1"],"special_seed":0,"relics":["Burning Blood","Tiny Chest","Whetstone","Philosopher\u0027s Stone","Potion Belt","Toxic Egg 2","Kunai","Dream Catcher","Anchor","Eternal Feather","Thread and Needle","Strawberry"],"potions_floor_usage":[33,50,50,50,50],"damage_taken":[{"damage":14.0,"enemies":"Small Slimes","floor":1.0,"turns":4.0},{"damage":0.0,"enemies":"Cultist","floor":7.0,"turns":3.0},{"damage":5.0,"enemies":"Jaw Worm","floor":11.0,"turns":4.0},{"damage":17.0,"enemies":"Lagavulin","floor":13.0,"turns":6.0},{"damage":46.0,"enemies":"Slime Boss","floor":16.0,"turns":15.0},{"damage":26.0,"enemies":"3 Byrds","floor":18.0,"turns":7.0},{"damage":22.0,"enemies":"Chosen","floor":20.0,"turns":7.0},{"damage":15.0,"enemies":"Book of Stabbing","floor":24.0,"turns":6.0},{"damage":51.0,"enemies":"Slavers","floor":27.0,"turns":9.0},{"damage":0.0,"enemies":"Snecko","floor":31.0,"turns":7.0},{"damage":55,"enemies":"Collector","floor":33,"turns":16},{"damage":0,"enemies":"Orb Walker","floor":35,"turns":2},{"damage":0,"enemies":"3 Shapes","floor":39,"turns":10},{"damage":33,"enemies":"Maw","floor":42,"turns":12},{"damage":7,"enemies":"4 Shapes","floor":44,"turns":10},{"damage":33,"enemies":"Transient","floor":46,"turns":5},{"damage":11,"enemies":"3 Darklings","floor":47,"turns":14},{"damage":0,"enemies":"Spire Growth","floor":48,"turns":7},{"damage":105,"enemies":"Awakened One","floor":50,"turns":34}],"seed_played":"-1014099718749788094","potions_obtained":[{"floor":0.0,"key":"Fruit Juice"},{"floor":0.0,"key":"Strength Potion"},{"floor":0.0,"key":"EntropicBrew"},{"floor":1.0,"key":"SpeedPotion"},{"floor":16.0,"key":"SpeedPotion"},{"floor":18.0,"key":"Weak Potion"},{"floor":27.0,"key":"SteroidPotion"},{"floor":33,"key":"Explosive Potion"},{"floor":39,"key":"PowerPotion"},{"floor":46,"key":"Dexterity Potion"},{"floor":47,"key":"FearPotion"}],"is_trial":false,"path_per_floor":["M","?","$","$","?","R","M","R","T","$","M","?","E","$","R","B",null,"M","?","M","T","$","R","E","R","T","E","?","T","R","M","R","B",null,"M","T","?","?","M","R","?","M","T","M","R","M","M","M","R","B",null],"character_chosen":"IRONCLAD","items_purchased":["Iron Wave","Armaments","Body Slam","Iron Wave","Apotheosis"],"campfire_rested":3,"item_purchase_floors":[3,3,4,14,22],"current_hp_per_floor":[77,77,77,77,70,70,76,76,76,76,77,77,66,66,66,26,85,65,49,37,37,37,37,32,59,59,29,29,29,56,67,90,41,90,90,90,90,90,90,90,90,66,73,87,96,70,80,91,97,8],"gold":347,"neow_bonus":"THREE_SMALL_POTIONS","is_prod":false,"is_daily":false,"chose_seed":false,"campfire_upgraded":7,"win_rate":0,"timestamp":1555001918,"path_taken":["M","?","?","$","?","R","?","R","T","$","M","?","E","?","R","BOSS","M","?","M","?","$","R","E","R","T","E","?","?","R","M","R","BOSS","M","?","?","?","M","R","?","M","T","?","R","M","M","M","R","BOSS"],"build_version":"2019-01-23","purchased_purges":0,"victory":true,"max_hp_per_floor":[85,85,85,85,85,85,85,85,85,85,85,85,85,85,85,85,85,85,90,90,90,90,90,90,90,90,90,90,90,90,90,90,90,90,90,90,90,90,90,90,90,90,97,97,97,97,97,97,97,97],"card_choices":[{"not_picked":["Thunderclap","Headbutt","Flex"],"picked":"SKIP","floor":1.0},{"not_picked":["Second Wind","Thunderclap","Dark Embrace"],"picked":"SKIP","floor":7.0},{"not_picked":["Warcry","Carnage","Heavy Blade"],"picked":"SKIP","floor":11.0},{"not_picked":["Clash","Havoc","Sentinel"],"picked":"SKIP","floor":13.0},{"not_picked":["Limit Break","Dark Embrace"],"picked":"Reaper","floor":16.0},{"not_picked":["Warcry","Burning Pact","Havoc"],"picked":"SKIP","floor":18.0},{"not_picked":["Flex","Sword Boomerang","Second Wind"],"picked":"SKIP","floor":20.0},{"not_picked":["Searing Blow","Wild Strike+1"],"picked":"Flame Barrier","floor":24.0},{"not_picked":["Havoc+1","Evolve"],"picked":"Entrench+1","floor":27.0},{"not_picked":["Headbutt","Cleave","Reckless Charge"],"picked":"SKIP","floor":31.0},{"not_picked":["Seeing Red+1","Cleave"],"picked":"Metallicize","floor":32.0},{"not_picked":["Exhume+1","Offering+1"],"picked":"Impervious+1","floor":33},{"not_picked":["Sword Boomerang+1","Headbutt+1","Thunderclap"],"picked":"SKIP","floor":35},{"not_picked":["Flex+1","Whirlwind","Ghostly Armor+1"],"picked":"SKIP","floor":39},{"not_picked":["Anger","Thunderclap"],"picked":"Rage+1","floor":42},{"not_picked":["Bludgeon","Flex+1","Heavy Blade+1"],"picked":"SKIP","floor":44},{"not_picked":["Sword Boomerang+1","Warcry+1","Flex+1"],"picked":"SKIP","floor":46},{"not_picked":["Rage+1","Iron Wave"],"picked":"Headbutt+1","floor":47},{"not_picked":["Power Through+1","Wild Strike+1"],"picked":"Shrug It Off+1","floor":48}],"player_experience":111064,"relics_obtained":[{"floor":9.0,"key":"Tiny Chest"},{"floor":13.0,"key":"Whetstone"},{"floor":21.0,"key":"Potion Belt"},{"floor":24.0,"key":"Toxic Egg 2"},{"floor":26.0,"key":"Kunai"},{"floor":27.0,"key":"Dream Catcher"},{"floor":29.0,"key":"Anchor"},{"floor":36,"key":"Thread and Needle"},{"floor":43,"key":"Strawberry"}],"event_choices":[{"damage_healed":0.0,"max_hp_gain":0.0,"max_hp_loss":0.0,"gold_gain":0.0,"event_name":"The Woman in Blue","player_choice":"Bought 0 Potions","floor":2.0,"gold_loss":0.0,"damage_taken":0.0},{"cards_removed":["Bash"],"damage_healed":0.0,"max_hp_gain":0.0,"max_hp_loss":0.0,"gold_gain":0.0,"event_name":"Golden Wing","player_choice":"Card Removal","floor":5.0,"gold_loss":0.0,"damage_taken":7.0},{"damage_healed":0.0,"max_hp_gain":0.0,"max_hp_loss":0.0,"gold_gain":0.0,"cards_transformed":["Defend_R"],"event_name":"Transmorgrifier","player_choice":"Transformed","floor":12.0,"gold_loss":0.0,"damage_taken":0.0,"cards_obtained":["Iron Wave"]},{"damage_healed":0.0,"max_hp_gain":5.0,"max_hp_loss":0.0,"gold_gain":0.0,"event_name":"Forgotten Altar","player_choice":"Shed Blood","floor":19.0,"gold_loss":0.0,"damage_taken":21.0},{"damage_healed":0.0,"max_hp_gain":0.0,"max_hp_loss":0.0,"gold_gain":0.0,"event_name":"Back to Basics","player_choice":"Simplicity","floor":28.0,"gold_loss":0.0,"damage_taken":0.0,"cards_upgraded":["Strike_R","Strike_R","Strike_R","Defend_R","Defend_R","Defend_R"]},{"cards_removed":["Iron Wave"],"damage_healed":0,"gold_gain":0,"player_choice":"Removed Attack","damage_taken":0,"max_hp_gain":0,"max_hp_loss":0,"event_name":"Falling","floor":37,"gold_loss":0},{"damage_healed":0,"gold_gain":0,"player_choice":"Ignored","damage_taken":0,"max_hp_gain":0,"max_hp_loss":0,"event_name":"Tomb of Lord Red Mask","floor":38,"gold_loss":0},{"damage_healed":0,"gold_gain":0,"player_choice":"Ignored","damage_taken":0,"max_hp_gain":0,"max_hp_loss":0,"event_name":"Mysterious Sphere","floor":41,"gold_loss":0}],"is_beta":false,"boss_relics":[{"not_picked":["Runic Cube","Ectoplasm"],"picked":"Philosopher\u0027s Stone"},{"not_picked":["Astrolabe","Black Star"],"picked":"Eternal Feather"}],"items_purged_floors":[],"is_endless":false,"potions_floor_spawned":[1,16,18,27,33,39,46,47],"ascension_level":0}