{"gold_per_floor":[113,113,113,132,149,175,175,187,187,201,201,161,172,182,182,281,281,293,312,328,65,84,84,99,111,111,121,121,28,28,38,38,138,138,154,174,174],"floor_reached":37,"playtime":3092,"items_purged":[],"score":404,"play_id":"ee4fab79-0a2d-422a-badd-9af88647923c","local_time":"20180719183524","is_ascension_mode":false,"campfire_choices":[{"floor":7,"key":"REST"},{"data":"Cleave","floor":11,"key":"SMITH"},{"floor":15,"key":"REST"},{"floor":23,"key":"REST"},{"floor":28,"key":"REST"},{"data":"Twin Strike","floor":30,"key":"SMITH"},{"floor":32,"key":"REST"}],"neow_cost":"NONE","seed_source_timestamp":684509211509038,"circlet_count":0,"master_deck":["Strike_R","Strike_R","Strike_R","Strike_R","Strike_R","Defend_R","Defend_R","Defend_R","Defend_R","Bash","Pommel Strike","Sword Boomerang","Cleave","Cleave+1","Sword Boomerang","Sword Boomerang","Ghostly Armor","Demon Form","Shrug It Off+1","Carnage+1","Madness","Inflame","Pommel Strike","Flex","Ghostly Armor","Anger","Regret","Feed","Twin Strike+1","Rupture","Whirlwind","Double Tap","Anger+1","Iron Wave+1"],"relics":["Burning Blood","Boot","Meat on the Bone","Darkstone Periapt","Incense Burner","Cursed Key","Pear","Black Star"],"potions_floor_usage":[6,16,16,19,22,25,25,25,33,37],"damage_taken":[{"damage":20,"enemies":"Small Slimes","floor":1,"turns":4},{"damage":18,"enemies":"Jaw Worm","floor":4,"turns":3},{"damage":1,"enemies":"Cultist","floor":5,"turns":3},{"damage":36,"enemies":"Lagavulin","floor":6,"turns":5},{"damage":7,"enemies":"3 Louse","floor":8,"turns":2},{"damage":25,"enemies":"Gremlin Gang","floor":10,"turns":3},{"damage":1,"enemies":"2 Fungi Beasts","floor":13,"turns":2},{"damage":7,"enemies":"Large Slime","floor":14,"turns":4},{"damage":30,"enemies":"Slime Boss","floor":16,"turns":8},{"damage":15,"enemies":"3 Byrds","floor":18,"turns":3},{"damage":10,"enemies":"2 Thieves","floor":19,"turns":3},{"damage":26,"enemies":"Chosen and Byrds","floor":20,"turns":6},{"damage":13,"enemies":"Snecko","floor":22,"turns":4},{"damage":24,"enemies":"Snake Plant","floor":24,"turns":4},{"damage":41,"enemies":"Centurion and Healer","floor":25,"turns":5},{"damage":7,"enemies":"Chosen and Byrds","floor":27,"turns":4},{"damage":19,"enemies":"Cultist and Chosen","floor":31,"turns":5},{"damage":73,"enemies":"Automaton","floor":33,"turns":7},{"damage":34,"enemies":"3 Darklings","floor":35,"turns":8},{"damage":18,"enemies":"Orb Walker","floor":36,"turns":3},{"damage":80,"enemies":"Transient","floor":37,"turns":5}],"seed_played":"6546274506183274602","potions_obtained":[{"floor":1,"key":"Fire Potion"},{"floor":12,"key":"FearPotion"},{"floor":12,"key":"Fire Potion"},{"floor":12,"key":"GamblersBrew"},{"floor":13,"key":"Energy Potion"},{"floor":14,"key":"BloodPotion"},{"floor":18,"key":"FearPotion"},{"floor":19,"key":"Block Potion"},{"floor":22,"key":"Weak Potion"},{"floor":31,"key":"BloodPotion"},{"floor":36,"key":"AttackPotion"}],"is_trial":false,"path_per_floor":["M","?","T","M","M","E","R","M","T","M","R","?","M","M","R","B",null,"M","M","M","$","M","R","M","M","T","M","R","$","R","M","R","B",null,"M","M"],"character_chosen":"IRONCLAD","items_purchased":["Madness","Inflame","Pommel Strike","Ancient Potion","Twin Strike","Rupture"],"campfire_rested":5,"item_purchase_floors":[21,21,21,21,29,29],"current_hp_per_floor":[66,66,66,54,59,41,65,64,64,57,57,57,62,61,80,56,80,71,67,47,47,52,76,58,43,59,58,86,86,86,73,96,53,99,71,59,0],"gold":174,"neow_bonus":"RANDOM_COMMON_RELIC","is_prod":false,"is_daily":false,"chose_seed":false,"campfire_upgraded":2,"win_rate":0.0,"timestamp":1532050524,"path_taken":["M","?","?","?","M","E","R","M","T","M","R","?","M","M","R","BOSS","M","M","M","$","M","R","M","M","T","M","R","$","R","M","R","BOSS","M","M","M"],"build_version":"2018-07-12","purchased_purges":0,"victory":false,"max_hp_per_floor":[80,80,80,80,80,80,80,80,80,80,80,80,80,80,80,80,80,80,80,80,80,80,80,80,80,96,96,96,96,96,96,96,99,99,99,99,99],"card_choices":[{"not_picked":["Second Wind","Havoc"],"picked":"Pommel Strike","floor":1},{"not_picked":["Disarm","Warcry"],"picked":"Sword Boomerang","floor":4},{"not_picked":["Anger","Iron Wave"],"picked":"Cleave","floor":5},{"not_picked":["Entrench","Rupture"],"picked":"Cleave","floor":6},{"not_picked":["Warcry","Iron Wave"],"picked":"Sword Boomerang","floor":8},{"not_picked":["Heavy Blade","True Grit"],"picked":"Sword Boomerang","floor":10},{"not_picked":["Havoc","Combust","Perfected Strike"],"picked":"SKIP","floor":13},{"not_picked":["Cleave","Evolve"],"picked":"Ghostly Armor","floor":14},{"not_picked":["Barricade","Dark Embrace"],"picked":"Demon Form","floor":16},{"not_picked":["Perfected Strike","Warcry","Combust+1"],"picked":"SKIP","floor":18},{"not_picked":["Rage","Perfected Strike"],"picked":"Shrug It Off+1","floor":19},{"not_picked":["Ghostly Armor","Perfected Strike"],"picked":"Carnage+1","floor":20},{"not_picked":["Perfected Strike","Armaments"],"picked":"Flex","floor":22},{"not_picked":["Heavy Blade","Headbutt+1"],"picked":"Ghostly Armor","floor":24},{"not_picked":["Blood for Blood","Armaments"],"picked":"Anger","floor":25},{"not_picked":["Wild Strike","Cleave"],"picked":"Feed","floor":27},{"not_picked":["Evolve","Feel No Pain+1"],"picked":"Whirlwind","floor":31},{"not_picked":["Brutality","Feed"],"picked":"Double Tap","floor":33},{"not_picked":["Clothesline","Fire Breathing+1"],"picked":"Anger+1","floor":35},{"not_picked":["True Grit","Wild Strike+1"],"picked":"Iron Wave+1","floor":36}],"player_experience":292549,"relics_obtained":[{"floor":3,"key":"Meat on the Bone"},{"floor":6,"key":"Darkstone Periapt"},{"floor":9,"key":"Incense Burner"},{"floor":26,"key":"Pear"}],"event_choices":[{"event_name":"Golden Wing","player_choice":"Ignored","floor":2,"damage_taken":0},{"event_name":"The Woman in Blue","player_choice":"Bought 3 Potions","floor":12,"damage_taken":0}],"boss_relics":[{"not_picked":["Sozu","Fusion Hammer"],"picked":"Cursed Key"},{"not_picked":["Coffee Dripper","Mark of Pain"],"picked":"Black Star"}],"items_purged_floors":[],"is_endless":false,"potions_floor_spawned":[1,13,14,18,19,22,31,36],"killed_by":"Transient","ascension_level":0}