{"gold_per_floor":[114,114,130,142,155,155,188,188,188,218,218,218,242,275,275,404,404,424,424,443,123,123,164,164,164,164,164,179,214,233,258,258,258],"floor_reached":33,"playtime":1958,"items_purged":["Writhe"],"score":364,"play_id":"f2d78c43-f3e9-4fd8-b376-850ec32d33ce","local_time":"20190601191211","is_ascension_mode":true,"campfire_choices":[{"data":"Loop","floor":6.0,"key":"SMITH"},{"data":"Loop","floor":8.0,"key":"SMITH"},{"floor":15.0,"key":"REST"},{"floor":24,"key":"REST"},{"data":"Strike_B","floor":27,"key":"PURGE"},{"floor":32,"key":"REST"}],"neow_cost":"NONE","seed_source_timestamp":1249633349775123,"circlet_count":0,"master_deck":["Strike_B","Strike_B","Strike_B","Defend_B","Defend_B","Defend_B","Defend_B","Zap","Dualcast","Cold Snap","Rip and Tear","Cold Snap","Loop+1","Loop+1","Go for the Eyes+1","Recycle","FTL","Go for the Eyes+1","White Noise+1","Cold Snap+1"],"special_seed":0,"relics":["Cracked Core","NeowsBlessing","Anchor","Pocketwatch","Shuriken","Sundial","Golden Idol","Lantern","Centennial Puzzle","White Beast Statue","Ancient Tea Set","Mercury Hourglass","Nilry\u0027s Codex","Peace Pipe","Singing Bowl","Calipers"],"potions_floor_usage":[29,29,31],"damage_taken":[{"damage":0.0,"enemies":"2 Louse","floor":1.0,"turns":1.0},{"damage":0.0,"enemies":"Jaw Worm","floor":3.0,"turns":1.0},{"damage":0.0,"enemies":"Small Slimes","floor":4.0,"turns":1.0},{"damage":2.0,"enemies":"2 Fungi Beasts","floor":5.0,"turns":3.0},{"damage":8.0,"enemies":"Lagavulin","floor":7.0,"turns":6.0},{"damage":18.0,"enemies":"3 Sentries","floor":10.0,"turns":5.0},{"damage":14.0,"enemies":"Gremlin Nob","floor":14.0,"turns":4.0},{"damage":17.0,"enemies":"Hexaghost","floor":16.0,"turns":8.0},{"damage":2.0,"enemies":"Spheric Guardian","floor":18.0,"turns":3.0},{"damage":5.0,"enemies":"3 Byrds","floor":20.0,"turns":4.0},{"damage":25.0,"enemies":"Gremlin Leader","floor":23.0,"turns":5.0},{"damage":2,"enemies":"Centurion and Healer","floor":28,"turns":7},{"damage":27,"enemies":"Slavers","floor":29,"turns":6},{"damage":9,"enemies":"Shelled Parasite and Fungi","floor":30,"turns":4},{"damage":3,"enemies":"Snake Plant","floor":31,"turns":5},{"damage":30,"enemies":"Collector","floor":33,"turns":2}],"seed_played":"-6263867441145335675","potions_obtained":[{"floor":1.0,"key":"SkillPotion"},{"floor":4.0,"key":"Ancient Potion"},{"floor":16.0,"key":"SneckoOil"},{"floor":18.0,"key":"Weak Potion"},{"floor":20.0,"key":"GamblersBrew"},{"floor":23,"key":"AttackPotion"},{"floor":28,"key":"Dexterity Potion"},{"floor":29,"key":"LiquidBronze"},{"floor":30,"key":"Dexterity Potion"},{"floor":31,"key":"Poison Potion"}],"is_trial":false,"path_per_floor":["M","?","M","M","M","R","E","R","T","E","?","?","T","E","R","B",null,"M","?","M","$","?","E","R","?","T","R","M","E","M","M","R","B"],"character_chosen":"DEFECT","items_purchased":["Mercury Hourglass"],"campfire_rested":3,"item_purchase_floors":[21],"current_hp_per_floor":[75,63,63,63,61,61,53,53,53,35,35,35,35,21,41,24,69,67,67,62,62,46,21,41,41,41,41,41,16,7,6,28,0],"gold":258,"neow_bonus":"THREE_ENEMY_KILL","is_prod":false,"is_daily":false,"chose_seed":false,"campfire_upgraded":2,"win_rate":0,"timestamp":1559427131,"path_taken":["M","?","M","M","M","R","E","R","T","E","?","?","?","E","R","BOSS","M","?","M","$","?","E","R","?","T","R","?","E","M","M","R","BOSS"],"build_version":"2019-01-23","purchased_purges":1,"victory":false,"max_hp_per_floor":[75,75,75,75,75,75,75,75,75,75,75,69,69,69,69,69,69,69,69,69,69,69,69,69,69,69,69,71,73,73,75,75,75],"card_choices":[{"not_picked":["Reinforced Body","Redo"],"picked":"Cold Snap","floor":1.0},{"not_picked":["Stack","Rebound"],"picked":"Rip and Tear","floor":3.0},{"not_picked":["Scrape","Reinforced Body"],"picked":"Cold Snap","floor":4.0},{"not_picked":["Aggregate","Undo"],"picked":"Loop","floor":5.0},{"not_picked":["Auto Shields","Ball Lightning"],"picked":"Loop","floor":7.0},{"not_picked":["Meteor Strike","Multi-Cast"],"picked":"Go for the Eyes","floor":10.0},{"not_picked":["Creative AI","Steam"],"picked":"Recycle","floor":14.0},{"not_picked":["Chill","Go for the Eyes"],"picked":"FTL","floor":18.0},{"not_picked":["Auto Shields","Cold Snap"],"picked":"Go for the Eyes+1","floor":20.0},{"not_picked":["Undo+1","Meteor Strike"],"picked":"White Noise","floor":23},{"not_picked":["Genetic Algorithm","Stack+1","Fusion"],"picked":"Singing Bowl","floor":28},{"not_picked":["Static Discharge","Ball Lightning","Compile Driver+1"],"picked":"Singing Bowl","floor":29},{"not_picked":["Ball Lightning","Streamline"],"picked":"Cold Snap+1","floor":30},{"not_picked":["Sunder+1","Cold Snap","Reprogram"],"picked":"Singing Bowl","floor":31}],"player_experience":858168,"relics_obtained":[{"floor":7.0,"key":"Pocketwatch"},{"floor":9.0,"key":"Shuriken"},{"floor":10.0,"key":"Sundial"},{"floor":13.0,"key":"Lantern"},{"floor":14.0,"key":"Centennial Puzzle"},{"floor":22.0,"key":"Nilry\u0027s Codex"},{"floor":23,"key":"Peace Pipe"},{"floor":26,"key":"Singing Bowl"},{"floor":29,"key":"Calipers"}],"event_choices":[{"damage_healed":0.0,"max_hp_gain":0.0,"max_hp_loss":0.0,"gold_gain":0.0,"event_name":"Scrap Ooze","player_choice":"Success","floor":2.0,"gold_loss":0.0,"damage_taken":12.0,"relics_obtained":["Anchor"]},{"damage_healed":0.0,"max_hp_gain":0.0,"max_hp_loss":0.0,"gold_gain":0.0,"event_name":"Living Wall","player_choice":"Grow","floor":11.0,"gold_loss":0.0,"damage_taken":0.0,"cards_upgraded":["Go for the Eyes"]},{"damage_healed":0.0,"max_hp_gain":0.0,"max_hp_loss":6.0,"gold_gain":0.0,"event_name":"Golden Idol","player_choice":"Lose Max HP","floor":12.0,"gold_loss":0.0,"damage_taken":0.0,"relics_obtained":["Golden Idol"]},{"damage_healed":0.0,"max_hp_gain":0.0,"max_hp_loss":0.0,"gold_gain":0.0,"event_name":"The Mausoleum","player_choice":"Opened","floor":19.0,"gold_loss":0.0,"damage_taken":0.0,"relics_obtained":["Ancient Tea Set"],"cards_obtained":["Writhe"]},{"damage_healed":0.0,"max_hp_gain":0.0,"max_hp_loss":0.0,"gold_gain":0.0,"event_name":"Cursed Tome","player_choice":"Obtained Book","floor":22.0,"gold_loss":0.0,"damage_taken":16.0},{"damage_healed":0,"gold_gain":0,"player_choice":"Forge","damage_taken":0,"max_hp_gain":0,"max_hp_loss":0,"event_name":"Accursed Blacksmith","floor":25,"gold_loss":0,"cards_upgraded":["White Noise"]}],"is_beta":false,"boss_relics":[{"not_picked":["Coffee Dripper","Runic Pyramid"],"picked":"White Beast Statue"}],"items_purged_floors":[21],"is_endless":false,"potions_floor_spawned":[1,4,16,18,20,23,28,29,30,31],"killed_by":"Collector","ascension_level":4}