{"gold_per_floor":[114,114,127,127,202,202,233,233,233,233,246,281,299,0,0,0],"floor_reached":16,"playtime":682,"items_purged":[],"score":98,"play_id":"60428235-87c1-47ba-9f6a-d405588b78a8","local_time":"20190311133412","is_ascension_mode":false,"campfire_choices":[{"data":"Flying Knee","floor":6,"key":"SMITH"},{"floor":10,"key":"REST"},{"floor":15,"key":"REST"}],"neow_cost":"NONE","seed_source_timestamp":8566049351233,"circlet_count":0,"master_deck":["Defend_G","Defend_G","Defend_G","Defend_G","Defend_G","Strike_G","Strike_G","Strike_G","Strike_G","Survivor","Neutralize+1","Flying Knee+1","PiercingWail","Injury","Caltrops"],"relics":["Ring of the Snake","Sundial","Golden Idol","Boot","Odd Mushroom","Ice Cream"],"potions_floor_usage":[7,16],"damage_taken":[{"damage":0,"enemies":"2 Louse","floor":1,"turns":4},{"damage":0,"enemies":"Small Slimes","floor":3,"turns":4},{"damage":36,"enemies":"3 Sentries","floor":7,"turns":10},{"damage":0,"enemies":"Jaw Worm","floor":11,"turns":4},{"damage":15,"enemies":"The Mushroom Lair","floor":12,"turns":6},{"damage":11,"enemies":"Large Slime","floor":13,"turns":10},{"damage":32,"enemies":"Hexaghost","floor":16,"turns":9}],"seed_played":"-6386234666830176313","potions_obtained":[{"floor":1,"key":"PowerPotion"},{"floor":13,"key":"AttackPotion"}],"is_trial":false,"path_per_floor":["M","?","M","?","?","R","E","?","T","R","M","?","M","$","R","B"],"character_chosen":"THE_SILENT","items_purchased":["Ice Cream"],"campfire_rested":2,"item_purchase_floors":[14],"current_hp_per_floor":[70,70,70,63,52,52,16,16,16,37,37,22,11,11,32,0],"gold":0,"neow_bonus":"UPGRADE_CARD","is_prod":false,"is_daily":false,"chose_seed":false,"campfire_upgraded":1,"win_rate":0,"timestamp":1552322052,"path_taken":["M","?","M","?","?","R","E","?","T","R","M","?","?","$","R","BOSS"],"build_version":"2019-01-23","purchased_purges":0,"victory":false,"max_hp_per_floor":[70,70,70,70,70,70,70,70,70,70,70,70,70,70,70,70],"card_choices":[{"not_picked":["Tactician","Underhanded Strike"],"picked":"Flying Knee","floor":1},{"not_picked":["Bane","Sucker Punch","Acrobatics"],"picked":"SKIP","floor":3},{"not_picked":["Poisoned Stab","Quick Slash"],"picked":"PiercingWail","floor":7},{"not_picked":["Acrobatics","Blade Dance","PiercingWail"],"picked":"SKIP","floor":11},{"not_picked":["Dagger Spray","Poisoned Stab"],"picked":"Caltrops","floor":13}],"player_experience":488574,"relics_obtained":[{"floor":7,"key":"Sundial"},{"floor":9,"key":"Boot"},{"floor":12,"key":"Odd Mushroom"}],"event_choices":[{"damage_healed":0,"gold_gain":0,"player_choice":"Ignored","damage_taken":0,"max_hp_gain":0,"max_hp_loss":0,"event_name":"Liars Game","floor":2,"gold_loss":0},{"cards_removed":["Strike_G"],"damage_healed":0,"gold_gain":0,"player_choice":"Card Removal","damage_taken":7,"max_hp_gain":0,"max_hp_loss":0,"event_name":"Golden Wing","floor":4,"gold_loss":0},{"damage_healed":0,"gold_gain":75,"player_choice":"Gather Gold","damage_taken":11,"max_hp_gain":0,"max_hp_loss":0,"event_name":"World of Goop","floor":5,"gold_loss":0},{"damage_healed":0,"gold_gain":0,"player_choice":"Take Wound","damage_taken":0,"relics_obtained":["Golden Idol"],"max_hp_gain":0,"max_hp_loss":0,"event_name":"Golden Idol","floor":8,"gold_loss":0,"cards_obtained":["Injury"]},{"damage_healed":0,"gold_gain":0,"player_choice":"Fought Mushrooms","damage_taken":0,"max_hp_gain":0,"max_hp_loss":0,"event_name":"Mushrooms","floor":12,"gold_loss":0}],"is_beta":false,"boss_relics":[],"items_purged_floors":[],"is_endless":false,"potions_floor_spawned":[1,13],"killed_by":"Hexaghost","ascension_level":0}