{"gold_per_floor":[114,128,138,156,130,130,130,130,157,157,183,196,196,224,224,224],"floor_reached":16,"playtime":644,"items_purged":[],"score":190,"play_id":"82b6369c-ff7f-4d3e-82b5-3147e8e526a4","local_time":"20190615182555","is_ascension_mode":true,"campfire_choices":[{"data":"True Grit","floor":6,"key":"SMITH"},{"floor":8,"key":"DIG"},{"floor":13,"key":"DIG"},{"floor":15,"key":"DIG"}],"neow_cost":"TEN_PERCENT_HP_LOSS","seed_source_timestamp":2457876621794224,"circlet_count":0,"master_deck":["AscendersBane","Strike_R+1","Strike_R+1","Strike_R","Strike_R","Strike_R","Defend_R","Defend_R","Defend_R","Defend_R","Bash","Uppercut","Havoc","Inflame","True Grit+1"],"relics":["Burning Blood","Shovel","Anchor","PreservedInsect","Oddly Smooth Stone","Pen Nib","Bronze Scales","Red Skull"],"potions_floor_usage":[3],"damage_taken":[{"damage":3,"enemies":"2 Louse","floor":1,"turns":4},{"damage":10,"enemies":"Small Slimes","floor":2,"turns":3},{"damage":0,"enemies":"Jaw Worm","floor":3,"turns":3},{"damage":14,"enemies":"Exordium Wildlife","floor":4,"turns":4},{"damage":10,"enemies":"Large Slime","floor":12,"turns":5},{"damage":12,"enemies":"3 Sentries","floor":14,"turns":7},{"damage":47,"enemies":"The Guardian","floor":16,"turns":9}],"seed_played":"3394013700576725949","potions_obtained":[{"floor":1,"key":"Ancient Potion"},{"floor":2,"key":"Fire Potion"},{"floor":4,"key":"FairyPotion"}],"is_trial":false,"path_per_floor":["M","M","M","M","$","R","?","R","T","?","T","M","R","E","R","B"],"character_chosen":"IRONCLAD","items_purchased":["True Grit"],"campfire_rested":0,"item_purchase_floors":[5],"current_hp_per_floor":[68,64,68,60,60,60,65,65,65,43,43,39,39,33,33,0],"gold":224,"neow_bonus":"ONE_RARE_RELIC","is_prod":false,"is_daily":false,"chose_seed":false,"campfire_upgraded":1,"win_rate":0,"timestamp":1560633955,"path_taken":["M","M","M","M","$","R","?","R","T","?","?","?","R","E","R","BOSS"],"build_version":"2019-01-23","purchased_purges":0,"victory":false,"max_hp_per_floor":[68,68,68,68,68,68,73,73,73,73,73,73,73,73,73,73],"card_choices":[{"not_picked":["Thunderclap","Carnage"],"picked":"Uppercut","floor":1},{"not_picked":["Clash","Wild Strike","Dropkick"],"picked":"SKIP","floor":2},{"not_picked":["Clash","Double Tap"],"picked":"Havoc","floor":3},{"not_picked":["Twin Strike","True Grit"],"picked":"Inflame","floor":4},{"not_picked":["True Grit","Pommel Strike","Iron Wave"],"picked":"SKIP","floor":12},{"not_picked":["Warcry","Perfected Strike","Blood for Blood"],"picked":"SKIP","floor":14}],"player_experience":1058187,"relics_obtained":[{"floor":8,"key":"Anchor"},{"floor":9,"key":"PreservedInsect"},{"floor":11,"key":"Oddly Smooth Stone"},{"floor":13,"key":"Pen Nib"},{"floor":14,"key":"Bronze Scales"},{"floor":15,"key":"Red Skull"}],"event_choices":[{"damage_healed":0,"gold_gain":0,"player_choice":"Donut","damage_taken":0,"max_hp_gain":5,"max_hp_loss":0,"event_name":"Big Fish","floor":7,"gold_loss":0},{"damage_healed":0,"gold_gain":0,"player_choice":"Entered Light","damage_taken":22,"max_hp_gain":0,"max_hp_loss":0,"event_name":"Shining Light","floor":10,"gold_loss":0,"cards_upgraded":["Strike_R","Strike_R"]}],"is_beta":false,"boss_relics":[],"items_purged_floors":[],"is_endless":false,"potions_floor_spawned":[1,2,4],"killed_by":"The Guardian","ascension_level":18}