{"gold_per_floor":[114,39,39,54,54,54,74,99,99,129,129,99,131,143,143,245,245,263,282,130,130,130],"floor_reached":22,"playtime":966,"items_purged":["Strike_G","Strike_G"],"score":211,"play_id":"276ea418-7649-4cb7-9fd6-c2e86c710e2a","local_time":"20190506192739","is_ascension_mode":true,"campfire_choices":[{"data":"Poisoned Stab","floor":6.0,"key":"SMITH"},{"floor":11.0,"key":"REST"},{"data":"Outmaneuver","floor":15.0,"key":"SMITH"}],"neow_cost":"NONE","seed_source_timestamp":0,"circlet_count":0,"master_deck":["Defend_G","Defend_G","Defend_G","Defend_G","Strike_G","Strike_G","Survivor","Neutralize","PiercingWail","Poisoned Stab+1","Deflect","Backflip","Infinite Blades","Flying Knee","Outmaneuver+1","Acrobatics","Deadly Poison"],"special_seed":0,"relics":["Ring of the Snake","NeowsBlessing","Bag of Marbles","Odd Mushroom","Bird Faced Urn","Pantograph","The Specimen","Empty Cage","Enchiridion"],"potions_floor_usage":[18,18,19],"damage_taken":[{"damage":0.0,"enemies":"Cultist","floor":1.0,"turns":1.0},{"damage":0.0,"enemies":"Jaw Worm","floor":4.0,"turns":1.0},{"damage":0.0,"enemies":"Small Slimes","floor":7.0,"turns":1.0},{"damage":14.0,"enemies":"The Mushroom Lair","floor":8.0,"turns":5.0},{"damage":24.0,"enemies":"Lagavulin","floor":10.0,"turns":8.0},{"damage":1.0,"enemies":"Looter","floor":12.0,"turns":4.0},{"damage":3.0,"enemies":"Gremlin Nob","floor":13.0,"turns":4.0},{"damage":0.0,"enemies":"Blue Slaver","floor":14.0,"turns":4.0},{"damage":50.0,"enemies":"Hexaghost","floor":16.0,"turns":13.0},{"damage":8,"enemies":"3 Byrds","floor":18,"turns":7},{"damage":9,"enemies":"Chosen","floor":19,"turns":6},{"damage":45,"enemies":"Sentry and Sphere","floor":22,"turns":5}],"seed_played":"8628855196594786310","potions_obtained":[{"floor":7.0,"key":"Fire Potion"},{"floor":8.0,"key":"FearPotion"},{"floor":13.0,"key":"Block Potion"},{"floor":14.0,"key":"GamblersBrew"}],"is_trial":false,"path_per_floor":["M","$","T","M","?","R","M","?","T","E","R","M","E","M","R","B",null,"M","M","$","?","M"],"character_chosen":"THE_SILENT","items_purchased":["Deadly Poison"],"campfire_rested":1,"item_purchase_floors":[20],"current_hp_per_floor":[70,70,70,70,70,70,70,56,56,32,53,52,51,53,53,20,70,62,55,55,39,0],"gold":130,"neow_bonus":"THREE_ENEMY_KILL","is_prod":false,"is_daily":false,"chose_seed":false,"campfire_upgraded":2,"win_rate":0,"timestamp":1557163659,"path_taken":["M","$","?","?","?","R","M","?","T","E","R","M","E","M","R","BOSS","M","M","$","?","M"],"build_version":"2019-01-23","purchased_purges":2,"victory":false,"max_hp_per_floor":[70,70,70,70,70,70,70,70,70,70,70,70,70,70,70,70,70,70,70,70,70,70],"card_choices":[{"not_picked":["Prepared","Distraction"],"picked":"PiercingWail","floor":1.0},{"not_picked":["Dodge and Roll","Dash"],"picked":"Poisoned Stab","floor":4.0},{"not_picked":["Poisoned Stab","Accuracy"],"picked":"Deflect","floor":7.0},{"not_picked":["Quick Slash","Acrobatics"],"picked":"Backflip","floor":8.0},{"not_picked":["Prepared","Blade Dance","Sucker Punch"],"picked":"SKIP","floor":10.0},{"not_picked":["Envenom","Heel Hook"],"picked":"Infinite Blades","floor":12.0},{"not_picked":["Masterful Stab","Well Laid Plans"],"picked":"Flying Knee","floor":13.0},{"not_picked":["Deflect","Prepared"],"picked":"Outmaneuver","floor":14.0},{"not_picked":["Dagger Spray+1","Endless Agony","Terror"],"picked":"SKIP","floor":18},{"not_picked":["Sucker Punch","Flying Knee"],"picked":"Acrobatics","floor":19}],"player_experience":181045,"relics_obtained":[{"floor":3.0,"key":"Bag of Marbles"},{"floor":8.0,"key":"Odd Mushroom"},{"floor":9.0,"key":"Bird Faced Urn"},{"floor":10.0,"key":"Pantograph"},{"floor":13.0,"key":"The Specimen"},{"floor":21,"key":"Enchiridion"}],"event_choices":[{"damage_healed":0.0,"max_hp_gain":0.0,"max_hp_loss":0.0,"gold_gain":0.0,"event_name":"Liars Game","player_choice":"Ignored","floor":5.0,"gold_loss":0.0,"damage_taken":0.0},{"damage_healed":0.0,"max_hp_gain":0.0,"max_hp_loss":0.0,"gold_gain":0.0,"event_name":"Mushrooms","player_choice":"Fought Mushrooms","floor":8.0,"gold_loss":0.0,"damage_taken":0.0},{"damage_healed":0,"gold_gain":0,"player_choice":"Obtained Book","damage_taken":16,"max_hp_gain":0,"max_hp_loss":0,"event_name":"Cursed Tome","floor":21,"gold_loss":0}],"is_beta":false,"boss_relics":[{"not_picked":["Pandora\u0027s Box","Ectoplasm"],"picked":"Empty Cage"}],"items_purged_floors":[2,20],"is_endless":false,"potions_floor_spawned":[7,8,13,14],"killed_by":"Sentry and Sphere","ascension_level":2}