{"gold_per_floor":[111,111,36,36,49,66,166,179,233,233,249,249,249,249],"floor_reached":14,"playtime":363,"items_purged":["Defend_G"],"score":80,"play_id":"d538fda6-69ee-45b0-b103-c1197f3030c1","local_time":"20190619120929","is_ascension_mode":false,"campfire_choices":[{"data":"Envenom","floor":10.0,"key":"SMITH"},{"floor":13.0,"key":"REST"}],"neow_cost":"NONE","seed_source_timestamp":0,"circlet_count":0,"master_deck":["Defend_G","Defend_G+1","Defend_G","Defend_G","Strike_G","Strike_G+1","Strike_G","Survivor","Neutralize","Envenom+1","Defend_B"],"special_seed":0,"relics":["Ring of the Snake","Ornamental Fan"],"potions_floor_usage":[],"damage_taken":[{"damage":2.0,"enemies":"Jaw Worm","floor":1.0,"turns":6.0},{"damage":0.0,"enemies":"Cultist","floor":5.0,"turns":5.0},{"damage":1.0,"enemies":"2 Louse","floor":6.0,"turns":3.0},{"damage":16.0,"enemies":"Lots of Slimes","floor":8.0,"turns":7.0},{"damage":4.0,"enemies":"Blue Slaver","floor":11.0,"turns":6.0},{"damage":0,"enemies":"3 Sentries","floor":14,"turns":1}],"seed_played":"-4132736511431212360","potions_obtained":[{"floor":6.0,"key":"GamblersBrew"}],"is_trial":false,"path_per_floor":["M","?","$","T","M","M","?","M","T","R","M","?","R","E"],"character_chosen":"THE_SILENT","items_purchased":[],"campfire_rested":1,"item_purchase_floors":[],"current_hp_per_floor":[68,68,68,68,68,67,67,51,51,51,47,33,54,54],"gold":249,"neow_bonus":"TRANSFORM_CARD","is_prod":false,"is_daily":false,"chose_seed":false,"campfire_upgraded":1,"win_rate":0,"timestamp":1560938969,"path_taken":["M","?","?","?","M","M","?","?","T","R","M","?","R","E"],"build_version":"2019-01-23","purchased_purges":1,"victory":false,"max_hp_per_floor":[70,70,70,70,70,70,70,70,70,70,70,70,70,70],"card_choices":[{"not_picked":["Sucker Punch","Poisoned Stab","Outmaneuver"],"picked":"SKIP","floor":1.0},{"not_picked":["Accuracy","Blade Dance","Reflex"],"picked":"SKIP","floor":5.0},{"not_picked":["Predator","Outmaneuver","Dagger Throw"],"picked":"SKIP","floor":6.0},{"not_picked":["PiercingWail","Well Laid Plans","Crippling Poison"],"picked":"SKIP","floor":8.0},{"not_picked":["Doppelganger","Outmaneuver","PiercingWail"],"picked":"SKIP","floor":11.0}],"player_experience":277753,"relics_obtained":[{"floor":4.0,"key":"Ornamental Fan"}],"event_choices":[{"cards_removed":["Strike_G"],"damage_healed":0.0,"max_hp_gain":0.0,"max_hp_loss":0.0,"gold_gain":0.0,"event_name":"NoteForYourself","player_choice":"Took Card","floor":2.0,"gold_loss":0.0,"damage_taken":0.0,"cards_obtained":["Defend_B"]},{"damage_healed":0.0,"max_hp_gain":0.0,"max_hp_loss":0.0,"gold_gain":100.0,"event_name":"Golden Shrine","player_choice":"Pray","floor":7.0,"gold_loss":0.0,"damage_taken":0.0},{"damage_healed":0.0,"max_hp_gain":0.0,"max_hp_loss":0.0,"gold_gain":0.0,"event_name":"Shining Light","player_choice":"Entered Light","floor":12.0,"gold_loss":0.0,"damage_taken":14.0,"cards_upgraded":["Strike_G","Defend_G"]}],"is_beta":false,"boss_relics":[],"items_purged_floors":[3],"is_endless":false,"potions_floor_spawned":[6],"killed_by":"3 Sentries","ascension_level":0}