{"gold_per_floor":[112,122,122,122,133,133,167,180,226,226,237,162,95,107,107,183,183,196,196,215,515,515,515,544,544,599,234,234,259,274,274],"floor_reached":31,"playtime":1268,"items_purged":["Strike_R"],"score":519,"play_id":"5e7fa1e7-786a-475a-9020-fc66335450df","local_time":"20190616143509","is_ascension_mode":true,"campfire_choices":[{"data":"Iron Wave","floor":6,"key":"SMITH"},{"data":"Armaments","floor":10,"key":"SMITH"},{"data":"Havoc","floor":15,"key":"SMITH"},{"data":"Demon Form","floor":23,"key":"SMITH"},{"floor":25,"key":"REST"},{"floor":28,"key":"REST"}],"neow_cost":"PERCENT_DAMAGE","seed_source_timestamp":2529804768871699,"circlet_count":0,"master_deck":["AscendersBane","Strike_R+1","Strike_R+1","Defend_R","Defend_R","Defend_R","Bash","Ghostly Armor","Cleave+1","Iron Wave+1","Spot Weakness","Armaments+1","Battle Trance","Havoc+1","Demon Form+1","Flame Barrier","Writhe","Pummel","Pummel","Feel No Pain","Juggernaut"],"relics":["Burning Blood","Pear","Happy Flower","Lantern","Sozu","Old Coin","Whetstone","Tiny Chest","Blood Vial","Singing Bowl"],"potions_floor_usage":[24],"damage_taken":[{"damage":2,"enemies":"2 Louse","floor":1,"turns":4},{"damage":9,"enemies":"Jaw Worm","floor":2,"turns":5},{"damage":0,"enemies":"Cultist","floor":5,"turns":3},{"damage":30,"enemies":"3 Sentries","floor":7,"turns":11},{"damage":3,"enemies":"Blue Slaver","floor":8,"turns":4},{"damage":1,"enemies":"3 Louse","floor":11,"turns":3},{"damage":1,"enemies":"Large Slime","floor":14,"turns":4},{"damage":13,"enemies":"Hexaghost","floor":16,"turns":8},{"damage":7,"enemies":"3 Byrds","floor":18,"turns":6},{"damage":6,"enemies":"2 Thieves","floor":20,"turns":4},{"damage":54,"enemies":"Book of Stabbing","floor":24,"turns":6},{"damage":65,"enemies":"Gremlin Leader","floor":29,"turns":5},{"damage":46,"enemies":"Chosen and Byrds","floor":30,"turns":6},{"damage":24,"enemies":"Snecko","floor":31,"turns":3}],"seed_played":"3800747027669200925","potions_obtained":[{"floor":2,"key":"FairyPotion"},{"floor":7,"key":"GamblersBrew"}],"is_trial":false,"path_per_floor":["M","M","?","?","M","R","E","M","T","R","M","?","?","M","R","B",null,"M","$","M","?","?","R","E","R","T","$","R","E","M","M"],"character_chosen":"IRONCLAD","items_purchased":["Pummel","Feel No Pain","Blood Vial"],"campfire_rested":2,"item_purchase_floors":[27,27,27],"current_hp_per_floor":[54,51,56,56,62,62,38,41,41,41,46,46,46,51,51,44,75,74,74,74,74,74,74,26,51,51,51,76,21,14,0],"gold":274,"neow_bonus":"REMOVE_TWO","is_prod":false,"is_daily":false,"chose_seed":false,"campfire_upgraded":4,"win_rate":0,"timestamp":1560706509,"path_taken":["M","M","?","?","M","R","E","?","T","R","M","?","?","M","R","BOSS","M","$","M","?","?","R","E","R","T","$","R","E","M","M"],"build_version":"2019-01-23","purchased_purges":1,"victory":false,"max_hp_per_floor":[75,75,85,85,85,85,85,85,85,85,85,85,85,85,85,85,85,85,85,85,85,85,85,85,85,85,85,85,87,87,87],"card_choices":[{"not_picked":["Flex","Clash"],"picked":"Ghostly Armor","floor":1},{"not_picked":["Shrug It Off","Warcry"],"picked":"Cleave","floor":2},{"not_picked":["Clothesline","Pommel Strike"],"picked":"Iron Wave","floor":5},{"not_picked":["Havoc","Body Slam"],"picked":"Spot Weakness","floor":7},{"not_picked":["Clothesline","Rage"],"picked":"Armaments","floor":8},{"not_picked":["Wild Strike","Clothesline"],"picked":"Battle Trance","floor":11},{"not_picked":["Combust","Twin Strike"],"picked":"Havoc","floor":14},{"not_picked":["Offering","Immolate"],"picked":"Demon Form","floor":16},{"not_picked":["Sever Soul","Intimidate"],"picked":"Flame Barrier","floor":18},{"not_picked":["Perfected Strike","Uppercut+1"],"picked":"Pummel","floor":24},{"not_picked":["Dual Wield","Warcry","Shrug It Off"],"picked":"Singing Bowl","floor":29},{"not_picked":["Cleave+1","Flex"],"picked":"Juggernaut","floor":30}],"player_experience":1062803,"relics_obtained":[{"floor":7,"key":"Happy Flower"},{"floor":9,"key":"Lantern"},{"floor":24,"key":"Whetstone"},{"floor":26,"key":"Tiny Chest"},{"floor":29,"key":"Singing Bowl"}],"event_choices":[{"damage_healed":0,"gold_gain":0,"player_choice":"Success","damage_taken":5,"relics_obtained":["Pear"],"max_hp_gain":0,"max_hp_loss":0,"event_name":"Scrap Ooze","floor":3,"gold_loss":0},{"damage_healed":0,"gold_gain":0,"player_choice":"Upgraded","damage_taken":0,"max_hp_gain":0,"max_hp_loss":0,"event_name":"Upgrade Shrine","floor":4,"gold_loss":0,"cards_upgraded":["Cleave"]},{"cards_removed":["Defend_R"],"damage_healed":0,"gold_gain":0,"player_choice":"Card Removal","damage_taken":0,"max_hp_gain":0,"max_hp_loss":0,"event_name":"The Cleric","floor":12,"gold_loss":75},{"damage_healed":0,"gold_gain":0,"player_choice":"Left Gold","damage_taken":0,"max_hp_gain":0,"max_hp_loss":0,"event_name":"World of Goop","floor":13,"gold_loss":67},{"damage_healed":0,"gold_gain":0,"player_choice":"Opened","damage_taken":0,"relics_obtained":["Old Coin"],"max_hp_gain":0,"max_hp_loss":0,"event_name":"The Mausoleum","floor":21,"gold_loss":0,"cards_obtained":["Writhe"]},{"damage_healed":0,"gold_gain":0,"player_choice":"Got Potions","damage_taken":0,"max_hp_gain":0,"max_hp_loss":0,"event_name":"Lab","floor":22,"gold_loss":0}],"is_beta":false,"boss_relics":[{"not_picked":["Orrery","Cursed Key"],"picked":"Sozu"}],"items_purged_floors":[27],"is_endless":false,"potions_floor_spawned":[2,7,8,24],"killed_by":"Snecko","ascension_level":18}