{"gold_per_floor":[117,130,150,150,160,160,180,214,214,214,244,260,287,0,0,75,75,92,108,21,33,33,33,48,48,48,64,99,99],"floor_reached":29,"playtime":3926,"items_purged":[],"score":634,"play_id":"38fbb85b-212e-4927-b36c-0ee602d6a498","local_time":"20190622103820","is_ascension_mode":true,"campfire_choices":[{"data":"Darkness","floor":6.0,"key":"SMITH"},{"floor":10.0,"key":"REST"},{"data":"Capacitor","floor":15.0,"key":"SMITH"},{"data":"Zap","floor":23.0,"key":"SMITH"},{"floor":25.0,"key":"REST"}],"neow_cost":"NONE","seed_source_timestamp":248541675594911,"circlet_count":0,"master_deck":["AscendersBane","Strike_B+1","Strike_B","Strike_B","Strike_B","Defend_B","Defend_B","Defend_B","Defend_B","Zap+1","Dualcast","Streamline","Ball Lightning","Doom and Gloom","Darkness+1","Melter+1","Glacier","Reinforced Body","Echo Form","Capacitor+1","Glacier","Seek","Capacitor","Self Repair","Creative AI","Lockon"],"special_seed":0,"relics":["Nuclear Battery","Pocketwatch","Blue Candle","Calipers","Whetstone","ClockworkSouvenir","Cursed Key","Juzu Bracelet"],"potions_floor_usage":[29],"damage_taken":[{"damage":7.0,"enemies":"Cultist","floor":1.0,"turns":5.0},{"damage":0.0,"enemies":"2 Louse","floor":2.0,"turns":3.0},{"damage":0.0,"enemies":"Small Slimes","floor":3.0,"turns":2.0},{"damage":12.0,"enemies":"2 Fungi Beasts","floor":5.0,"turns":3.0},{"damage":8.0,"enemies":"Large Slime","floor":7.0,"turns":4.0},{"damage":25.0,"enemies":"Lagavulin","floor":8.0,"turns":6.0},{"damage":3.0,"enemies":"Gremlin Nob","floor":11.0,"turns":3.0},{"damage":1.0,"enemies":"Blue Slaver","floor":12.0,"turns":3.0},{"damage":10.0,"enemies":"3 Sentries","floor":13.0,"turns":4.0},{"damage":0.0,"enemies":"Hexaghost","floor":16.0,"turns":7.0},{"damage":0.0,"enemies":"Chosen","floor":18.0,"turns":5.0},{"damage":16.0,"enemies":"Shell Parasite","floor":19.0,"turns":7.0},{"damage":13.0,"enemies":"3 Cultists","floor":21.0,"turns":5.0},{"damage":18.0,"enemies":"Centurion and Healer","floor":24.0,"turns":6.0},{"damage":0.0,"enemies":"Chosen and Byrds","floor":27.0,"turns":5.0},{"damage":43.0,"enemies":"Gremlin Leader","floor":28.0,"turns":9.0},{"damage":14,"enemies":"Cultist and Chosen","floor":29,"turns":5}],"seed_played":"3246256945874725416","potions_obtained":[{"floor":3.0,"key":"SpeedPotion"},{"floor":8.0,"key":"Swift Potion"},{"floor":11.0,"key":"FairyPotion"},{"floor":19.0,"key":"AttackPotion"},{"floor":27.0,"key":"Swift Potion"},{"floor":28.0,"key":"Fire Potion"}],"is_trial":false,"path_per_floor":["M","M","M","T","M","R","M","E","T","R","E","M","E","$","R","B",null,"M","M","$","M","$","R","M","R","T","M","E","M"],"character_chosen":"DEFECT","items_purchased":["ClockworkSouvenir","Glacier","Self Repair"],"campfire_rested":2,"item_purchase_floors":[14,14,20],"current_hp_per_floor":[57,57,57,57,45,45,37,12,12,33,30,29,19,19,19,19,58,58,42,42,36,36,36,25,46,46,53,10,0],"gold":99,"neow_bonus":"BOSS_RELIC","is_prod":false,"is_daily":false,"chose_seed":false,"campfire_upgraded":3,"win_rate":0,"timestamp":1561225100,"path_taken":["M","M","?","?","?","R","M","E","T","R","E","M","E","$","R","BOSS","M","?","?","M","?","R","M","R","T","M","E","M"],"build_version":"2019-01-23","purchased_purges":0,"victory":false,"max_hp_per_floor":[71,71,71,71,71,71,71,71,71,71,71,71,71,71,71,71,71,71,71,71,71,71,71,71,71,71,71,71,71],"card_choices":[{"not_picked":["Leap","Hologram"],"picked":"Streamline","floor":1.0},{"not_picked":["Melter","Stack"],"picked":"Ball Lightning","floor":2.0},{"not_picked":["Go for the Eyes","Rip and Tear"],"picked":"Doom and Gloom","floor":3.0},{"not_picked":["Coolheaded","Static Discharge"],"picked":"Darkness","floor":5.0},{"not_picked":["Steam","Beam Cell"],"picked":"Melter","floor":7.0},{"not_picked":["Auto Shields","Doom and Gloom"],"picked":"Glacier","floor":8.0},{"not_picked":["Sweeping Beam","Hello World"],"picked":"Reinforced Body","floor":11.0},{"not_picked":["Defragment","Hologram"],"picked":"Echo Form","floor":12.0},{"not_picked":["Hologram","Redo"],"picked":"Capacitor","floor":13.0},{"not_picked":["Reboot","Fission"],"picked":"Seek","floor":16.0},{"not_picked":["Tempest","Melter"],"picked":"Capacitor","floor":18.0},{"not_picked":["Barrage","Leap","Beam Cell"],"picked":"SKIP","floor":19.0},{"not_picked":["Conserve Battery","Hello World+1","Reprogram"],"picked":"SKIP","floor":21.0},{"not_picked":["Sweeping Beam","Rebound","Go for the Eyes"],"picked":"SKIP","floor":24.0},{"not_picked":["Beam Cell","Genetic Algorithm"],"picked":"Creative AI","floor":27.0},{"not_picked":["Steam","Barrage"],"picked":"Lockon","floor":28.0}],"player_experience":1003039,"relics_obtained":[{"floor":8.0,"key":"Pocketwatch"},{"floor":9.0,"key":"Blue Candle"},{"floor":11.0,"key":"Calipers"},{"floor":13.0,"key":"Whetstone"},{"floor":28.0,"key":"Juzu Bracelet"}],"event_choices":[],"is_beta":false,"boss_relics":[{"not_picked":["Fusion Hammer","Lizard Tail"],"picked":"Cursed Key"}],"items_purged_floors":[],"is_endless":false,"potions_floor_spawned":[3,8,11,16,19,27,28],"killed_by":"Cultist and Chosen","ascension_level":20}