{"gold_per_floor":[115,115,134,84,100,100,126,126,207,207,238,238,255,285,285,380,380,390,402,125,144,144,144,178,191,215,242,254,254,269,280,280,383,383,397,408,808,808,439,439,47,47,98,131,131,131,131,146,146,146,146,146,22,53,53],"floor_reached":55,"playtime":3900,"items_purged":["Defend_G","Strike_G","Strike_G"],"score":1044,"play_id":"569d8138-8083-4ce8-93f9-76a085c6f7b4","local_time":"20190529141139","is_ascension_mode":true,"campfire_choices":[{"data":"Neutralize","floor":6.0,"key":"SMITH"},{"floor":8.0,"key":"REST"},{"data":"Caltrops","floor":15.0,"key":"SMITH"},{"floor":23.0,"key":"REST"},{"floor":29.0,"key":"REST"},{"floor":32.0,"key":"REST"},{"floor":40,"key":"RECALL"},{"data":"Corpse Explosion","floor":42,"key":"SMITH"},{"floor":45,"key":"REST"},{"floor":49,"key":"REST"},{"data":"Madness","floor":52,"key":"SMITH"}],"neow_cost":"NONE","seed_source_timestamp":0,"circlet_count":0,"master_deck":["Defend_G+1","Defend_G+1","Defend_G+1","Defend_G+1","Strike_G+1","Strike_G+1","Survivor","Neutralize+1","Dash","PiercingWail","Caltrops+1","Heel Hook","Flying Knee","Envenom+1","Noxious Fumes+1","Infinite Blades+1","Corpse Explosion+1","Dodge and Roll+1","Footwork+1","Escape Plan+1","Envenom+1","Bane+1","Mayhem+1","Caltrops+1","Madness+1","Madness","PiercingWail+1","Tools of the Trade+1"],"special_seed":0,"relics":["Ring of the Snake","War Paint","Ancient Tea Set","Frozen Egg 2","Art of War","Darkstone Periapt","Blood Vial","Runic Pyramid","Oddly Smooth Stone","MutagenicStrength","Strawberry","Regal Pillow","Question Card","Busted Crown","Old Coin","TwistedFunnel","Kunai","Whetstone","Smiling Mask","Snake Skull"],"potions_floor_usage":[35,44,54,55,55],"damage_taken":[{"damage":0.0,"enemies":"Small Slimes","floor":1.0,"turns":5.0},{"damage":0.0,"enemies":"2 Louse","floor":3.0,"turns":4.0},{"damage":1.0,"enemies":"Jaw Worm","floor":5.0,"turns":3.0},{"damage":34.0,"enemies":"Lagavulin","floor":7.0,"turns":12.0},{"damage":16.0,"enemies":"3 Sentries","floor":11.0,"turns":9.0},{"damage":0.0,"enemies":"3 Louse","floor":13.0,"turns":4.0},{"damage":11.0,"enemies":"Lagavulin","floor":14.0,"turns":10.0},{"damage":13.0,"enemies":"Hexaghost","floor":16.0,"turns":9.0},{"damage":6.0,"enemies":"Chosen","floor":18.0,"turns":6.0},{"damage":3.0,"enemies":"Spheric Guardian","floor":19.0,"turns":6.0},{"damage":14.0,"enemies":"3 Cultists","floor":21.0,"turns":5.0},{"damage":9.0,"enemies":"Slavers","floor":24.0,"turns":5.0},{"damage":12.0,"enemies":"Snake Plant","floor":25.0,"turns":5.0},{"damage":22.0,"enemies":"Book of Stabbing","floor":27.0,"turns":6.0},{"damage":9.0,"enemies":"Snecko","floor":28.0,"turns":5.0},{"damage":40.0,"enemies":"Cultist and Chosen","floor":30.0,"turns":8.0},{"damage":0.0,"enemies":"Snake Plant","floor":31.0,"turns":6.0},{"damage":26.0,"enemies":"Collector","floor":33.0,"turns":11.0},{"damage":8,"enemies":"3 Shapes","floor":35,"turns":3},{"damage":0,"enemies":"3 Darklings","floor":36,"turns":3},{"damage":2,"enemies":"Mind Bloom Boss Battle","floor":37,"turns":6},{"damage":33,"enemies":"Nemesis","floor":44,"turns":7},{"damage":22,"enemies":"Jaw Worm Horde","floor":48,"turns":3},{"damage":26,"enemies":"Time Eater","floor":50,"turns":12},{"damage":10,"enemies":"Shield and Spear","floor":54,"turns":7},{"damage":68,"enemies":"The Heart","floor":55,"turns":5}],"seed_played":"184506599672563102","potions_obtained":[{"floor":3.0,"key":"LiquidBronze"},{"floor":11.0,"key":"Poison Potion"},{"floor":14.0,"key":"AttackPotion"},{"floor":18.0,"key":"Weak Potion"},{"floor":21.0,"key":"PowerPotion"},{"floor":25.0,"key":"Strength Potion"},{"floor":30.0,"key":"Fire Potion"},{"floor":31.0,"key":"PowerPotion"},{"floor":33.0,"key":"FearPotion"},{"floor":35,"key":"Dexterity Potion"},{"floor":48,"key":"GamblersBrew"}],"is_trial":false,"path_per_floor":["M","?","M","?","M","R","E","R","T","?","E","?","M","E","R","B",null,"M","M","$","M","?","R","E","M","T","E","M","R","M","M","R","B",null,"M","M","?","?","$","R","$","R","T","E","R","?","?","M","R","B",null,"R","$","E","B"],"character_chosen":"THE_SILENT","items_purchased":["Oddly Smooth Stone","Poison Potion","TwistedFunnel","Caltrops+1","Kunai","Whetstone","Tools of the Trade+1"],"campfire_rested":6,"item_purchase_floors":[20,20,39,39,41,41,53],"current_hp_per_floor":[63,49,49,49,48,48,14,35,35,35,19,42,42,31,31,20,58,54,53,53,41,41,62,62,52,52,32,25,63,25,27,65,41,68,62,64,64,64,64,64,64,64,64,33,71,71,61,41,77,51,71,71,71,63,0],"gold":53,"neow_bonus":"RANDOM_COMMON_RELIC","is_prod":false,"is_daily":false,"chose_seed":false,"campfire_upgraded":4,"win_rate":0,"timestamp":1559149899,"path_taken":["M","?","M","?","M","R","E","R","T","?","E","?","?","E","R","BOSS","M","M","$","M","?","R","E","M","T","E","M","R","M","M","R","BOSS","M","M","?","?","$","R","$","R","T","E","R","?","?","M","R","BOSS","R","$","E","BOSS"],"build_version":"2019-01-23","purchased_purges":3,"victory":false,"max_hp_per_floor":[70,70,70,70,70,70,70,70,70,70,70,70,70,70,70,70,70,70,70,70,70,70,70,77,77,77,77,77,77,77,77,77,77,77,77,77,77,77,77,77,77,77,77,77,77,77,77,77,77,77,77,77,77,77,77],"card_choices":[{"not_picked":["Dodge and Roll","Underhanded Strike"],"picked":"Dagger Spray","floor":1.0},{"not_picked":["Endless Agony","Tactician"],"picked":"Dash","floor":3.0},{"not_picked":["Quick Slash","Outmaneuver"],"picked":"PiercingWail","floor":5.0},{"not_picked":["Masterful Stab","Well Laid Plans"],"picked":"Caltrops","floor":7.0},{"not_picked":["Acrobatics","Leg Sweep"],"picked":"Heel Hook","floor":11.0},{"not_picked":["Predator","All Out Attack","Burst"],"picked":"SKIP","floor":13.0},{"not_picked":["Acrobatics","Sucker Punch"],"picked":"Flying Knee","floor":14.0},{"not_picked":["Glass Knife","Corpse Explosion"],"picked":"Envenom+1","floor":16.0},{"not_picked":["Dagger Throw","Expertise"],"picked":"Noxious Fumes+1","floor":18.0},{"not_picked":["Quick Slash","Blade Dance","Flying Knee"],"picked":"SKIP","floor":19.0},{"not_picked":["Bane+1","Skewer+1"],"picked":"Infinite Blades+1","floor":21.0},{"not_picked":["Infinite Blades+1","Slice"],"picked":"Corpse Explosion","floor":24.0},{"not_picked":["All Out Attack","Poisoned Stab+1"],"picked":"Dodge and Roll+1","floor":25.0},{"not_picked":["Backstab","Flying Knee","Deflect"],"picked":"SKIP","floor":27.0},{"not_picked":["Dagger Spray","Blade Dance+1","Dagger Throw"],"picked":"Footwork+1","floor":28.0},{"not_picked":["Eviscerate","Masterful Stab","Deadly Poison","Infinite Blades+1"],"picked":"SKIP","floor":30.0},{"not_picked":["Dagger Throw","Cloak And Dagger","Eviscerate"],"picked":"Escape Plan+1","floor":31.0},{"not_picked":["Tools of the Trade+1","Venomology","Glass Knife"],"picked":"Envenom+1","floor":33.0},{"not_picked":["Blade Dance+1","Distraction"],"picked":"SKIP","floor":35},{"not_picked":["Flying Knee+1","Dagger Spray"],"picked":"SKIP","floor":36},{"not_picked":["Dodge and Roll+1"],"picked":"Bane+1","floor":37},{"not_picked":["Finesse"],"picked":"Mayhem+1","floor":38},{"not_picked":["Masterful Stab","Backstab"],"picked":"SKIP","floor":44},{"not_picked":["Quick Slash+1"],"picked":"PiercingWail+1","floor":48},{"not_picked":["Deadly Poison+1","Storm of Steel"],"picked":"SKIP","floor":54}],"player_experience":813026,"relics_obtained":[{"floor":7.0,"key":"Ancient Tea Set"},{"floor":9.0,"key":"Frozen Egg 2"},{"floor":11.0,"key":"Darkstone Periapt"},{"floor":14.0,"key":"Blood Vial"},{"floor":24.0,"key":"Strawberry"},{"floor":26.0,"key":"Regal Pillow"},{"floor":27.0,"key":"Question Card"},{"floor":37,"key":"Old Coin"},{"floor":44,"key":"Smiling Mask"},{"floor":54,"key":"Snake Skull"}],"event_choices":[{"damage_healed":0.0,"max_hp_gain":0.0,"max_hp_loss":0.0,"gold_gain":0.0,"event_name":"Shining Light","player_choice":"Entered Light","floor":2.0,"gold_loss":0.0,"damage_taken":14.0,"cards_upgraded":["Defend_G","Defend_G"]},{"cards_removed":["Strike_G"],"damage_healed":0.0,"max_hp_gain":0.0,"max_hp_loss":0.0,"gold_gain":0.0,"event_name":"The Cleric","player_choice":"Card Removal","floor":4.0,"gold_loss":50.0,"damage_taken":0.0},{"damage_healed":0.0,"max_hp_gain":0.0,"max_hp_loss":0.0,"gold_gain":0.0,"event_name":"Dead Adventurer","player_choice":"Searched \u00272\u0027 times","floor":10.0,"gold_loss":0.0,"damage_taken":0.0,"relics_obtained":["Art of War"]},{"damage_healed":23.0,"max_hp_gain":0.0,"max_hp_loss":0.0,"gold_gain":0.0,"event_name":"Big Fish","player_choice":"Banana","floor":12.0,"gold_loss":0.0,"damage_taken":0.0},{"damage_healed":0.0,"max_hp_gain":0.0,"max_hp_loss":0.0,"gold_gain":0.0,"event_name":"Drug Dealer","player_choice":"Inject Mutagens","floor":22.0,"gold_loss":0.0,"damage_taken":0.0,"relics_obtained":["MutagenicStrength"]},{"damage_healed":0,"gold_gain":0,"player_choice":"Fight","damage_taken":0,"max_hp_gain":0,"max_hp_loss":0,"event_name":"MindBloom","floor":37,"gold_loss":0},{"damage_healed":0,"gold_gain":0,"player_choice":"Memory 1","damage_taken":0,"max_hp_gain":0,"max_hp_loss":0,"event_name":"SensoryStone","floor":38,"gold_loss":0},{"cards_removed":["Dagger Spray"],"damage_healed":0,"gold_gain":0,"player_choice":"Removed Attack","damage_taken":0,"max_hp_gain":0,"max_hp_loss":0,"event_name":"Falling","floor":46,"gold_loss":0},{"damage_healed":0,"gold_gain":0,"player_choice":"Embrace Madness","damage_taken":10,"max_hp_gain":0,"max_hp_loss":0,"event_name":"Winding Halls","floor":47,"gold_loss":0,"cards_obtained":["Madness","Madness"]}],"is_beta":false,"boss_relics":[{"not_picked":["Orrery","White Beast Statue"],"picked":"Runic Pyramid"},{"not_picked":["Ring of the Serpent","Runic Dome"],"picked":"Busted Crown"}],"items_purged_floors":[20,39,53],"is_endless":false,"potions_floor_spawned":[3,11,14,18,21,25,30,31,33,35,37,48],"killed_by":"The Heart","ascension_level":8}