{"gold_per_floor":[110,130,143,156,176,206,206,216,239,239,269,269,194,194,194,317,317,331,6,49,70,93,93,159,159,159,202,222,222,255,268,268,389,389,414,121,139,139,155,155,489,341,341,376,402,414,464,87,87,87],"floor_reached":51,"playtime":3738,"items_purged":["Strike_R","Strike_R","Parasite"],"score":1128,"play_id":"d40763a0-f74d-48f1-af9e-e05993f3871c","local_time":"20190319222505","is_ascension_mode":true,"campfire_choices":[{"data":"Inflame","floor":7.0,"key":"SMITH"},{"floor":10.0,"key":"REST"},{"data":"Heavy Blade","floor":12.0,"key":"SMITH"},{"floor":15.0,"key":"REST"},{"floor":23.0,"key":"REST"},{"floor":29.0,"key":"REST"},{"floor":32.0,"key":"REST"},{"data":"Limit Break","floor":40,"key":"SMITH"},{"data":"Apotheosis","floor":49,"key":"SMITH"}],"neow_cost":"NONE","seed_source_timestamp":0,"circlet_count":0,"master_deck":["Strike_R","Strike_R","Strike_R","Defend_R","Defend_R","Defend_R","Defend_R","Bash","Wild Strike","Sword Boomerang","Inflame+1","Spot Weakness","True Grit","Shrug It Off","Heavy Blade+1","Limit Break+1","Clothesline","Apotheosis+1","Feed","Disarm","Feel No Pain+1","Bludgeon","Pummel","Warcry+1","Reaper","Thinking Ahead+1","Armaments+1","Uppercut","Havoc+1"],"special_seed":0,"relics":["Burning Blood","NeowsBlessing","Vajra","Centennial Puzzle","Regal Pillow","Golden Idol","Snecko Eye","Red Mask","Tiny Chest","Toxic Egg 2","Bottled Lightning","Blood Vial","Letter Opener","Busted Crown","Old Coin","Art of War","MawBank","Mercury Hourglass","Anchor"],"potions_floor_usage":[41,50],"damage_taken":[{"damage":0.0,"enemies":"Cultist","floor":1.0,"turns":1.0},{"damage":0.0,"enemies":"2 Louse","floor":2.0,"turns":1.0},{"damage":0.0,"enemies":"Jaw Worm","floor":3.0,"turns":1.0},{"damage":16.0,"enemies":"Blue Slaver","floor":4.0,"turns":3.0},{"damage":15.0,"enemies":"Large Slime","floor":5.0,"turns":4.0},{"damage":38.0,"enemies":"3 Sentries","floor":6.0,"turns":8.0},{"damage":18.0,"enemies":"Exordium Thugs","floor":8.0,"turns":4.0},{"damage":16.0,"enemies":"Gremlin Nob","floor":11.0,"turns":3.0},{"damage":46.0,"enemies":"The Guardian","floor":16.0,"turns":10.0},{"damage":14.0,"enemies":"Shell Parasite","floor":18.0,"turns":2.0},{"damage":14.0,"enemies":"Masked Bandits","floor":20.0,"turns":3.0},{"damage":8.0,"enemies":"Chosen","floor":21.0,"turns":2.0},{"damage":18.0,"enemies":"Snake Plant","floor":22.0,"turns":4.0},{"damage":43.0,"enemies":"Gremlin Leader","floor":24.0,"turns":7.0},{"damage":31.0,"enemies":"Book of Stabbing","floor":27.0,"turns":4.0},{"damage":18.0,"enemies":"Shelled Parasite and Fungi","floor":28.0,"turns":6.0},{"damage":24.0,"enemies":"Slavers","floor":30.0,"turns":3.0},{"damage":16.0,"enemies":"Centurion and Healer","floor":31.0,"turns":4.0},{"damage":11,"enemies":"Collector","floor":33,"turns":6},{"damage":37,"enemies":"3 Darklings","floor":35,"turns":5},{"damage":6,"enemies":"Orb Walker","floor":37,"turns":5},{"damage":0,"enemies":"Sphere and 2 Shapes","floor":39,"turns":3},{"damage":56,"enemies":"Reptomancer","floor":41,"turns":6},{"damage":22,"enemies":"4 Shapes","floor":44,"turns":5},{"damage":6,"enemies":"Writhing Mass","floor":45,"turns":5},{"damage":1,"enemies":"Giant Head","floor":47,"turns":4},{"damage":75,"enemies":"Time Eater","floor":50,"turns":8}],"seed_played":"-3247344115949623412","potions_obtained":[{"floor":4.0,"key":"Swift Potion"},{"floor":5.0,"key":"Explosive Potion"},{"floor":11.0,"key":"SpeedPotion"},{"floor":21.0,"key":"Fruit Juice"},{"floor":24.0,"key":"FearPotion"},{"floor":27.0,"key":"Regen Potion"},{"floor":30.0,"key":"Ancient Potion"},{"floor":35,"key":"LiquidBronze"},{"floor":39,"key":"Strength Potion"},{"floor":41,"key":"Explosive Potion"}],"is_trial":false,"path_per_floor":["M","M","M","M","M","E","R","M","T","R","E","R","$","?","R","B",null,"M","$","?","M","M","R","E","T","T","E","M","R","E","M","R","B",null,"M","$","M","?","M","R","E","$","T","M","M","?","E","$","R","B",null],"character_chosen":"IRONCLAD","items_purchased":["Apotheosis","Feed","Thinking Ahead+1","Art of War","Anchor","Uppercut","Havoc+1"],"campfire_rested":5,"item_purchase_floors":[19,19,36,42,48,48,48],"current_hp_per_floor":[78,80,80,70,61,29,29,17,17,41,31,31,31,31,68,28,63,55,55,51,49,46,87,50,50,50,25,29,70,54,46,87,86,90,60,60,77,77,97,97,86,86,86,76,103,98,98,95,95,47],"gold":87,"neow_bonus":"THREE_ENEMY_KILL","is_prod":false,"is_daily":false,"chose_seed":false,"campfire_upgraded":4,"win_rate":0,"timestamp":1553059505,"path_taken":["M","?","M","M","M","E","R","M","T","R","E","R","$","?","R","BOSS","M","$","?","M","M","R","E","?","T","E","M","R","E","M","R","BOSS","M","$","M","?","M","R","E","?","T","?","M","?","E","$","R","BOSS"],"build_version":"2019-01-23","purchased_purges":3,"victory":true,"max_hp_per_floor":[80,80,80,80,80,80,80,80,80,80,80,80,80,74,74,74,74,74,74,78,78,87,87,87,87,87,87,87,87,87,87,87,91,91,91,91,95,95,99,99,99,99,99,103,103,98,98,95,95,95],"card_choices":[{"not_picked":["Havoc","Cleave"],"picked":"Wild Strike","floor":1.0},{"not_picked":["Shrug It Off","Wild Strike"],"picked":"Sword Boomerang","floor":2.0},{"not_picked":["Perfected Strike","True Grit"],"picked":"Inflame","floor":3.0},{"not_picked":["Ghostly Armor","Armaments"],"picked":"Spot Weakness","floor":4.0},{"not_picked":["Thunderclap","Wild Strike"],"picked":"True Grit","floor":5.0},{"not_picked":["Blood for Blood","Corruption"],"picked":"Shrug It Off","floor":6.0},{"not_picked":["Pommel Strike","Iron Wave"],"picked":"Heavy Blade","floor":8.0},{"not_picked":["Heavy Blade","True Grit","Juggernaut"],"picked":"SKIP","floor":11.0},{"not_picked":["Impervious","Fiend Fire"],"picked":"Limit Break","floor":16.0},{"not_picked":["Sword Boomerang","Perfected Strike+1"],"picked":"Clothesline","floor":18.0},{"not_picked":["Heavy Blade","Feed"],"picked":"Disarm","floor":21.0},{"not_picked":["Infernal Blade","Hemokinesis","Entrench"],"picked":"SKIP","floor":22.0},{"not_picked":["Armaments","Heavy Blade"],"picked":"Feel No Pain+1","floor":24.0},{"not_picked":["Bloodletting+1","Iron Wave"],"picked":"Bludgeon","floor":27.0},{"not_picked":["Burning Pact+1","Rampage"],"picked":"Pummel","floor":28.0},{"not_picked":["Seeing Red+1","Clothesline+1"],"picked":"Warcry+1","floor":30.0},{"not_picked":["Armaments+1","Clothesline","Fire Breathing"],"picked":"SKIP","floor":31.0},{"not_picked":["Immolate","Dark Embrace"],"picked":"Reaper","floor":33},{"not_picked":["Anger+1"],"picked":"SKIP","floor":35},{"not_picked":["Warcry+1"],"picked":"SKIP","floor":37},{"not_picked":["Anger"],"picked":"SKIP","floor":39},{"not_picked":["Clash"],"picked":"SKIP","floor":41},{"not_picked":[],"picked":"Armaments+1","floor":44},{"not_picked":["Cleave"],"picked":"SKIP","floor":45},{"not_picked":["Dual Wield+1"],"picked":"SKIP","floor":47}],"player_experience":619997,"relics_obtained":[{"floor":6.0,"key":"Vajra"},{"floor":9.0,"key":"Centennial Puzzle"},{"floor":11.0,"key":"Regal Pillow"},{"floor":20.0,"key":"Red Mask"},{"floor":24.0,"key":"Tiny Chest"},{"floor":25.0,"key":"Toxic Egg 2"},{"floor":26.0,"key":"Bottled Lightning"},{"floor":27.0,"key":"Blood Vial"},{"floor":30.0,"key":"Letter Opener"},{"floor":41,"key":"Old Coin"},{"floor":43,"key":"MawBank"},{"floor":47,"key":"Mercury Hourglass"}],"event_choices":[{"damage_healed":0.0,"max_hp_gain":0.0,"max_hp_loss":6.0,"gold_gain":0.0,"event_name":"Golden Idol","player_choice":"Lose Max HP","floor":14.0,"gold_loss":0.0,"damage_taken":0.0,"relics_obtained":["Golden Idol"]},{"damage_healed":0.0,"max_hp_gain":0.0,"max_hp_loss":0.0,"gold_gain":0.0,"event_name":"Masked Bandits","player_choice":"Fought Bandits","floor":20.0,"gold_loss":0.0,"damage_taken":0.0},{"damage_healed":0,"gold_gain":0,"player_choice":"Bought 0 Potions","damage_taken":0,"max_hp_gain":0,"max_hp_loss":0,"event_name":"The Woman in Blue","floor":38,"gold_loss":0},{"damage_healed":0,"gold_gain":0,"player_choice":"Max HP","damage_taken":0,"max_hp_gain":0,"max_hp_loss":5,"event_name":"Winding Halls","floor":46,"gold_loss":0}],"is_beta":false,"boss_relics":[{"not_picked":["Fusion Hammer","Black Blood"],"picked":"Snecko Eye"},{"not_picked":["Pandora\u0027s Box","Lizard Tail"],"picked":"Busted Crown"}],"items_purged_floors":[13,36,48],"is_endless":false,"potions_floor_spawned":[4,5,11,21,24,27,30,33,35,39,41,45],"ascension_level":6}