{"gold_per_floor":[117,117,117,129,54,82,93,127,127,127,127,141,141,153,153,251,251,233,133,148,168,188,188,206,206,206,216,227,227,227,227,227,325,325,335,243,254,268,279,279,293,293,293,293,309,324,336,361,361,361],"floor_reached":51,"playtime":4765,"items_purged":["Defend_R","Body Slam"],"score":665,"play_id":"5f0837a0-cd56-415f-adf5-e994120072b1","local_time":"20190504160354","is_ascension_mode":false,"campfire_choices":[{"data":"Shrug It Off","floor":10.0,"key":"SMITH"},{"floor":13.0,"key":"REST"},{"data":"Bash","floor":15.0,"key":"SMITH"},{"data":"True Grit","floor":23.0,"key":"SMITH"},{"floor":29.0,"key":"REST"},{"data":"Seeing Red","floor":32.0,"key":"SMITH"},{"floor":40.0,"key":"REST"},{"data":"Flex","floor":42.0,"key":"SMITH"},{"floor":49.0,"key":"REST"}],"neow_cost":"NONE","seed_source_timestamp":0,"circlet_count":0,"master_deck":["Strike_R","Strike_R","Strike_R","Strike_R","Strike_R","Defend_R","Bash+1","Shrug It Off+1","Fiend Fire","True Grit+1","Body Slam+1","Seeing Red+1","Warcry+1","Reaper","True Grit","Burning Pact","Rage+1","Flex+1","Warcry+1","Inflame+1"],"special_seed":0,"relics":["Burning Blood","NeowsBlessing","Ancient Tea Set","Dead Branch","Champion Belt","Matryoshka","Orrery","MutagenicStrength","Omamori","Meat on the Bone","Nilry\u0027s Codex","Sozu","Dream Catcher","Bag of Marbles","Bottled Lightning","Oddly Smooth Stone"],"potions_floor_usage":[],"damage_taken":[{"damage":0.0,"enemies":"Jaw Worm","floor":1.0,"turns":1.0},{"damage":0.0,"enemies":"2 Louse","floor":4.0,"turns":1.0},{"damage":0.0,"enemies":"Gremlin Nob","floor":6.0,"turns":1.0},{"damage":6.0,"enemies":"Cultist","floor":7.0,"turns":3.0},{"damage":40.0,"enemies":"3 Sentries","floor":8.0,"turns":6.0},{"damage":5.0,"enemies":"2 Fungi Beasts","floor":12.0,"turns":3.0},{"damage":0.0,"enemies":"Large Slime","floor":14.0,"turns":6.0},{"damage":47.0,"enemies":"The Guardian","floor":16.0,"turns":15.0},{"damage":19.0,"enemies":"2 Thieves","floor":18.0,"turns":4.0},{"damage":25.0,"enemies":"Spheric Guardian","floor":20.0,"turns":5.0},{"damage":7.0,"enemies":"Centurion and Healer","floor":21.0,"turns":13.0},{"damage":10.0,"enemies":"Snecko","floor":22.0,"turns":3.0},{"damage":23.0,"enemies":"Shelled Parasite and Fungi","floor":24.0,"turns":69.0},{"damage":28.0,"enemies":"Snake Plant","floor":27.0,"turns":5.0},{"damage":9.0,"enemies":"3 Cultists","floor":28.0,"turns":4.0},{"damage":36.0,"enemies":"Automaton","floor":33.0,"turns":8.0},{"damage":12.0,"enemies":"Orb Walker","floor":35.0,"turns":3.0},{"damage":46.0,"enemies":"3 Darklings","floor":37.0,"turns":9.0},{"damage":21.0,"enemies":"4 Shapes","floor":38.0,"turns":3.0},{"damage":19.0,"enemies":"Jaw Worm Horde","floor":39.0,"turns":5.0},{"damage":0.0,"enemies":"Transient","floor":41.0,"turns":5.0},{"damage":10.0,"enemies":"Sphere and 2 Shapes","floor":45.0,"turns":5.0},{"damage":24.0,"enemies":"3 Darklings","floor":46.0,"turns":5.0},{"damage":13.0,"enemies":"Jaw Worm Horde","floor":47.0,"turns":4.0},{"damage":29,"enemies":"Donu and Deca","floor":50,"turns":37}],"seed_played":"-160105789141428662","potions_obtained":[{"floor":6.0,"key":"GamblersBrew"},{"floor":7.0,"key":"Weak Potion"},{"floor":12.0,"key":"Ancient Potion"},{"floor":16.0,"key":"EntropicBrew"},{"floor":22.0,"key":"Swift Potion"},{"floor":24.0,"key":"LiquidBronze"}],"is_trial":false,"path_per_floor":["M","?","?","M","$","E","M","E","T","R","?","M","R","M","R","B",null,"M","$","M","M","M","R","M","?","T","M","M","R","$","?","R","B",null,"M","?","M","M","M","R","M","R","T","?","M","M","M","T","R","B",null],"character_chosen":"IRONCLAD","items_purchased":[],"campfire_rested":4,"item_purchase_floors":[],"current_hp_per_floor":[80,68,68,74,74,80,80,46,46,46,46,47,71,77,77,36,80,67,67,48,61,57,57,40,40,40,33,54,78,78,62,62,48,80,74,74,54,51,54,78,80,80,80,80,76,58,51,51,75,52],"gold":361,"neow_bonus":"THREE_ENEMY_KILL","is_prod":false,"is_daily":false,"chose_seed":false,"campfire_upgraded":5,"win_rate":0,"timestamp":1556978634,"path_taken":["M","?","?","M","$","E","M","E","T","R","?","?","R","M","R","BOSS","M","$","M","M","M","R","M","?","T","M","M","R","$","?","R","BOSS","M","?","?","M","M","R","M","R","T","?","M","M","?","?","R","BOSS"],"build_version":"2019-01-23","purchased_purges":2,"victory":true,"max_hp_per_floor":[80,80,80,80,80,80,80,80,80,80,80,80,80,80,80,80,80,80,80,80,80,80,80,80,80,80,80,80,80,80,80,80,80,80,80,80,80,80,80,80,80,80,80,80,80,80,80,80,80,80],"card_choices":[{"not_picked":["Twin Strike","Rampage","Flex"],"picked":"SKIP","floor":1.0},{"not_picked":["Bloodletting","Ghostly Armor","Rupture"],"picked":"SKIP","floor":4.0},{"not_picked":["Juggernaut","Thunderclap","Armaments"],"picked":"SKIP","floor":6.0},{"not_picked":["Inflame","Clothesline","Armaments"],"picked":"SKIP","floor":7.0},{"not_picked":["Sword Boomerang","Clothesline"],"picked":"Shrug It Off","floor":8.0},{"not_picked":["Battle Trance","Sword Boomerang","Iron Wave"],"picked":"SKIP","floor":12.0},{"not_picked":["Pommel Strike","Cleave","Double Tap"],"picked":"SKIP","floor":14.0},{"not_picked":["Limit Break","Feed"],"picked":"Fiend Fire","floor":16.0},{"not_picked":["Body Slam","Clothesline"],"picked":"True Grit","floor":17.0},{"not_picked":["Twin Strike","Perfected Strike"],"picked":"Body Slam","floor":17.0},{"not_picked":["Shrug It Off","Exhume"],"picked":"Body Slam+1","floor":18.0},{"not_picked":["Iron Wave","Body Slam+1","Disarm"],"picked":"SKIP","floor":20.0},{"not_picked":["Battle Trance","Havoc+1"],"picked":"Seeing Red","floor":21.0},{"not_picked":["Spot Weakness","Headbutt"],"picked":"Warcry+1","floor":22.0},{"not_picked":["Pommel Strike","Armaments"],"picked":"Reaper","floor":24.0},{"not_picked":["Cleave+1","Iron Wave","Sever Soul"],"picked":"SKIP","floor":27.0},{"not_picked":["Flame Barrier","Warcry","Combust+1"],"picked":"SKIP","floor":28.0},{"not_picked":["Hemokinesis+1","Shrug It Off+1"],"picked":"True Grit","floor":35.0},{"not_picked":["Headbutt+1","True Grit"],"picked":"Burning Pact","floor":37.0},{"not_picked":["Shrug It Off","Bloodletting"],"picked":"Rage+1","floor":38.0},{"not_picked":["Warcry","Twin Strike","Body Slam"],"picked":"SKIP","floor":39.0},{"not_picked":["Battle Trance","Body Slam"],"picked":"Flex","floor":40.0},{"not_picked":["Headbutt+1","Body Slam+1","Evolve+1"],"picked":"SKIP","floor":41.0},{"not_picked":["Evolve","Flame Barrier+1"],"picked":"Warcry+1","floor":45.0},{"not_picked":["Carnage","Sword Boomerang","Juggernaut"],"picked":"SKIP","floor":46.0},{"not_picked":["Twin Strike+1","Rampage","Anger+1"],"picked":"SKIP","floor":47.0},{"not_picked":["Headbutt+1","Flex+1"],"picked":"Inflame+1","floor":49.0}],"player_experience":163010,"relics_obtained":[{"floor":6.0,"key":"Dead Branch"},{"floor":8.0,"key":"Champion Belt"},{"floor":9.0,"key":"Matryoshka"},{"floor":26.0,"key":"Omamori"},{"floor":26.0,"key":"Meat on the Bone"},{"floor":31.0,"key":"Nilry\u0027s Codex"},{"floor":43.0,"key":"Bag of Marbles"},{"floor":43.0,"key":"Bottled Lightning"},{"floor":48.0,"key":"Oddly Smooth Stone"}],"event_choices":[{"damage_healed":0.0,"max_hp_gain":0.0,"max_hp_loss":0.0,"gold_gain":0.0,"event_name":"Scrap Ooze","player_choice":"Success","floor":2.0,"gold_loss":0.0,"damage_taken":12.0,"relics_obtained":["Ancient Tea Set"]},{"cards_removed":["Defend_R"],"damage_healed":0.0,"max_hp_gain":0.0,"max_hp_loss":0.0,"gold_gain":0.0,"event_name":"Living Wall","player_choice":"Forget","floor":3.0,"gold_loss":0.0,"damage_taken":0.0},{"cards_removed":["Defend_R"],"damage_healed":0.0,"max_hp_gain":0.0,"max_hp_loss":0.0,"gold_gain":0.0,"event_name":"Purifier","player_choice":"Purged","floor":11.0,"gold_loss":0.0,"damage_taken":0.0},{"damage_healed":0.0,"max_hp_gain":0.0,"max_hp_loss":0.0,"gold_gain":0.0,"event_name":"Drug Dealer","player_choice":"Inject Mutagens","floor":25.0,"gold_loss":0.0,"damage_taken":0.0,"relics_obtained":["MutagenicStrength"]},{"damage_healed":0.0,"max_hp_gain":0.0,"max_hp_loss":0.0,"gold_gain":0.0,"event_name":"Cursed Tome","player_choice":"Obtained Book","floor":31.0,"gold_loss":0.0,"damage_taken":16.0},{"damage_healed":0.0,"max_hp_gain":0.0,"max_hp_loss":0.0,"gold_gain":0.0,"event_name":"WeMeetAgain","player_choice":"Paid Gold","floor":36.0,"gold_loss":92.0,"damage_taken":0.0,"relics_obtained":["Dream Catcher"]},{"damage_healed":0.0,"max_hp_gain":0.0,"max_hp_loss":0.0,"gold_gain":0.0,"event_name":"Lab","player_choice":"Got Potions","floor":44.0,"gold_loss":0.0,"damage_taken":0.0}],"is_beta":false,"boss_relics":[{"not_picked":["Astrolabe","Cursed Key"],"picked":"Orrery"},{"not_picked":["Lizard Tail","White Beast Statue"],"picked":"Sozu"}],"items_purged_floors":[5,19],"is_endless":false,"potions_floor_spawned":[6,7,12,16,22,24,27,35,38,39,46],"ascension_level":0}