{"gold_per_floor":[219,234,234,184,109,109,109,109,156,156,170,170,190,190,190,190],"floor_reached":16,"playtime":356,"items_purged":["Defend_G"],"score":88,"play_id":"57fb54cb-ac91-40de-8607-d58d48f84f55","local_time":"20190610174931","is_ascension_mode":false,"campfire_choices":[{"data":"Neutralize","floor":6,"key":"SMITH"},{"data":"Deflect","floor":10,"key":"SMITH"},{"data":"Backflip","floor":12,"key":"SMITH"},{"data":"Blur","floor":15,"key":"SMITH"}],"neow_cost":"NONE","seed_source_timestamp":2205139015160125,"circlet_count":0,"master_deck":["Defend_G","Defend_G","Defend_G","Strike_G","Strike_G","Strike_G","Strike_G","Survivor","Neutralize+1","Backflip+1","Deflect+1","Blur+1"],"relics":["Ring of the Snake","Golden Idol","Sundial"],"potions_floor_usage":[16],"damage_taken":[{"damage":2,"enemies":"Cultist","floor":1,"turns":5},{"damage":0,"enemies":"2 Louse","floor":2,"turns":3},{"damage":0,"enemies":"Small Slimes","floor":11,"turns":4},{"damage":0,"enemies":"Looter","floor":13,"turns":3},{"damage":12,"enemies":"Hexaghost","floor":16,"turns":10}],"seed_played":"8280188471026813555","potions_obtained":[{"floor":2,"key":"Weak Potion"},{"floor":11,"key":"Fruit Juice"}],"is_trial":false,"path_per_floor":["M","M","?","?","$","R","?","T","T","R","M","R","M","?","R","B"],"character_chosen":"THE_SILENT","items_purchased":[],"campfire_rested":0,"item_purchase_floors":[],"current_hp_per_floor":[68,68,65,65,65,65,58,58,58,58,58,58,58,58,58,51],"gold":190,"neow_bonus":"HUNDRED_GOLD","is_prod":false,"is_daily":false,"chose_seed":false,"campfire_upgraded":4,"win_rate":0,"timestamp":1560181771,"path_taken":["M","?","?","?","$","R","?","?","T","R","M","R","M","?","R","BOSS"],"build_version":"2019-01-23","purchased_purges":1,"victory":false,"max_hp_per_floor":[70,70,65,65,65,65,65,65,65,65,65,65,65,65,65,70],"card_choices":[{"not_picked":["Dodge and Roll","Cloak And Dagger"],"picked":"Backflip","floor":1},{"not_picked":["Outmaneuver","Reflex"],"picked":"Deflect","floor":2},{"not_picked":["Sucker Punch","Tactician","Infinite Blades"],"picked":"SKIP","floor":11},{"not_picked":["All Out Attack","Deflect"],"picked":"Blur","floor":13}],"player_experience":258798,"relics_obtained":[{"floor":8,"key":"Sundial"}],"event_choices":[{"damage_healed":0,"gold_gain":0,"player_choice":"Lose Max HP","damage_taken":0,"relics_obtained":["Golden Idol"],"max_hp_gain":0,"max_hp_loss":5,"event_name":"Golden Idol","floor":3,"gold_loss":0},{"cards_removed":["Strike_G"],"damage_healed":0,"gold_gain":0,"player_choice":"Card Removal","damage_taken":0,"max_hp_gain":0,"max_hp_loss":0,"event_name":"The Cleric","floor":4,"gold_loss":50},{"cards_removed":["Defend_G"],"damage_healed":0,"gold_gain":0,"player_choice":"Card Removal","damage_taken":7,"max_hp_gain":0,"max_hp_loss":0,"event_name":"Golden Wing","floor":7,"gold_loss":0},{"damage_healed":0,"gold_gain":0,"player_choice":"Ignored","damage_taken":0,"max_hp_gain":0,"max_hp_loss":0,"event_name":"NoteForYourself","floor":14,"gold_loss":0}],"is_beta":false,"boss_relics":[],"items_purged_floors":[5],"is_endless":false,"potions_floor_spawned":[2,11],"killed_by":"Hexaghost","ascension_level":0}