{"gold_per_floor":[118,118,135,135,146,146,111,130,130,164,194,207,224,234,234,330,330,342,342,362,362,382,382,400,400,450,477,328,328,328,347,347,347],"floor_reached":33,"playtime":1619,"items_purged":[],"score":311,"play_id":"8d200a77-2e84-492c-9477-3fb5f24458c2","local_time":"20190317083554","is_ascension_mode":true,"campfire_choices":[{"data":"Zap","floor":6,"key":"SMITH"},{"data":"Double Energy","floor":15,"key":"SMITH"},{"floor":23,"key":"REST"},{"floor":25,"key":"REST"},{"floor":32,"key":"REST"}],"neow_cost":"NONE","seed_source_timestamp":370721364146341,"circlet_count":0,"master_deck":["Strike_B+1","Strike_B+1","Strike_B+1","Strike_B+1","Defend_B+1","Defend_B+1","Defend_B+1","Defend_B+1","Zap+1","Dualcast","Conserve Battery","Double Energy+1","Compile Driver","Cold Snap","Thunder Strike","Go for the Eyes","Coolheaded","Glacier","Buffer","Barrage","RitualDagger","Defragment","Stack+1","Rebound+1","Writhe","Rebound","Storm"],"relics":["Cracked Core","Pantograph","Sundial","Inserter","Dream Catcher","Red Mask","Juzu Bracelet","Pear"],"potions_floor_usage":[13,16,16,22,27,27,31],"damage_taken":[{"damage":11,"enemies":"Small Slimes","floor":1,"turns":4},{"damage":0,"enemies":"2 Louse","floor":3,"turns":1},{"damage":0,"enemies":"Jaw Worm","floor":5,"turns":4},{"damage":1,"enemies":"Looter","floor":8,"turns":3},{"damage":14,"enemies":"3 Sentries","floor":10,"turns":8},{"damage":8,"enemies":"2 Fungi Beasts","floor":12,"turns":3},{"damage":6,"enemies":"Blue Slaver","floor":13,"turns":5},{"damage":0,"enemies":"Large Slime","floor":14,"turns":4},{"damage":37,"enemies":"The Guardian","floor":16,"turns":12},{"damage":3,"enemies":"Shell Parasite","floor":18,"turns":10},{"damage":31,"enemies":"Chosen","floor":20,"turns":8},{"damage":37,"enemies":"Sentry and Sphere","floor":22,"turns":8},{"damage":14,"enemies":"Chosen and Byrds","floor":24,"turns":6},{"damage":43,"enemies":"Masked Bandits","floor":27,"turns":8},{"damage":23,"enemies":"Cultist and Chosen","floor":31,"turns":8},{"damage":75,"enemies":"Collector","floor":33,"turns":6}],"seed_played":"-5741252923663116696","potions_obtained":[{"floor":5,"key":"Regen Potion"},{"floor":12,"key":"Strength Potion"},{"floor":13,"key":"SkillPotion"},{"floor":16,"key":"EssenceOfSteel"},{"floor":20,"key":"SpeedPotion"},{"floor":22,"key":"SkillPotion"},{"floor":27,"key":"Energy Potion"}],"is_trial":false,"path_per_floor":["M","?","M","?","M","R","?","M","T","E","?","M","M","M","R","B",null,"M","?","M","?","M","R","M","R","T","?","$","?","?","M","R","B"],"character_chosen":"DEFECT","items_purchased":["Juzu Bracelet"],"campfire_rested":3,"item_purchase_floors":[28],"current_hp_per_floor":[71,71,71,76,76,76,87,86,86,72,72,64,70,70,70,50,87,84,84,53,47,10,36,22,48,48,5,5,34,44,21,50,0],"gold":347,"neow_bonus":"TEN_PERCENT_HP_BONUS","is_prod":false,"is_daily":false,"chose_seed":false,"campfire_upgraded":2,"win_rate":0,"timestamp":1552836954,"path_taken":["M","?","M","?","M","R","?","M","T","E","?","M","M","M","R","BOSS","M","?","M","?","M","R","M","R","T","?","$","?","?","M","R","BOSS"],"build_version":"2019-01-23","purchased_purges":0,"victory":false,"max_hp_per_floor":[82,82,82,87,87,87,87,87,87,87,87,87,87,87,87,87,87,87,87,87,87,87,87,87,87,87,87,87,87,97,97,97,97],"card_choices":[{"not_picked":["Compile Driver","Beam Cell"],"picked":"Conserve Battery","floor":1},{"not_picked":["Static Discharge","Leap"],"picked":"Double Energy","floor":3},{"not_picked":["Hologram","FTL"],"picked":"Compile Driver","floor":5},{"not_picked":["Streamline","Compile Driver"],"picked":"Cold Snap","floor":8},{"not_picked":["Self Repair","Blizzard"],"picked":"Thunder Strike","floor":10},{"not_picked":["Gash","Rebound"],"picked":"Go for the Eyes","floor":12},{"not_picked":["Scrape","Leap"],"picked":"Coolheaded","floor":13},{"not_picked":["Turbo","Cold Snap"],"picked":"Glacier","floor":14},{"not_picked":["Multi-Cast","Amplify"],"picked":"Buffer","floor":16},{"not_picked":["Go for the Eyes","Beam Cell+1"],"picked":"Barrage","floor":18},{"not_picked":["Heatsinks","Streamline","Sweeping Beam"],"picked":"SKIP","floor":20},{"not_picked":["Gash","Aggregate"],"picked":"Defragment","floor":22},{"not_picked":["Scrape+1","Coolheaded+1"],"picked":"Stack+1","floor":24},{"not_picked":["Compile Driver","Stack"],"picked":"Rebound+1","floor":27},{"not_picked":["Sweeping Beam","Turbo"],"picked":"Rebound","floor":31},{"not_picked":["Hello World+1","Go for the Eyes"],"picked":"Storm","floor":32}],"player_experience":616030,"relics_obtained":[{"floor":9,"key":"Pantograph"},{"floor":10,"key":"Sundial"},{"floor":26,"key":"Dream Catcher"},{"floor":27,"key":"Red Mask"}],"event_choices":[{"damage_healed":0,"gold_gain":0,"player_choice":"Ignored","damage_taken":0,"max_hp_gain":0,"max_hp_loss":0,"event_name":"Golden Wing","floor":2,"gold_loss":0},{"damage_healed":0,"gold_gain":0,"player_choice":"Donut","damage_taken":0,"max_hp_gain":5,"max_hp_loss":0,"event_name":"Big Fish","floor":4,"gold_loss":0},{"damage_healed":21,"gold_gain":0,"player_choice":"Healed","damage_taken":0,"max_hp_gain":0,"max_hp_loss":0,"event_name":"The Cleric","floor":7,"gold_loss":35},{"damage_healed":0,"gold_gain":30,"player_choice":"Searched \u00272\u0027 times","damage_taken":0,"max_hp_gain":0,"max_hp_loss":0,"event_name":"Dead Adventurer","floor":11,"gold_loss":0},{"damage_healed":0,"gold_gain":0,"player_choice":"Simplicity","damage_taken":0,"max_hp_gain":0,"max_hp_loss":0,"event_name":"Back to Basics","floor":19,"gold_loss":0,"cards_upgraded":["Strike_B","Strike_B","Strike_B","Strike_B","Defend_B","Defend_B","Defend_B","Defend_B"]},{"damage_healed":0,"gold_gain":0,"player_choice":"Joined the Cult","damage_taken":6,"max_hp_gain":0,"max_hp_loss":0,"event_name":"Nest","floor":21,"gold_loss":0,"cards_obtained":["RitualDagger"]},{"damage_healed":0,"gold_gain":0,"player_choice":"Fought Bandits","damage_taken":0,"max_hp_gain":0,"max_hp_loss":0,"event_name":"Masked Bandits","floor":27,"gold_loss":0},{"damage_healed":29,"gold_gain":0,"player_choice":"Heal","damage_taken":0,"max_hp_gain":0,"max_hp_loss":0,"event_name":"The Library","floor":29,"gold_loss":0},{"damage_healed":0,"gold_gain":0,"player_choice":"Opened","damage_taken":0,"relics_obtained":["Pear"],"max_hp_gain":0,"max_hp_loss":0,"event_name":"The Mausoleum","floor":30,"gold_loss":0,"cards_obtained":["Writhe"]}],"is_beta":false,"boss_relics":[{"not_picked":["Empty Cage","Velvet Choker"],"picked":"Inserter"}],"items_purged_floors":[],"is_endless":false,"potions_floor_spawned":[5,12,13,16,20,22,27],"killed_by":"Collector","ascension_level":3}