{"gold_per_floor":[116,29,29,29,40,40,59,91,169,169,94,94,59,75,75,180,180,200,1,1,18,36,36,69,69,117,117,174,174,208,138,138,138],"floor_reached":33,"playtime":2209,"items_purged":["Defend_G"],"score":463,"play_id":"fd340ddf-d04d-4360-8191-2b061af193bc","local_time":"20190617182110","is_ascension_mode":true,"campfire_choices":[{"data":"Noxious Fumes","floor":6.0,"key":"SMITH"},{"data":"Noxious Fumes","floor":10.0,"key":"SMITH"},{"data":"Flash of Steel","floor":12.0,"key":"SMITH"},{"data":"Backflip","floor":15.0,"key":"SMITH"},{"floor":23,"key":"REST"},{"floor":25,"key":"REST"},{"floor":29,"key":"REST"},{"data":"Footwork","floor":32,"key":"SMITH"}],"neow_cost":"NONE","seed_source_timestamp":9424089485844,"circlet_count":0,"master_deck":["AscendersBane","Defend_G","Defend_G","Defend_G","Defend_G","Strike_G","Strike_G","Strike_G","Strike_G","Survivor","Neutralize+1","Noxious Fumes+1","Flash of Steel+1","Slice","Backflip+1","Noxious Fumes+1","Deflect","Malaise","Escape Plan","Poisoned Stab","Backflip","Tools of the Trade","Slice","Predator+1","Footwork+1"],"special_seed":0,"relics":["Ring of the Snake","Blood Vial","Question Card","Cursed Key","Oddly Smooth Stone","Ninja Scroll","Bag of Marbles","Tiny Chest","Omamori"],"potions_floor_usage":[28],"damage_taken":[{"damage":0.0,"enemies":"Jaw Worm","floor":1.0,"turns":4.0},{"damage":0.0,"enemies":"2 Louse","floor":5.0,"turns":3.0},{"damage":0.0,"enemies":"Cultist","floor":7.0,"turns":4.0},{"damage":11.0,"enemies":"3 Sentries","floor":8.0,"turns":8.0},{"damage":0.0,"enemies":"Looter","floor":14.0,"turns":4.0},{"damage":48.0,"enemies":"Slime Boss","floor":16.0,"turns":9.0},{"damage":8.0,"enemies":"Shell Parasite","floor":18.0,"turns":7.0},{"damage":11.0,"enemies":"Colosseum Slavers","floor":20.0,"turns":4.0},{"damage":0.0,"enemies":"Chosen","floor":21.0,"turns":6.0},{"damage":10.0,"enemies":"Snecko","floor":22.0,"turns":7.0},{"damage":30,"enemies":"Gremlin Leader","floor":24,"turns":8},{"damage":23,"enemies":"Slavers","floor":28,"turns":6},{"damage":18,"enemies":"Book of Stabbing","floor":30,"turns":6},{"damage":54,"enemies":"Champ","floor":33,"turns":13}],"seed_played":"2292827111580904254","potions_obtained":[{"floor":5.0,"key":"Swift Potion"},{"floor":8.0,"key":"Regen Potion"},{"floor":16.0,"key":"Weak Potion"},{"floor":18.0,"key":"Explosive Potion"},{"floor":21.0,"key":"Regen Potion"},{"floor":30,"key":"FearPotion"}],"is_trial":false,"path_per_floor":["M","$","?","?","M","R","M","E","T","R","$","R","?","M","R","B",null,"M","$","?","M","M","R","E","R","T","?","E","R","E","$","R","B"],"character_chosen":"THE_SILENT","items_purchased":["Flash of Steel","Oddly Smooth Stone","Poisoned Stab","Footwork"],"campfire_rested":3,"item_purchase_floors":[2,19,19,31],"current_hp_per_floor":[63,63,63,63,63,63,63,52,52,52,52,52,69,70,70,36,62,56,56,47,49,41,62,34,55,55,55,49,70,52,52,52,0],"gold":138,"neow_bonus":"UPGRADE_CARD","is_prod":false,"is_daily":false,"chose_seed":false,"campfire_upgraded":5,"win_rate":0,"timestamp":1560806470,"path_taken":["M","$","?","?","?","R","M","E","T","R","$","R","?","M","R","BOSS","M","$","?","M","M","R","E","R","T","?","E","R","E","$","R","BOSS"],"build_version":"2019-01-23","purchased_purges":1,"victory":false,"max_hp_per_floor":[70,70,70,70,70,70,70,70,70,70,70,70,70,70,70,70,70,70,70,70,70,70,70,70,70,70,70,70,70,70,70,70,70],"card_choices":[{"not_picked":["Dodge and Roll","Blade Dance"],"picked":"Noxious Fumes","floor":1.0},{"not_picked":["Quick Slash","Dagger Spray"],"picked":"Slice","floor":5.0},{"not_picked":["Flying Knee","Accuracy"],"picked":"Backflip","floor":7.0},{"not_picked":["Sucker Punch","Leg Sweep"],"picked":"Noxious Fumes","floor":8.0},{"not_picked":["Quick Slash","Cloak And Dagger","Dodge and Roll"],"picked":"Deflect","floor":14.0},{"not_picked":["Wraith Form v2","Die Die Die","Storm of Steel"],"picked":"Malaise","floor":16.0},{"not_picked":["Dagger Throw","Acrobatics+1","Prepared"],"picked":"Escape Plan","floor":18.0},{"not_picked":["Slice","Flechettes","Flying Knee"],"picked":"Backflip","floor":21.0},{"not_picked":["Deadly Poison","Flechettes+1","Prepared"],"picked":"Tools of the Trade","floor":22.0},{"not_picked":["Venomology","Deadly Poison","Cloak And Dagger"],"picked":"Slice","floor":24},{"not_picked":["Backflip","Acrobatics+1","Slice+1"],"picked":"Predator+1","floor":28},{"not_picked":["Leg Sweep","Concentrate","Dagger Throw+1","Quick Slash"],"picked":"SKIP","floor":30}],"player_experience":1077701,"relics_obtained":[{"floor":8.0,"key":"Blood Vial"},{"floor":9.0,"key":"Question Card"},{"floor":24,"key":"Ninja Scroll"},{"floor":26,"key":"Bag of Marbles"},{"floor":28,"key":"Tiny Chest"},{"floor":30,"key":"Omamori"}],"event_choices":[{"damage_healed":0.0,"max_hp_gain":0.0,"max_hp_loss":0.0,"gold_gain":0.0,"event_name":"Liars Game","player_choice":"Ignored","floor":3.0,"gold_loss":0.0,"damage_taken":0.0},{"cards_removed":["Strike_G"],"damage_healed":0.0,"max_hp_gain":0.0,"max_hp_loss":0.0,"gold_gain":0.0,"event_name":"Bonfire Elementals","player_choice":"Offered Basic","floor":4.0,"gold_loss":0.0,"damage_taken":0.0},{"damage_healed":17.0,"max_hp_gain":0.0,"max_hp_loss":0.0,"gold_gain":0.0,"event_name":"The Cleric","player_choice":"Healed","floor":13.0,"gold_loss":35.0,"damage_taken":0.0},{"damage_healed":0.0,"max_hp_gain":0.0,"max_hp_loss":0.0,"gold_gain":0.0,"event_name":"Colosseum","player_choice":"Fight","floor":20.0,"gold_loss":0.0,"damage_taken":0.0},{"damage_healed":0.0,"max_hp_gain":0.0,"max_hp_loss":0.0,"gold_gain":0.0,"event_name":"Colosseum","player_choice":"Fled From Nobs","floor":20.0,"gold_loss":0.0,"damage_taken":0.0},{"cards_removed":["Clumsy"],"damage_healed":0,"gold_gain":0,"player_choice":"Elegance","damage_taken":0,"max_hp_gain":0,"max_hp_loss":0,"event_name":"Back to Basics","floor":27,"gold_loss":0}],"is_beta":false,"boss_relics":[{"not_picked":["Lizard Tail","White Beast Statue"],"picked":"Cursed Key"}],"items_purged_floors":[11],"is_endless":false,"potions_floor_spawned":[5,8,16,18,21,30],"killed_by":"Champ","ascension_level":11}