{"path_per_floor":["M","M","$","?","?","R","?","?","T","$","R","M","E","?","R","B",null,"M","$","M","?","M","R","M","R","T","R","?","$","R","M","R","B",null,"M","$","?","M","?","R","?","R","T","R","M","R","M","E","R"],"character_chosen":"THE_SILENT","items_purchased":["Infinite Blades","Terror","Blind","Footwork","Energy Potion"],"gold_per_floor":[110,130,55,130,130,130,130,130,130,16,16,35,63,128,128,225,225,193,18,28,28,47,47,59,59,59,59,59,8,8,20,20,117,117,133,33,33,49,149,149,0,0,0,0,20,20,39,67,67],"floor_reached":50,"campfire_rested":4,"playtime":16025,"current_hp_per_floor":[68,66,66,55,55,55,41,41,41,41,41,41,23,23,44,31,70,68,68,61,61,38,38,37,37,37,37,37,37,37,37,58,18,70,55,55,55,33,33,33,33,33,33,33,17,38,25,8,29],"items_purged":["Strike_G","Night Terror"],"gold":67,"play_id":"eb25ebdc-7a25-44d6-993a-3a319904fed3","is_prod":false,"is_daily":false,"is_ascension_mode":false,"campfire_upgraded":9,"path_taken":["M","M","$","?","?","R","?","?","T","$","R","?","E","?","R","BOSS","M","$","M","?","M","R","M","R","T","R","?","?","R","M","R","BOSS","M","$","?","?","?","R","?","R","T","R","M","R","M","E","R","BOSS"],"build_version":"2018-01-25-PROD3","purchased_purges":3,"victory":false,"master_deck":["Defend_G","Defend_G+1","Defend_G","Defend_G","Strike_G","Strike_G","Survivor+1","Neutralize+1","Choke+1","Sucker Punch","Backflip+1","Infinite Blades+1","Terror+1","All Out Attack","Distraction+1","Doppelganger","Deflect","Blind+1","Footwork+1","PiercingWail+1","Flying Knee+1","Footwork+1","Heel Hook","Acrobatics","Blade Dance+1","Heel Hook","Outmaneuver+1"],"max_hp_per_floor":[70,70,70,70,70,70,70,70,70,70,70,70,70,70,70,70,70,70,70,70,70,70,70,70,70,70,70,70,70,70,70,70,70,70,70,70,70,70,70,70,70,70,70,70,70,70,70,70,70],"relics":["Ring of the Snake","Ice Cream","Thread and Needle","Question Card","Tingsha","Red Mask","Calipers","Lantern"],"card_choices":[{"not_picked":["Dagger Spray","Outmaneuver"],"picked":"Sucker Punch"},{"not_picked":["All Out Attack","Poisoned Stab"],"picked":"Backflip"},{"not_picked":["Predator","Envenom"],"picked":"All Out Attack"},{"not_picked":["Poisoned Stab","Bane"],"picked":"Distraction"},{"not_picked":["After Image","Venomology"],"picked":"Doppelganger"},{"not_picked":["PiercingWail","Catalyst","Dagger Spray"],"picked":"Deflect"},{"not_picked":["Dagger Throw","Masterful Stab","Deflect"],"picked":"PiercingWail"},{"not_picked":["Outmaneuver","Acrobatics","Quick Slash"],"picked":"Footwork"},{"not_picked":["Slice","Envenom","Outmaneuver"],"picked":"Heel Hook"},{"not_picked":["Dodge and Roll","Endless Agony","Slice"],"picked":"Acrobatics"},{"not_picked":["Glass Knife","Die Die Die","Corpse Explosion"],"picked":"Night Terror"},{"not_picked":["Dodge and Roll","Prepared","Choke"],"picked":"Blade Dance"},{"not_picked":["Backflip","Acrobatics","Malaise"],"picked":"Heel Hook"},{"not_picked":["Dagger Spray","Blur","Eviscerate"],"picked":"Outmaneuver"}],"player_experience":138696,"potions_floor_usage":[47,50],"damage_taken":[{"damage":2.0,"enemies":"Cultist","floor":1.0,"turns":4.0},{"damage":2.0,"enemies":"Jaw Worm","floor":2.0,"turns":4.0},{"damage":0.0,"enemies":"2 Louse","floor":12.0,"turns":3.0},{"damage":18.0,"enemies":"Lagavulin","floor":13.0,"turns":5.0},{"damage":13.0,"enemies":"Hexaghost","floor":16.0,"turns":13.0},{"damage":2.0,"enemies":"2 Thieves","floor":18.0,"turns":5.0},{"damage":7.0,"enemies":"Chosen","floor":20.0,"turns":4.0},{"damage":23.0,"enemies":"Sentry and Sphere","floor":22.0,"turns":7.0},{"damage":1.0,"enemies":"Snake Plant","floor":24.0,"turns":6.0},{"damage":0.0,"enemies":"3 Cultists","floor":31.0,"turns":6.0},{"damage":40.0,"enemies":"Automaton","floor":33.0,"turns":13.0},{"damage":15.0,"enemies":"3 Darklings","floor":35.0,"turns":9.0},{"damage":22.0,"enemies":"3 Shapes","floor":38.0,"turns":8.0},{"damage":16.0,"enemies":"Sphere and 2 Shapes","floor":45.0,"turns":6.0},{"damage":25,"enemies":"3 Darklings","floor":47,"turns":6},{"damage":17,"enemies":"Giant Head","floor":48,"turns":9},{"damage":29,"enemies":"Awakened One","floor":50,"turns":4}],"event_choices":[{"event_name":"World of Goop","player_choice":"Gather Gold","floor":4.0,"damage_taken":0.0},{"event_name":"Purifier","player_choice":"One Purge","floor":5.0,"damage_taken":0.0},{"event_name":"Shining Light","player_choice":"Entered Light","floor":7.0,"damage_taken":0.0},{"event_name":"Bonfire Elementals","player_choice":"BASIC","floor":8.0,"damage_taken":0.0},{"event_name":"Golden Wing","player_choice":"Gained Gold","floor":14.0,"damage_taken":0.0},{"event_name":"The Library","player_choice":"Read","floor":21.0,"damage_taken":0.0},{"event_name":"Addict","player_choice":"Ignored","floor":28.0,"damage_taken":0.0},{"event_name":"Mysterious Sphere","player_choice":"Ignore","floor":37.0,"damage_taken":0.0},{"event_name":"Golden Shrine","player_choice":"Pray","floor":39.0,"damage_taken":0.0},{"event_name":"Tomb of Lord Red Mask","player_choice":"Paid","floor":41.0,"damage_taken":0.0}],"boss_relics":[],"potions_floor_spawned":[12,16,18,20,24,38,45,48],"seed_played":"6506547413994078410","killed_by":"Awakened One","ascension_level":0,"is_trial":false}