{"gold_per_floor":[116,191,191,191,205,240,240,266,278,309,351,363,392,404],"floor_reached":14,"playtime":568,"items_purged":[],"score":173,"play_id":"1cc5d754-9adb-4048-8da0-7149d4f588a8","local_time":"20190317174130","is_ascension_mode":true,"campfire_choices":[{"data":"Anger","floor":7,"key":"SMITH"},{"data":"Demon Form","floor":12,"key":"SMITH"}],"neow_cost":"NONE","seed_source_timestamp":404508229436719,"circlet_count":0,"master_deck":["Strike_R","Strike_R","Strike_R","Strike_R","Strike_R","Defend_R","Defend_R","Defend_R","Defend_R","Bash+1","Metallicize","Anger+1","Sword Boomerang","Pommel Strike","Demon Form+1","Feel No Pain","Shrug It Off"],"relics":["Burning Blood","NeowsBlessing","Ginger","MawBank","Matryoshka","Turnip"],"potions_floor_usage":[13],"damage_taken":[{"damage":0,"enemies":"2 Louse","floor":1,"turns":1},{"damage":0,"enemies":"Jaw Worm","floor":5,"turns":1},{"damage":0,"enemies":"Gremlin Nob","floor":6,"turns":1},{"damage":39,"enemies":"3 Sentries","floor":8,"turns":9},{"damage":4,"enemies":"Small Slimes","floor":10,"turns":3},{"damage":16,"enemies":"Gremlin Nob","floor":11,"turns":3},{"damage":48,"enemies":"Gremlin Gang","floor":13,"turns":6},{"damage":18,"enemies":"Large Slime","floor":14,"turns":4}],"seed_played":"4163190385623003874","potions_obtained":[{"floor":6,"key":"FearPotion"},{"floor":10,"key":"Regen Potion"},{"floor":11,"key":"SteroidPotion"}],"is_trial":false,"path_per_floor":["M","?","?","?","M","E","R","E","T","M","E","R","M","M"],"character_chosen":"IRONCLAD","items_purchased":[],"campfire_rested":0,"item_purchase_floors":[],"current_hp_per_floor":[78,67,72,72,78,84,84,51,51,53,43,43,16,0],"gold":404,"neow_bonus":"THREE_ENEMY_KILL","is_prod":false,"is_daily":false,"chose_seed":false,"campfire_upgraded":2,"win_rate":0,"timestamp":1552869690,"path_taken":["M","?","?","?","?","E","R","E","T","M","E","R","M","M"],"build_version":"2019-01-23","purchased_purges":0,"victory":false,"max_hp_per_floor":[80,80,85,85,85,85,85,85,85,85,85,85,85,85],"card_choices":[{"not_picked":["Twin Strike","Corruption"],"picked":"Metallicize","floor":1},{"not_picked":["Seeing Red","Perfected Strike"],"picked":"Anger","floor":5},{"not_picked":["Headbutt","Heavy Blade"],"picked":"Sword Boomerang","floor":6},{"not_picked":["Perfected Strike","True Grit"],"picked":"Pommel Strike","floor":8},{"not_picked":["Twin Strike","Headbutt"],"picked":"Demon Form","floor":10},{"not_picked":["Evolve","Hemokinesis"],"picked":"Feel No Pain","floor":11},{"not_picked":["Havoc","Perfected Strike"],"picked":"Shrug It Off","floor":13}],"player_experience":619133,"relics_obtained":[{"floor":6,"key":"Ginger"},{"floor":8,"key":"MawBank"},{"floor":9,"key":"Matryoshka"},{"floor":11,"key":"Turnip"}],"event_choices":[{"damage_healed":0,"gold_gain":75,"player_choice":"Gather Gold","damage_taken":11,"max_hp_gain":0,"max_hp_loss":0,"event_name":"World of Goop","floor":2,"gold_loss":0},{"damage_healed":0,"gold_gain":0,"player_choice":"Donut","damage_taken":0,"max_hp_gain":5,"max_hp_loss":0,"event_name":"Big Fish","floor":3,"gold_loss":0},{"damage_healed":0,"gold_gain":0,"player_choice":"Upgraded","damage_taken":0,"max_hp_gain":0,"max_hp_loss":0,"event_name":"Upgrade Shrine","floor":4,"gold_loss":0,"cards_upgraded":["Bash"]}],"is_beta":false,"boss_relics":[],"items_purged_floors":[],"is_endless":false,"potions_floor_spawned":[6,10,11],"killed_by":"Large Slime","ascension_level":6}