{"gold_per_floor":[111,128,147,97,107,133,145,157,196,208,245,275,287,315,327,434,446,475,506,530,553,580,592,614,636,648,686,698,728,740,772,784,900,912,943,955,739,753,771,771,220,238,238,313,329,344,361,394,394,394],"floor_reached":51,"playtime":5948,"items_purged":["Strike_G","Strike_G"],"score":895,"play_id":"ef4c2df0-3135-4b73-a276-e735d9dd3a5d","local_time":"20190417000534","is_ascension_mode":true,"campfire_choices":[{"data":"Crippling Poison","floor":7.0,"key":"SMITH"},{"data":"Footwork","floor":10.0,"key":"SMITH"},{"floor":15.0,"key":"REST"},{"data":"After Image","floor":23.0,"key":"SMITH"},{"floor":30.0,"key":"REST"},{"data":"Caltrops","floor":32.0,"key":"SMITH"},{"data":"Dodge and Roll","floor":40,"key":"SMITH"},{"data":"Deadly Poison","floor":49,"key":"SMITH"}],"neow_cost":"NONE","seed_source_timestamp":0,"circlet_count":0,"master_deck":["Defend_G","Defend_G","Defend_G","Defend_G","Defend_G","Strike_G","Survivor","Neutralize+1","Crippling Poison+1","Deadly Poison+1","Slice","Backflip","Footwork+1","Poisoned Stab","Quick Slash","Caltrops+1","After Image+1","Prepared+1","PiercingWail","Dodge and Roll+1","Blur+1","Quick Slash+1","Noxious Fumes+1","Venomology","Dash+1","Terror+1","Sucker Punch+1","Backstab+1","Deadly Poison+1"],"special_seed":0,"relics":["Ring of the Snake","MawBank","Pen Nib","Potion Belt","Runic Pyramid","Mercury Hourglass","Omamori","Philosopher\u0027s Stone","Centennial Puzzle","Toy Ornithopter","Paper Crane","Pear","Vajra"],"potions_floor_usage":[42,45,45,46,47,48,50,50,50,50,50],"damage_taken":[{"damage":0.0,"enemies":"2 Louse","floor":1.0,"turns":3.0},{"damage":0.0,"enemies":"Small Slimes","floor":2.0,"turns":4.0},{"damage":0.0,"enemies":"Cultist","floor":3.0,"turns":4.0},{"damage":0.0,"enemies":"Looter","floor":5.0,"turns":4.0},{"damage":7.0,"enemies":"Gremlin Nob","floor":6.0,"turns":5.0},{"damage":26.0,"enemies":"3 Sentries","floor":11.0,"turns":13.0},{"damage":0.0,"enemies":"Red Slaver","floor":12.0,"turns":3.0},{"damage":1.0,"enemies":"2 Fungi Beasts","floor":14.0,"turns":3.0},{"damage":6.0,"enemies":"Hexaghost","floor":16.0,"turns":9.0},{"damage":8.0,"enemies":"Shell Parasite","floor":18.0,"turns":6.0},{"damage":0.0,"enemies":"Chosen","floor":19.0,"turns":6.0},{"damage":4.0,"enemies":"Sentry and Sphere","floor":20.0,"turns":8.0},{"damage":8.0,"enemies":"Centurion and Healer","floor":21.0,"turns":11.0},{"damage":0.0,"enemies":"Cultist and Chosen","floor":22.0,"turns":9.0},{"damage":2.0,"enemies":"Snake Plant","floor":24.0,"turns":6.0},{"damage":0.0,"enemies":"Snecko","floor":25.0,"turns":8.0},{"damage":12.0,"enemies":"Gremlin Leader","floor":27.0,"turns":9.0},{"damage":0.0,"enemies":"Cultist and Chosen","floor":29.0,"turns":6.0},{"damage":3.0,"enemies":"Shelled Parasite and Fungi","floor":31.0,"turns":8.0},{"damage":6.0,"enemies":"Collector","floor":33.0,"turns":10.0},{"damage":1,"enemies":"3 Darklings","floor":35,"turns":5},{"damage":0,"enemies":"3 Shapes","floor":38,"turns":5},{"damage":8,"enemies":"Spire Growth","floor":39,"turns":6},{"damage":0,"enemies":"3 Darklings","floor":42,"turns":4},{"damage":6,"enemies":"Maw","floor":45,"turns":7},{"damage":2,"enemies":"Transient","floor":46,"turns":5},{"damage":0,"enemies":"3 Darklings","floor":47,"turns":3},{"damage":5,"enemies":"Reptomancer","floor":48,"turns":6},{"damage":10,"enemies":"Time Eater","floor":50,"turns":13}],"seed_played":"-7314369568266315312","potions_obtained":[{"floor":2.0,"key":"PowerPotion"},{"floor":5.0,"key":"SpeedPotion"},{"floor":6.0,"key":"Block Potion"},{"floor":14.0,"key":"GhostInAJar"},{"floor":16.0,"key":"Dexterity Potion"},{"floor":18.0,"key":"Fire Potion"},{"floor":19.0,"key":"SkillPotion"},{"floor":24.0,"key":"Explosive Potion"},{"floor":25.0,"key":"Strength Potion"},{"floor":29.0,"key":"EssenceOfSteel"},{"floor":39,"key":"GhostInAJar"},{"floor":45,"key":"Ancient Potion"},{"floor":48,"key":"EssenceOfSteel"}],"is_trial":false,"path_per_floor":["M","M","M","?","M","E","R","?","T","R","E","M","?","M","R","B",null,"M","M","M","M","M","R","M","M","T","E","?","M","R","M","R","B",null,"M","?","$","M","M","R","$","M","T","?","M","M","M","E","R","B",null],"character_chosen":"THE_SILENT","items_purchased":["Centennial Puzzle","Toy Ornithopter","Paper Crane"],"campfire_rested":2,"item_purchase_floors":[37,41,41],"current_hp_per_floor":[63,63,63,63,63,56,56,49,49,49,23,23,23,22,43,37,62,54,54,50,42,42,42,40,40,40,28,28,28,49,46,46,40,63,62,70,70,70,62,62,62,67,77,69,73,76,80,80,80,78],"gold":394,"neow_bonus":"UPGRADE_CARD","is_prod":false,"is_daily":false,"chose_seed":false,"campfire_upgraded":6,"win_rate":0,"timestamp":1555484734,"path_taken":["M","M","M","?","M","E","R","?","T","R","E","M","?","M","R","BOSS","M","M","?","M","M","R","M","M","T","E","?","?","R","M","R","BOSS","M","?","$","M","M","R","$","M","T","?","?","M","M","E","R","BOSS"],"build_version":"2019-01-23","purchased_purges":2,"victory":true,"max_hp_per_floor":[70,70,70,70,70,70,70,70,70,70,70,70,70,70,70,70,70,70,70,70,70,70,70,70,70,70,70,70,70,70,70,70,70,70,70,70,70,70,70,70,70,70,80,80,80,80,80,80,80,80],"card_choices":[{"not_picked":["Deflect","Prepared"],"picked":"Crippling Poison","floor":1.0},{"not_picked":["Heel Hook","Deflect"],"picked":"Deadly Poison","floor":2.0},{"not_picked":["Choke","Flying Knee"],"picked":"Slice","floor":3.0},{"not_picked":["Deflect","Prepared"],"picked":"Backflip","floor":5.0},{"not_picked":["Crippling Poison","Bouncing Flask"],"picked":"Footwork","floor":6.0},{"not_picked":["Accuracy","Deadly Poison"],"picked":"Poisoned Stab","floor":11.0},{"not_picked":["Heel Hook","Cloak And Dagger"],"picked":"Quick Slash","floor":12.0},{"not_picked":["Cloak And Dagger","Tactician"],"picked":"Caltrops","floor":14.0},{"not_picked":["Bullet Time","Doppelganger"],"picked":"After Image","floor":16.0},{"not_picked":["Tactician","Infinite Blades","Flying Knee"],"picked":"SKIP","floor":18.0},{"not_picked":["Bane","Deflect+1"],"picked":"Prepared+1","floor":19.0},{"not_picked":["Well Laid Plans","Distraction"],"picked":"PiercingWail","floor":20.0},{"not_picked":["Dagger Throw","Accuracy+1"],"picked":"Dodge and Roll","floor":21.0},{"not_picked":["Poisoned Stab+1","Dagger Spray"],"picked":"Blur+1","floor":22.0},{"not_picked":["Reflex","Prepared"],"picked":"Quick Slash+1","floor":24.0},{"not_picked":["Setup","Dodge and Roll","Doppelganger"],"picked":"SKIP","floor":25.0},{"not_picked":["Venomology","Calculated Gamble+1","Dodge and Roll"],"picked":"SKIP","floor":27.0},{"not_picked":["Quick Slash","Choke","Prepared+1"],"picked":"SKIP","floor":29.0},{"not_picked":["Infinite Blades","Flying Knee"],"picked":"Noxious Fumes+1","floor":31.0},{"not_picked":["Storm of Steel","Unload"],"picked":"Venomology","floor":33.0},{"not_picked":["Dagger Spray","Quick Slash+1","Endless Agony+1"],"picked":"SKIP","floor":35},{"not_picked":["Dodge and Roll","Terror+1"],"picked":"Dash+1","floor":38},{"not_picked":["Dagger Spray+1","Slice+1"],"picked":"Terror+1","floor":39},{"not_picked":["Setup+1","Dagger Throw"],"picked":"Sucker Punch+1","floor":42},{"not_picked":["Unload","PiercingWail"],"picked":"Backstab+1","floor":45},{"not_picked":["PiercingWail","Deadly Poison+1","Expertise"],"picked":"SKIP","floor":46},{"not_picked":["Flying Knee+1","Skewer","Distraction+1"],"picked":"SKIP","floor":47},{"not_picked":["Prepared","Blade Dance+1"],"picked":"Deadly Poison+1","floor":48}],"player_experience":712700,"relics_obtained":[{"floor":6.0,"key":"MawBank"},{"floor":9.0,"key":"Pen Nib"},{"floor":11.0,"key":"Potion Belt"},{"floor":26.0,"key":"Mercury Hourglass"},{"floor":27.0,"key":"Omamori"},{"floor":43,"key":"Pear"},{"floor":48,"key":"Vajra"}],"event_choices":[{"cards_removed":["Strike_G"],"damage_healed":0.0,"max_hp_gain":0.0,"max_hp_loss":0.0,"gold_gain":0.0,"event_name":"The Cleric","player_choice":"Card Removal","floor":4.0,"gold_loss":50.0,"damage_taken":0.0},{"cards_removed":["Strike_G"],"damage_healed":0.0,"max_hp_gain":0.0,"max_hp_loss":0.0,"gold_gain":0.0,"event_name":"Golden Wing","player_choice":"Card Removal","floor":8.0,"gold_loss":0.0,"damage_taken":7.0},{"damage_healed":0.0,"max_hp_gain":0.0,"max_hp_loss":0.0,"gold_gain":0.0,"event_name":"Match and Keep!","player_choice":"0 cards matched","floor":13.0,"gold_loss":0.0,"damage_taken":0.0,"cards_obtained":[]},{"damage_healed":0.0,"max_hp_gain":0.0,"max_hp_loss":0.0,"gold_gain":0.0,"event_name":"N\u0027loth","player_choice":"Ignored","floor":28.0,"gold_loss":0.0,"damage_taken":0.0},{"damage_healed":18,"gold_gain":0,"player_choice":"Writhe","damage_taken":0,"max_hp_gain":0,"max_hp_loss":0,"event_name":"Winding Halls","floor":36,"gold_loss":0,"cards_obtained":["Writhe"]},{"damage_healed":0,"gold_gain":75,"player_choice":"Touch","damage_taken":8,"max_hp_gain":0,"max_hp_loss":0,"event_name":"FaceTrader","floor":44,"gold_loss":0}],"is_beta":false,"boss_relics":[{"not_picked":["Calling Bell","Velvet Choker"],"picked":"Runic Pyramid"},{"not_picked":["Sozu","Pandora\u0027s Box"],"picked":"Philosopher\u0027s Stone"}],"items_purged_floors":[37,41],"is_endless":false,"potions_floor_spawned":[2,5,6,14,16,18,19,24,25,29,39,45,48],"ascension_level":6}