{"gold_per_floor":[116,41,58,74,91,91,107,119,119,119,135,135,170,184,184,184],"floor_reached":16,"playtime":313,"items_purged":["Defend_R"],"score":106,"play_id":"14ac62ed-b436-4528-8515-9528eca30e53","local_time":"20190418170051","is_ascension_mode":false,"campfire_choices":[{"data":"Flex","floor":6,"key":"SMITH"},{"floor":12,"key":"REST"},{"floor":15,"key":"REST"}],"neow_cost":"NONE","seed_source_timestamp":663407011705546,"circlet_count":0,"master_deck":["Strike_R","Strike_R","Strike_R","Strike_R","Strike_R","Defend_R","Bash","Flex+1","Flex","Whirlwind"],"relics":["Burning Blood","Dream Catcher","Thread and Needle"],"potions_floor_usage":[11,11,16],"damage_taken":[{"damage":6,"enemies":"Cultist","floor":1,"turns":3},{"damage":11,"enemies":"2 Louse","floor":3,"turns":2},{"damage":6,"enemies":"Jaw Worm","floor":4,"turns":3},{"damage":31,"enemies":"Exordium Thugs","floor":5,"turns":5},{"damage":14,"enemies":"Blue Slaver","floor":7,"turns":3},{"damage":9,"enemies":"2 Fungi Beasts","floor":8,"turns":3},{"damage":18,"enemies":"Large Slime","floor":11,"turns":4},{"damage":24,"enemies":"Gremlin Nob","floor":13,"turns":4},{"damage":9,"enemies":"Red Slaver","floor":14,"turns":2},{"damage":78,"enemies":"Hexaghost","floor":16,"turns":8}],"seed_played":"6003689080730659381","potions_obtained":[{"floor":1,"key":"Regen Potion"},{"floor":5,"key":"Energy Potion"},{"floor":7,"key":"SkillPotion"},{"floor":8,"key":"BloodPotion"},{"floor":13,"key":"Swift Potion"}],"is_trial":false,"path_per_floor":["M","$","M","M","M","R","M","M","T","?","M","R","E","M","R","B"],"character_chosen":"IRONCLAD","items_purchased":[],"campfire_rested":2,"item_purchase_floors":[],"current_hp_per_floor":[80,80,75,75,50,50,42,39,39,39,47,71,53,50,74,0],"gold":184,"neow_bonus":"REMOVE_CARD","is_prod":false,"is_daily":false,"chose_seed":false,"campfire_upgraded":1,"win_rate":0,"timestamp":1555599651,"path_taken":["M","$","M","M","M","R","M","?","T","?","M","R","E","M","R","BOSS"],"build_version":"2019-01-23","purchased_purges":1,"victory":false,"max_hp_per_floor":[80,80,80,80,80,80,80,80,80,80,80,80,80,80,80,80],"card_choices":[{"not_picked":["Rage","Headbutt","True Grit"],"picked":"SKIP","floor":1},{"not_picked":["Sever Soul","Disarm"],"picked":"Flex","floor":3},{"not_picked":["Ghostly Armor","Blood for Blood","Perfected Strike"],"picked":"SKIP","floor":4},{"not_picked":["Fire Breathing","Twin Strike","Metallicize"],"picked":"SKIP","floor":5},{"not_picked":["Cleave","Rupture","Armaments"],"picked":"SKIP","floor":7},{"not_picked":["Intimidate","Rampage"],"picked":"Flex","floor":8},{"not_picked":["Flame Barrier","Blood for Blood","Evolve"],"picked":"SKIP","floor":11},{"not_picked":["Wild Strike","Sentinel"],"picked":"Whirlwind","floor":13},{"not_picked":["Pommel Strike","Twin Strike","Entrench"],"picked":"SKIP","floor":14}],"player_experience":123344,"relics_obtained":[{"floor":9,"key":"Dream Catcher"},{"floor":13,"key":"Thread and Needle"}],"event_choices":[{"cards_removed":["Defend_R"],"damage_healed":0,"gold_gain":0,"player_choice":"Forget","damage_taken":0,"max_hp_gain":0,"max_hp_loss":0,"event_name":"Living Wall","floor":10,"gold_loss":0}],"is_beta":false,"boss_relics":[],"items_purged_floors":[2],"is_endless":false,"potions_floor_spawned":[1,5,7,8,13],"killed_by":"Hexaghost","ascension_level":0}