{"gold_per_floor":[109,38,49,59,70,70,104,119,171,96,96,107,134,153,153,250,250,261,161,179,196,13,13,13,42,42,42,53,2,2,14,14,118,118,130,144,144],"floor_reached":37,"playtime":3142,"items_purged":["Strike_R","Strike_R"],"score":609,"play_id":"30750bb7-c804-4310-9d5f-654769d1ff12","local_time":"20190429181901","is_ascension_mode":true,"campfire_choices":[{"data":"Hemokinesis","floor":6.0,"key":"SMITH"},{"floor":15.0,"key":"REST"},{"floor":23.0,"key":"REST"},{"floor":30.0,"key":"REST"},{"floor":32.0,"key":"REST"}],"neow_cost":"NONE","seed_source_timestamp":0,"circlet_count":0,"master_deck":["Strike_R","Strike_R","Defend_R","Defend_R","Defend_R","Defend_R","Bash+1","Offering","Hemokinesis+1","Inflame","Rampage","Rupture","Shockwave","Feel No Pain","Feed+1","Impervious","Second Wind+1","Shrug It Off","Immolate+1","Flame Barrier","Inflame+1","Demon Form","Bludgeon+1","Entrench+1","Flame Barrier+1","Shockwave+1"],"special_seed":0,"relics":["Burning Blood","Omamori","Happy Flower","Bottled Tornado","Runic Cube","Blood Vial","Whetstone","Nilry\u0027s Codex","Astrolabe"],"potions_floor_usage":[36,37],"damage_taken":[{"damage":5.0,"enemies":"Small Slimes","floor":1.0,"turns":3.0},{"damage":0.0,"enemies":"2 Louse","floor":3.0,"turns":2.0},{"damage":8.0,"enemies":"Jaw Worm","floor":4.0,"turns":2.0},{"damage":30.0,"enemies":"Gremlin Gang","floor":5.0,"turns":4.0},{"damage":25.0,"enemies":"3 Sentries","floor":7.0,"turns":7.0},{"damage":13.0,"enemies":"Exordium Thugs","floor":8.0,"turns":3.0},{"damage":14.0,"enemies":"Looter","floor":12.0,"turns":2.0},{"damage":23.0,"enemies":"Lagavulin","floor":13.0,"turns":4.0},{"damage":22.0,"enemies":"3 Louse","floor":14.0,"turns":4.0},{"damage":21.0,"enemies":"Hexaghost","floor":16.0,"turns":7.0},{"damage":20.0,"enemies":"Shell Parasite","floor":18.0,"turns":5.0},{"damage":19.0,"enemies":"3 Byrds","floor":20.0,"turns":6.0},{"damage":18.0,"enemies":"Snake Plant","floor":21.0,"turns":3.0},{"damage":16.0,"enemies":"Gremlin Leader","floor":25.0,"turns":8.0},{"damage":31.0,"enemies":"Cultist and Chosen","floor":28.0,"turns":6.0},{"damage":25.0,"enemies":"Sentry and Sphere","floor":31.0,"turns":8.0},{"damage":47.0,"enemies":"Champ","floor":33.0,"turns":11.0},{"damage":26,"enemies":"3 Shapes","floor":35,"turns":10},{"damage":51,"enemies":"3 Darklings","floor":36,"turns":8},{"damage":27,"enemies":"Transient","floor":37,"turns":3}],"seed_played":"7965581456731715385","potions_obtained":[{"floor":1.0,"key":"PowerPotion"},{"floor":4.0,"key":"Poison Potion"},{"floor":5.0,"key":"Weak Potion"},{"floor":7.0,"key":"SkillPotion"},{"floor":14.0,"key":"Swift Potion"},{"floor":20.0,"key":"Energy Potion"},{"floor":21.0,"key":"Fruit Juice"},{"floor":25.0,"key":"Weak Potion"},{"floor":33.0,"key":"EssenceOfSteel"},{"floor":35,"key":"SkillPotion"},{"floor":36,"key":"AttackPotion"}],"is_trial":false,"path_per_floor":["M","$","M","M","M","R","E","M","T","$","?","M","E","M","R","B",null,"M","$","M","M","$","R","?","E","T","?","M","$","R","M","R","B",null,"M","M","M"],"character_chosen":"IRONCLAD","items_purchased":["Offering","Shrug It Off","Immolate","SkillPotion"],"campfire_rested":4,"item_purchase_floors":[2,22,22,29],"current_hp_per_floor":[73,73,79,77,53,53,34,27,27,27,53,45,28,12,36,21,65,54,54,44,32,37,64,64,54,54,38,19,19,47,30,58,19,76,62,19,0],"gold":144,"neow_bonus":"UPGRADE_CARD","is_prod":false,"is_daily":false,"chose_seed":false,"campfire_upgraded":1,"win_rate":0,"timestamp":1556587141,"path_taken":["M","$","M","M","M","R","E","M","T","$","?","M","E","M","R","BOSS","M","$","M","M","$","R","?","E","T","?","?","$","R","M","R","BOSS","M","?","M"],"build_version":"2019-01-23","purchased_purges":2,"victory":false,"max_hp_per_floor":[80,80,80,80,80,80,80,80,80,80,80,80,80,80,80,80,80,83,83,86,86,91,91,91,91,91,91,95,95,95,95,95,95,95,99,99,99],"card_choices":[{"not_picked":["Reckless Charge","Armaments"],"picked":"Infernal Blade","floor":1.0},{"not_picked":["Warcry","Burning Pact"],"picked":"Hemokinesis","floor":3.0},{"not_picked":["Headbutt","Wild Strike"],"picked":"Inflame","floor":4.0},{"not_picked":["Seeing Red","Flex"],"picked":"Rampage","floor":5.0},{"not_picked":["Ghostly Armor","Seeing Red"],"picked":"Dropkick","floor":7.0},{"not_picked":["Second Wind","Armaments"],"picked":"Rupture","floor":8.0},{"not_picked":["Havoc","Combust"],"picked":"Shockwave","floor":12.0},{"not_picked":["Second Wind","Armaments","Shockwave"],"picked":"SKIP","floor":13.0},{"not_picked":["Heavy Blade","Hemokinesis"],"picked":"Feel No Pain","floor":14.0},{"not_picked":["Berserk","Barricade"],"picked":"Feed","floor":16.0},{"not_picked":["Perfected Strike","Armaments","Sword Boomerang"],"picked":"SKIP","floor":18.0},{"not_picked":["Carnage","Pummel"],"picked":"Impervious","floor":20.0},{"not_picked":["Havoc","Cleave"],"picked":"Second Wind+1","floor":21.0},{"not_picked":["Warcry","Rage"],"picked":"Flame Barrier","floor":25.0},{"not_picked":["Burning Pact+1","Ghostly Armor+1"],"picked":"Inflame+1","floor":28.0},{"not_picked":["Clothesline","Cleave+1","Warcry"],"picked":"SKIP","floor":31.0},{"not_picked":["Double Tap","Immolate"],"picked":"Demon Form","floor":33.0},{"not_picked":["Anger+1","Twin Strike+1","Entrench"],"picked":"SKIP","floor":35},{"not_picked":["Inflame+1","Heavy Blade"],"picked":"Shockwave+1","floor":36}],"player_experience":736394,"relics_obtained":[{"floor":7.0,"key":"Omamori"},{"floor":9.0,"key":"Happy Flower"},{"floor":13.0,"key":"Bottled Tornado"},{"floor":25.0,"key":"Blood Vial"},{"floor":26.0,"key":"Whetstone"},{"floor":27.0,"key":"Nilry\u0027s Codex"}],"event_choices":[{"damage_healed":26.0,"max_hp_gain":0.0,"max_hp_loss":0.0,"gold_gain":0.0,"event_name":"Big Fish","player_choice":"Banana","floor":11.0,"gold_loss":0.0,"damage_taken":0.0},{"damage_healed":0.0,"max_hp_gain":0.0,"max_hp_loss":0.0,"gold_gain":0.0,"event_name":"Cursed Tome","player_choice":"Obtained Book","floor":27.0,"gold_loss":0.0,"damage_taken":16.0}],"is_beta":false,"boss_relics":[{"not_picked":["Mark of Pain","Eternal Feather"],"picked":"Runic Cube"},{"not_picked":["Lizard Tail","Orrery"],"picked":"Astrolabe"}],"items_purged_floors":[10,19],"is_endless":false,"potions_floor_spawned":[1,4,5,7,14,20,21,25,33,35,36],"killed_by":"Transient","ascension_level":9}