{"gold_per_floor":[113,113,138,28,28,28,64,64,111,111,134,134,147,171,171,290,290,314,304,304,317,317,351,351,364,364,404,404,93,127,4,4,134,134,150,24,88,88,104,104,140,159,159,172,192,192,35,50,50,50],"floor_reached":51,"playtime":5403,"items_purged":["Strike_G","Strike_G","Strike_G","Strike_G+1","Strike_G+1"],"score":991,"play_id":"584b0758-5e3e-4b66-a36e-006a7312498a","local_time":"20190516175316","is_ascension_mode":true,"campfire_choices":[{"data":"Noxious Fumes","floor":6.0,"key":"SMITH"},{"data":"Neutralize","floor":8.0,"key":"SMITH"},{"data":"Flechettes","floor":10.0,"key":"SMITH"},{"data":"Survivor","floor":12.0,"key":"SMITH"},{"data":"Adrenaline","floor":15.0,"key":"SMITH"},{"data":"Wraith Form v2","floor":24.0,"key":"SMITH"},{"data":"Bouncing Flask","floor":28.0,"key":"SMITH"},{"floor":32.0,"key":"REST"},{"data":"Noxious Fumes","floor":40.0,"key":"SMITH"},{"data":"Adrenaline","floor":46,"key":"SMITH"},{"floor":49,"key":"REST"}],"neow_cost":"NONE","seed_source_timestamp":0,"circlet_count":0,"master_deck":["Defend_G","Defend_G","Defend_G","Defend_G+1","Defend_G+1","Survivor+1","Neutralize+1","Quick Slash","PiercingWail","Noxious Fumes+1","Flechettes+1","PiercingWail","Adrenaline+1","Wraith Form v2+1","Bouncing Flask+1","Adrenaline+1","Concentrate","Noxious Fumes+1","Footwork","Adrenaline","Blur","Panacea","Master of Strategy","Blind","Prepared+1","Footwork+1","Catalyst+1","Flechettes"],"special_seed":0,"relics":["Ring of the Snake","Golden Idol","Tough Bandages","War Paint","Runic Pyramid","Nloth\u0027s Gift","Centennial Puzzle","Whetstone","Singing Bowl","Smiling Mask","Paper Crane","Red Mask","Velvet Choker","Du-Vu Doll","Strawberry","Toxic Egg 2"],"potions_floor_usage":[50],"damage_taken":[{"damage":0.0,"enemies":"Cultist","floor":1.0,"turns":1.0},{"damage":0.0,"enemies":"Small Slimes","floor":3.0,"turns":1.0},{"damage":0.0,"enemies":"Lagavulin","floor":7.0,"turns":2.0},{"damage":0.0,"enemies":"Jaw Worm","floor":11.0,"turns":4.0},{"damage":5.0,"enemies":"Exordium Wildlife","floor":13.0,"turns":4.0},{"damage":7.0,"enemies":"Looter","floor":14.0,"turns":4.0},{"damage":28.0,"enemies":"Slime Boss","floor":16.0,"turns":11.0},{"damage":1.0,"enemies":"3 Byrds","floor":18.0,"turns":5.0},{"damage":7.0,"enemies":"2 Thieves","floor":19.0,"turns":4.0},{"damage":1.0,"enemies":"Snecko","floor":21.0,"turns":5.0},{"damage":18.0,"enemies":"Slavers","floor":23.0,"turns":6.0},{"damage":0.0,"enemies":"Chosen and Byrds","floor":25.0,"turns":5.0},{"damage":3.0,"enemies":"Book of Stabbing","floor":27.0,"turns":6.0},{"damage":6.0,"enemies":"Masked Bandits","floor":30.0,"turns":5.0},{"damage":10.0,"enemies":"Automaton","floor":33.0,"turns":10.0},{"damage":0.0,"enemies":"Orb Walker","floor":35.0,"turns":4.0},{"damage":5.0,"enemies":"2 Orb Walkers","floor":37.0,"turns":7.0},{"damage":10.0,"enemies":"3 Darklings","floor":39.0,"turns":5.0},{"damage":11.0,"enemies":"Giant Head","floor":41.0,"turns":11.0},{"damage":3.0,"enemies":"Writhing Mass","floor":42.0,"turns":6.0},{"damage":12.0,"enemies":"4 Shapes","floor":44.0,"turns":5.0},{"damage":0,"enemies":"3 Darklings","floor":45,"turns":6},{"damage":1,"enemies":"Transient","floor":48,"turns":5},{"damage":9,"enemies":"Donu and Deca","floor":50,"turns":8}],"seed_played":"3761573874011072297","potions_obtained":[{"floor":7.0,"key":"SmokeBomb"},{"floor":13.0,"key":"EssenceOfSteel"},{"floor":16.0,"key":"FearPotion"},{"floor":18.0,"key":"Dexterity Potion"},{"floor":27.0,"key":"Regen Potion"},{"floor":33.0,"key":"SpeedPotion"},{"floor":37.0,"key":"SkillPotion"},{"floor":44.0,"key":"Block Potion"}],"is_trial":false,"path_per_floor":["M","?","M","$","?","R","E","R","T","R","M","R","M","M","R","B",null,"M","M","?","M","T","E","R","M","T","E","R","$","?","$","R","B",null,"M","$","?","?","M","R","E","M","T","M","M","R","$","M","R","B",null],"character_chosen":"THE_SILENT","items_purchased":["Noxious Fumes","Paper Crane","Footwork","Blur","Catalyst+1","Flechettes"],"campfire_rested":2,"item_purchase_floors":[4,29,31,36,47,47],"current_hp_per_floor":[63,46,46,46,69,69,69,69,69,69,69,69,64,57,57,29,60,59,52,52,51,51,33,33,33,33,30,30,30,26,26,47,37,63,65,65,62,52,57,57,53,52,52,42,44,44,44,45,72,63],"gold":50,"neow_bonus":"THREE_ENEMY_KILL","is_prod":false,"is_daily":false,"chose_seed":false,"campfire_upgraded":9,"win_rate":0,"timestamp":1558054396,"path_taken":["M","?","M","$","?","R","E","R","T","R","M","R","M","M","R","BOSS","M","M","?","?","?","E","R","M","T","E","R","?","?","$","R","BOSS","M","$","?","?","M","R","E","M","T","?","M","R","$","M","R","BOSS"],"build_version":"2019-01-23","purchased_purges":5,"victory":true,"max_hp_per_floor":[70,70,70,70,70,70,70,70,70,70,70,70,70,70,70,70,70,70,70,70,70,70,70,70,70,70,70,70,70,72,72,72,72,72,74,74,76,76,76,76,83,85,85,87,89,89,89,91,91,91],"card_choices":[{"not_picked":["Outmaneuver","Reflex"],"picked":"Quick Slash","floor":1.0},{"not_picked":["Caltrops","Concentrate"],"picked":"PiercingWail","floor":3.0},{"not_picked":["Slice","Caltrops"],"picked":"Flechettes","floor":7.0},{"not_picked":["Slice","Choke","Sucker Punch"],"picked":"SKIP","floor":11.0},{"not_picked":["Slice","Sucker Punch"],"picked":"PiercingWail","floor":13.0},{"not_picked":["Underhanded Strike","All Out Attack"],"picked":"Adrenaline","floor":14.0},{"not_picked":["Tools of the Trade","Venomology"],"picked":"Wraith Form v2","floor":16.0},{"not_picked":["Tactician+1","PiercingWail","Outmaneuver"],"picked":"SKIP","floor":18.0},{"not_picked":["Catalyst","PiercingWail"],"picked":"Bouncing Flask","floor":19.0},{"not_picked":["Underhanded Strike+1","PiercingWail+1","Terror"],"picked":"SKIP","floor":21.0},{"not_picked":["Underhanded Strike+1","PiercingWail+1","Terror"],"picked":"SKIP","floor":21.0},{"not_picked":["Underhanded Strike","Deflect"],"picked":"Adrenaline","floor":23.0},{"not_picked":["Underhanded Strike","Quick Slash"],"picked":"Concentrate","floor":25.0},{"not_picked":["Deadly Poison","Night Terror"],"picked":"Noxious Fumes","floor":27.0},{"not_picked":["Masterful Stab","Flying Knee","Bane+1"],"picked":"Singing Bowl","floor":30.0},{"not_picked":["Unload","Grand Finale"],"picked":"Adrenaline","floor":33.0},{"not_picked":["Blade Dance","Tactician","Slice+1"],"picked":"Singing Bowl","floor":35.0},{"not_picked":["Slice","Underhanded Strike+1","Poisoned Stab+1"],"picked":"Singing Bowl","floor":37.0},{"not_picked":["Secret Technique","Impatience"],"picked":"Panacea","floor":38.0},{"not_picked":["Good Instincts","Jack Of All Trades"],"picked":"Master of Strategy","floor":38.0},{"not_picked":["Forethought","Swift Strike"],"picked":"Blind","floor":38.0},{"not_picked":["Reflex","Deadly Poison"],"picked":"Prepared+1","floor":39.0},{"not_picked":["After Image","Outmaneuver+1"],"picked":"Footwork+1","floor":41.0},{"not_picked":["Well Laid Plans","Deflect","Flying Knee+1"],"picked":"Singing Bowl","floor":42.0},{"not_picked":["Quick Slash+1","Cloak And Dagger+1","Acrobatics+1"],"picked":"Singing Bowl","floor":44.0},{"not_picked":["PiercingWail+1","Backflip+1","All Out Attack"],"picked":"Singing Bowl","floor":45},{"not_picked":["Acrobatics+1","Predator+1","Bane"],"picked":"Singing Bowl","floor":48}],"player_experience":756204,"relics_obtained":[{"floor":7.0,"key":"Tough Bandages"},{"floor":9.0,"key":"War Paint"},{"floor":22.0,"key":"Centennial Puzzle"},{"floor":23.0,"key":"Whetstone"},{"floor":26.0,"key":"Singing Bowl"},{"floor":27.0,"key":"Smiling Mask"},{"floor":30.0,"key":"Red Mask"},{"floor":37.0,"key":"Du-Vu Doll"},{"floor":41.0,"key":"Strawberry"},{"floor":43.0,"key":"Toxic Egg 2"}],"event_choices":[{"damage_healed":0.0,"max_hp_gain":0.0,"max_hp_loss":0.0,"gold_gain":0.0,"event_name":"Golden Idol","player_choice":"Take Damage","floor":2.0,"gold_loss":0.0,"damage_taken":17.0,"relics_obtained":["Golden Idol"]},{"damage_healed":23.0,"max_hp_gain":0.0,"max_hp_loss":0.0,"gold_gain":0.0,"event_name":"Big Fish","player_choice":"Banana","floor":5.0,"gold_loss":0.0,"damage_taken":0.0},{"damage_healed":0.0,"max_hp_gain":0.0,"max_hp_loss":0.0,"gold_gain":0.0,"event_name":"N\u0027loth","player_choice":"Traded Relic","floor":20.0,"relics_lost":["NeowsBlessing"],"gold_loss":0.0,"damage_taken":0.0,"relics_obtained":["Nloth\u0027s Gift"]},{"damage_healed":0.0,"max_hp_gain":0.0,"max_hp_loss":0.0,"gold_gain":0.0,"event_name":"Masked Bandits","player_choice":"Fought Bandits","floor":30.0,"gold_loss":0.0,"damage_taken":0.0},{"damage_healed":0.0,"max_hp_gain":0.0,"max_hp_loss":0.0,"gold_gain":0.0,"event_name":"Mysterious Sphere","player_choice":"Fight","floor":37.0,"gold_loss":0.0,"damage_taken":0.0},{"damage_healed":0.0,"max_hp_gain":0.0,"max_hp_loss":0.0,"gold_gain":0.0,"event_name":"SensoryStone","player_choice":"Memory 3","floor":38.0,"gold_loss":0.0,"damage_taken":10.0}],"is_beta":false,"boss_relics":[{"not_picked":["Busted Crown","Empty Cage"],"picked":"Runic Pyramid"},{"not_picked":["Astrolabe","Ring of the Serpent"],"picked":"Velvet Choker"}],"items_purged_floors":[4,29,31,36,47],"is_endless":false,"potions_floor_spawned":[7,13,16,18,27,33,37,44,45,48],"ascension_level":8}