{"gold_per_floor":[110,185,20,40,40,84,84,117,166,181,205,380,380,395,395,395],"floor_reached":16,"playtime":1185,"items_purged":[],"score":162,"play_id":"92396e8e-68a9-421b-8931-03ef9a3d19c0","local_time":"20181221001006","is_ascension_mode":true,"campfire_choices":[{"data":"Armaments","floor":7,"key":"SMITH"},{"floor":13,"key":"REST"},{"data":"Feed","floor":15,"key":"SMITH"}],"neow_cost":"NONE","seed_source_timestamp":13374773427856,"circlet_count":0,"master_deck":["Strike_R","Strike_R","Strike_R+1","Strike_R","Strike_R+1","Defend_R","Defend_R","Defend_R","Defend_R","Bash","Bloodletting","Feed+1","Armaments+1","Shockwave","Limit Break","Flex","Disarm","Cleave","Doubt","Headbutt"],"relics":["Burning Blood","NeowsBlessing","Golden Idol","Happy Flower","Whetstone","Bag of Marbles"],"potions_floor_usage":[8,11,11],"damage_taken":[{"damage":0,"enemies":"Jaw Worm","floor":1,"turns":1},{"damage":0,"enemies":"Cultist","floor":4,"turns":1},{"damage":0,"enemies":"Gremlin Nob","floor":6,"turns":2},{"damage":50,"enemies":"3 Sentries","floor":8,"turns":11},{"damage":8,"enemies":"2 Louse","floor":10,"turns":2},{"damage":12,"enemies":"Large Slime","floor":11,"turns":8},{"damage":1,"enemies":"3 Louse","floor":14,"turns":3},{"damage":53,"enemies":"Hexaghost","floor":16,"turns":13}],"seed_played":"-1975890809937476715","potions_obtained":[{"floor":4,"key":"GamblersBrew"},{"floor":8,"key":"Swift Potion"},{"floor":10,"key":"Explosive Potion"}],"is_trial":false,"path_per_floor":["M","?","$","M","?","E","R","E","T","M","M","?","R","M","R","B"],"character_chosen":"IRONCLAD","items_purchased":["Feed","Armaments"],"campfire_rested":1,"item_purchase_floors":[3,3],"current_hp_per_floor":[80,72,72,81,61,67,67,23,23,24,21,21,47,52,52,0],"gold":395,"neow_bonus":"THREE_ENEMY_KILL","is_prod":false,"is_daily":false,"chose_seed":false,"campfire_upgraded":2,"win_rate":0,"timestamp":1545379806,"path_taken":["M","?","$","?","?","E","R","E","T","M","M","?","R","M","R","BOSS"],"build_version":"2018-12-20","purchased_purges":0,"victory":false,"max_hp_per_floor":[80,80,80,83,83,83,83,83,83,86,89,89,89,89,89,89],"card_choices":[{"not_picked":["Clash","Body Slam"],"picked":"Bloodletting","floor":1},{"not_picked":["Flex","Twin Strike"],"picked":"Shockwave","floor":4},{"not_picked":["Clash","Combust"],"picked":"Limit Break","floor":6},{"not_picked":["Pommel Strike","Brutality"],"picked":"Flex","floor":8},{"not_picked":["Body Slam","Twin Strike"],"picked":"Disarm","floor":10},{"not_picked":["Armaments","Flex"],"picked":"Cleave","floor":11},{"not_picked":["Pommel Strike","Body Slam"],"picked":"Headbutt","floor":14}],"player_experience":468333,"relics_obtained":[{"floor":6,"key":"Happy Flower"},{"floor":8,"key":"Whetstone"},{"floor":9,"key":"Bag of Marbles"}],"event_choices":[{"damage_healed":0,"gold_gain":75,"player_choice":"Touch","damage_taken":8,"max_hp_gain":0,"max_hp_loss":0,"event_name":"FaceTrader","floor":2,"gold_loss":0},{"damage_healed":0,"gold_gain":0,"player_choice":"Take Damage","damage_taken":20,"relics_obtained":["Golden Idol"],"max_hp_gain":0,"max_hp_loss":0,"event_name":"Golden Idol","floor":5,"gold_loss":0},{"damage_healed":0,"gold_gain":175,"player_choice":"AGREE","damage_taken":0,"max_hp_gain":0,"max_hp_loss":0,"event_name":"Liars Game","floor":12,"gold_loss":0,"cards_obtained":["Doubt"]}],"is_beta":false,"boss_relics":[],"items_purged_floors":[],"is_endless":false,"potions_floor_spawned":[4,8,10],"killed_by":"Hexaghost","ascension_level":4}