{"gold_per_floor":[112,123,16,16,36,36,53,73,99,99,110,110,110,166,166,268,268,283,208,208,218,218],"floor_reached":22,"playtime":981,"items_purged":[],"score":176,"play_id":"930692b3-6ff3-48b0-becf-1a3a19b922a3","local_time":"20181019090334","is_ascension_mode":false,"campfire_choices":[{"data":"Defragment","floor":6,"key":"SMITH"},{"data":"Fission","floor":10,"key":"SMITH"},{"data":"FTL","floor":15,"key":"SMITH"}],"neow_cost":"NONE","seed_source_timestamp":588530398833798,"circlet_count":0,"master_deck":["Strike_B","Strike_B","Strike_B","Defend_B","Defend_B","Defend_B","Defend_B","Zap+1","Dualcast+1","Redo+1","Defragment+1","FTL+1","Fission+1","Rebound+1","Buffer","Writhe"],"relics":["Cracked Core","Strawberry","Inserter","Juzu Bracelet"],"potions_floor_usage":[7,16,21,22],"damage_taken":[{"damage":0,"enemies":"Cultist","floor":1,"turns":3},{"damage":6,"enemies":"Jaw Worm","floor":2,"turns":2},{"damage":1,"enemies":"2 Louse","floor":5,"turns":2},{"damage":0,"enemies":"Large Slime","floor":7,"turns":4},{"damage":5,"enemies":"Looter","floor":8,"turns":3},{"damage":0,"enemies":"2 Fungi Beasts","floor":11,"turns":3},{"damage":46,"enemies":"Hexaghost","floor":16,"turns":9},{"damage":30,"enemies":"Shell Parasite","floor":18,"turns":7},{"damage":8,"enemies":"3 Byrds","floor":21,"turns":5},{"damage":47,"enemies":"3 Cultists","floor":22,"turns":4}],"seed_played":"2417913548690591457","potions_obtained":[{"floor":1,"key":"Ancient Potion"},{"floor":5,"key":"Fire Potion"},{"floor":8,"key":"Poison Potion"},{"floor":18,"key":"AttackPotion"},{"floor":21,"key":"EssenceOfSteel"}],"is_trial":false,"path_per_floor":["M","M","$","$","M","R","M","M","T","R","M","?","?","?","R","B",null,"M","?","?","M"],"character_chosen":"DEFECT","items_purchased":["Defragment","FTL"],"campfire_rested":0,"item_purchase_floors":[3,3],"current_hp_per_floor":[75,69,69,69,68,68,68,63,70,70,70,70,54,54,54,8,82,52,52,52,44,0],"gold":218,"neow_bonus":"UPGRADE_CARD","is_prod":false,"is_daily":false,"chose_seed":false,"campfire_upgraded":3,"win_rate":0,"timestamp":1539950614,"path_taken":["M","?","?","$","M","R","M","M","T","R","?","?","?","?","R","BOSS","M","?","?","M","M"],"build_version":"2018-10-18","purchased_purges":0,"victory":false,"max_hp_per_floor":[75,75,75,75,75,75,75,75,82,82,82,82,82,82,82,82,82,82,82,82,82,82],"card_choices":[{"not_picked":["Skim","Barrage"],"picked":"Redo","floor":1},{"not_picked":["Rip and Tear","Coolheaded","Leap"],"picked":"SKIP","floor":2},{"not_picked":["Rip and Tear","Rebound","Barrage"],"picked":"SKIP","floor":5},{"not_picked":["Static Discharge","Streamline","Go for the Eyes"],"picked":"SKIP","floor":7},{"not_picked":["Scrape","Barrage"],"picked":"Fission","floor":8},{"not_picked":["Beam Cell","Turbo"],"picked":"Rebound","floor":11},{"not_picked":["Rainbow","Thunder Strike"],"picked":"Buffer","floor":16},{"not_picked":["Gash","Turbo","Coolheaded"],"picked":"SKIP","floor":18},{"not_picked":["Go for the Eyes","Hologram","FTL"],"picked":"SKIP","floor":21}],"player_experience":333199,"relics_obtained":[{"floor":9,"key":"Strawberry"}],"event_choices":[{"damage_healed":0,"gold_gain":0,"player_choice":"Grow","damage_taken":0,"max_hp_gain":0,"max_hp_loss":0,"event_name":"Living Wall","floor":12,"gold_loss":0,"cards_upgraded":["Redo"]},{"damage_healed":0,"gold_gain":0,"player_choice":"Entered Light","damage_taken":16,"max_hp_gain":0,"max_hp_loss":0,"event_name":"Shining Light","floor":13,"gold_loss":0,"cards_upgraded":["Rebound","Dualcast"]},{"damage_healed":0,"gold_gain":56,"player_choice":"Gained Gold","damage_taken":0,"max_hp_gain":0,"max_hp_loss":0,"event_name":"Golden Wing","floor":14,"gold_loss":0},{"cards_removed":["Strike_B"],"damage_healed":0,"gold_gain":0,"player_choice":"Gave Gold","damage_taken":0,"max_hp_gain":0,"max_hp_loss":0,"event_name":"Beggar","floor":19,"gold_loss":75},{"damage_healed":0,"gold_gain":0,"player_choice":"Opened","damage_taken":0,"relics_obtained":["Juzu Bracelet"],"max_hp_gain":0,"max_hp_loss":0,"event_name":"The Mausoleum","floor":20,"gold_loss":0,"cards_obtained":["Writhe"]}],"is_beta":false,"boss_relics":[{"not_picked":["Empty Cage","Orrery"],"picked":"Inserter"}],"items_purged_floors":[],"is_endless":false,"potions_floor_spawned":[1,5,8,18,21],"killed_by":"3 Cultists","ascension_level":0}