{"gold_per_floor":[112,17,36,51,119,146,146,159,159,189,189,205,216,226,226,328,328,348,63,78,78,88,119,119,149,174,174,4,4,20,20,20,20],"floor_reached":33,"playtime":2084,"items_purged":[],"score":327,"play_id":"32a1415f-5695-439b-8e9b-e9e35411d7dd","local_time":"20190331101317","is_ascension_mode":true,"campfire_choices":[{"data":"Cleave","floor":7.0,"key":"SMITH"},{"data":"Clash","floor":15.0,"key":"SMITH"},{"floor":24.0,"key":"REST"},{"floor":27.0,"key":"REST"},{"floor":32.0,"key":"REST"}],"neow_cost":"NONE","seed_source_timestamp":0,"circlet_count":0,"master_deck":["Strike_R","Strike_R","Strike_R","Strike_R","Strike_R","Defend_R","Defend_R","Defend_R","Defend_R","Cleave+1","Clash+1","Dramatic Entrance","Perfected Strike","Seeing Red","Clash","Perfected Strike","Sever Soul","Seeing Red","Thunderclap","Cleave","Feed","Perfected Strike+1","Madness","Sentinel","Hello World","Sucker Punch","Bandage Up","Clothesline+1","Anger","Sever Soul","Deadly Poison"],"special_seed":0,"relics":["Burning Blood","Vajra","Letter Opener","Kunai","Busted Crown","PrismaticShard","Pen Nib","Ornamental Fan","Dream Catcher","Juzu Bracelet"],"potions_floor_usage":[],"damage_taken":[{"damage":0.0,"enemies":"2 Louse","floor":1.0,"turns":2.0},{"damage":1.0,"enemies":"Cultist","floor":3.0,"turns":3.0},{"damage":0.0,"enemies":"Small Slimes","floor":4.0,"turns":1.0},{"damage":36.0,"enemies":"Lagavulin","floor":6.0,"turns":5.0},{"damage":8.0,"enemies":"Blue Slaver","floor":8.0,"turns":2.0},{"damage":18.0,"enemies":"3 Sentries","floor":10.0,"turns":3.0},{"damage":2.0,"enemies":"Large Slime","floor":12.0,"turns":3.0},{"damage":0.0,"enemies":"2 Fungi Beasts","floor":13.0,"turns":1.0},{"damage":6.0,"enemies":"Looter","floor":14.0,"turns":2.0},{"damage":42.0,"enemies":"The Guardian","floor":16.0,"turns":8.0},{"damage":0.0,"enemies":"Spheric Guardian","floor":18.0,"turns":3.0},{"damage":17.0,"enemies":"2 Thieves","floor":20.0,"turns":3.0},{"damage":43.0,"enemies":"Centurion and Healer","floor":22.0,"turns":4.0},{"damage":13.0,"enemies":"Gremlin Leader","floor":23.0,"turns":4.0},{"damage":44.0,"enemies":"Slavers","floor":25.0,"turns":3.0},{"damage":28.0,"enemies":"Snecko","floor":30.0,"turns":4.0},{"damage":61,"enemies":"Collector","floor":33,"turns":7}],"seed_played":"-3179211498565957641","potions_obtained":[{"floor":6.0,"key":"Block Potion"},{"floor":10.0,"key":"AttackPotion"},{"floor":11.0,"key":"AttackPotion"},{"floor":11.0,"key":"Explosive Potion"},{"floor":18.0,"key":"EssenceOfSteel"},{"floor":20.0,"key":"EssenceOfSteel"}],"is_trial":false,"path_per_floor":["M","$","M","M","?","E","R","M","T","E","?","M","M","M","R","B",null,"M","$","M","$","M","E","R","E","T","R","$","?","M","?","R","B"],"character_chosen":"IRONCLAD","items_purchased":["Dramatic Entrance","PrismaticShard","Madness","Regen Potion","Bandage Up"],"campfire_rested":3,"item_purchase_floors":[2,19,19,28,28],"current_hp_per_floor":[80,80,80,80,80,50,50,48,48,36,36,40,46,46,46,10,80,80,80,69,69,32,25,49,14,14,38,38,38,31,31,56,0],"gold":20,"neow_bonus":"THREE_CARDS","is_prod":false,"is_daily":false,"chose_seed":false,"campfire_upgraded":2,"win_rate":0,"timestamp":1554019997,"path_taken":["M","$","M","M","?","E","R","M","T","E","?","M","M","M","R","BOSS","M","$","M","$","M","E","R","E","T","R","?","?","M","?","R","BOSS"],"build_version":"2019-01-23","purchased_purges":0,"victory":false,"max_hp_per_floor":[80,80,80,80,80,80,80,80,80,80,80,80,80,80,80,80,80,80,80,80,80,80,80,80,83,83,83,83,83,86,86,86,86],"card_choices":[{"not_picked":["Twin Strike","Clothesline"],"picked":"Cleave","floor":0.0},{"not_picked":["Body Slam","True Grit"],"picked":"Clash","floor":1.0},{"not_picked":["Headbutt","Feel No Pain"],"picked":"Perfected Strike","floor":3.0},{"not_picked":["Pommel Strike","Armaments"],"picked":"Seeing Red","floor":4.0},{"not_picked":["Barricade","Wild Strike"],"picked":"Clash","floor":6.0},{"not_picked":["Armaments","Pommel Strike"],"picked":"Perfected Strike","floor":8.0},{"not_picked":["Entrench","Carnage"],"picked":"Sever Soul","floor":10.0},{"not_picked":["Burning Pact","Searing Blow"],"picked":"Seeing Red","floor":12.0},{"not_picked":["Body Slam","Iron Wave"],"picked":"Thunderclap","floor":13.0},{"not_picked":["True Grit","Second Wind"],"picked":"Cleave","floor":14.0},{"not_picked":["Juggernaut","Immolate"],"picked":"Feed","floor":16.0},{"not_picked":[],"picked":"Perfected Strike+1","floor":18.0},{"not_picked":[],"picked":"Compile Driver","floor":20.0},{"not_picked":[],"picked":"Sentinel","floor":22.0},{"not_picked":[],"picked":"Hello World","floor":23.0},{"not_picked":[],"picked":"Sucker Punch","floor":25.0},{"not_picked":[],"picked":"Clothesline+1","floor":30.0},{"not_picked":[],"picked":"Deadly Poison","floor":32.0}],"player_experience":77932,"relics_obtained":[{"floor":6.0,"key":"Vajra"},{"floor":9.0,"key":"Letter Opener"},{"floor":10.0,"key":"Kunai"},{"floor":23.0,"key":"Pen Nib"},{"floor":25.0,"key":"Ornamental Fan"},{"floor":26.0,"key":"Dream Catcher"}],"event_choices":[{"damage_healed":0.0,"max_hp_gain":0.0,"max_hp_loss":0.0,"gold_gain":68.0,"event_name":"Golden Wing","player_choice":"Gained Gold","floor":5.0,"gold_loss":0.0,"damage_taken":0.0},{"damage_healed":0.0,"max_hp_gain":0.0,"max_hp_loss":0.0,"gold_gain":0.0,"event_name":"Lab","player_choice":"Got Potions","floor":11.0,"gold_loss":0.0,"damage_taken":0.0},{"damage_healed":0.0,"max_hp_gain":0.0,"max_hp_loss":0.0,"gold_gain":0.0,"event_name":"The Mausoleum","player_choice":"Opened","floor":29.0,"gold_loss":0.0,"damage_taken":0.0,"relics_obtained":["Juzu Bracelet"]},{"damage_healed":0.0,"max_hp_gain":0.0,"max_hp_loss":0.0,"gold_gain":0.0,"cards_transformed":["Bash","Compile Driver"],"event_name":"Drug Dealer","player_choice":"Became Test Subject","floor":31.0,"gold_loss":0.0,"damage_taken":0.0,"cards_obtained":["Anger","Sever Soul"]}],"is_beta":false,"boss_relics":[{"not_picked":["Ectoplasm","Black Star"],"picked":"Busted Crown"}],"items_purged_floors":[],"is_endless":false,"potions_floor_spawned":[6,10,13,14,18,20],"killed_by":"Collector","ascension_level":2}