{"gold_per_floor":[116,41,316,22,33,33,66,66,92,117,139,151,163,218,230,361,373,406,387,123,143,162,162,185,205,284,284,307,432,432,127,127,258,258,272,97,430,530,530,555,555,555,580,307,325,325,341,352,352,352,352,352,117,148,148],"floor_reached":55,"playtime":6634,"items_purged":["Strike_G","Regret","Strike_G","Strike_G","Defend_G","Defend_G"],"score":705,"play_id":"069522e2-b13b-40e5-a75f-543b9ad9d929","local_time":"20190610161920","is_ascension_mode":false,"campfire_choices":[{"data":"Deadly Poison","floor":6,"key":"SMITH"},{"data":"Neutralize","floor":8,"key":"SMITH"},{"data":"Backflip","floor":12,"key":"SMITH"},{"floor":15,"key":"REST"},{"data":"Survivor","floor":23,"key":"SMITH"},{"floor":27,"key":"REST"},{"data":"Defend_G","floor":30,"key":"SMITH"},{"floor":32,"key":"RECALL"},{"floor":41,"key":"REST"},{"floor":46,"key":"REST"},{"data":"Deflect","floor":49,"key":"SMITH"},{"data":"Defend_G","floor":52,"key":"SMITH"}],"neow_cost":"NONE","seed_source_timestamp":2193438968959783,"circlet_count":0,"master_deck":["Defend_G+1","Defend_G+1","Defend_G","Strike_G+1","Strike_G+1","Survivor+1","Neutralize+1","Backflip+1","Deadly Poison+1","Noxious Fumes+1","After Image+1","After Image+1","Deflect+1","Caltrops+1","Dodge and Roll+1","Noxious Fumes+1","Deadly Poison"],"relics":["Ring of the Snake","NeowsBlessing","TheAbacus","Frozen Egg 2","MawBank","Lantern","Busted Crown","Oddly Smooth Stone","Kunai","Ginger","Matryoshka","Art of War","Runic Dome","Prayer Wheel","Ice Cream","Whetstone","Happy Flower","Boot","Toolbox","Pantograph"],"potions_floor_usage":[19,25,29,33,55,55,55],"damage_taken":[{"damage":0,"enemies":"2 Louse","floor":1,"turns":1},{"damage":0,"enemies":"Cultist","floor":5,"turns":1},{"damage":0,"enemies":"Lagavulin","floor":7,"turns":1},{"damage":1,"enemies":"Jaw Worm","floor":10,"turns":4},{"damage":1,"enemies":"Looter","floor":11,"turns":4},{"damage":12,"enemies":"3 Sentries","floor":14,"turns":7},{"damage":24,"enemies":"Hexaghost","floor":16,"turns":9},{"damage":8,"enemies":"3 Byrds","floor":18,"turns":5},{"damage":3,"enemies":"2 Thieves","floor":19,"turns":5},{"damage":0,"enemies":"Snake Plant","floor":21,"turns":5},{"damage":1,"enemies":"Snecko","floor":22,"turns":8},{"damage":2,"enemies":"Centurion and Healer","floor":24,"turns":8},{"damage":1,"enemies":"Cultist and Chosen","floor":25,"turns":7},{"damage":0,"enemies":"Snake Plant","floor":28,"turns":5},{"damage":0,"enemies":"Colosseum Slavers","floor":29,"turns":6},{"damage":0,"enemies":"Colosseum Nobs","floor":29,"turns":6},{"damage":19,"enemies":"Automaton","floor":33,"turns":13},{"damage":0,"enemies":"Orb Walker","floor":35,"turns":5},{"damage":19,"enemies":"Mind Bloom Boss Battle","floor":38,"turns":10},{"damage":5,"enemies":"Giant Head","floor":40,"turns":12},{"damage":13,"enemies":"3 Darklings","floor":45,"turns":5},{"damage":0,"enemies":"Sphere and 2 Shapes","floor":47,"turns":6},{"damage":0,"enemies":"Jaw Worm Horde","floor":48,"turns":6},{"damage":29,"enemies":"Time Eater","floor":50,"turns":18},{"damage":22,"enemies":"Shield and Spear","floor":54,"turns":7},{"damage":85,"enemies":"The Heart","floor":55,"turns":9}],"seed_played":"-1474040203158383653","potions_obtained":[{"floor":5,"key":"Ancient Potion"},{"floor":7,"key":"SmokeBomb"},{"floor":16,"key":"Fruit Juice"},{"floor":24,"key":"PowerPotion"},{"floor":25,"key":"Energy Potion"},{"floor":28,"key":"Regen Potion"},{"floor":29,"key":"Swift Potion"},{"floor":38,"key":"Dexterity Potion"},{"floor":45,"key":"Poison Potion"}],"is_trial":false,"path_per_floor":["M","$","?","$","M","R","E","R","T","M","M","R","?","E","R","B",null,"M","M","$","M","M","R","M","M","T","R","M","?","R","$","R","B",null,"M","$","?","?","?","E","R","T","T","$","M","R","M","M","R","B",null,"R","$","E","B"],"character_chosen":"THE_SILENT","items_purchased":["TheAbacus","Oddly Smooth Stone","Art of War","Caltrops+1","Toolbox","Noxious Fumes+1"],"campfire_rested":4,"item_purchase_floors":[4,20,31,44,53,53],"current_hp_per_floor":[70,70,70,70,70,70,70,70,70,69,68,68,65,53,65,41,65,57,59,59,59,58,58,56,55,55,70,70,70,70,70,70,51,70,70,70,70,51,51,46,67,67,67,67,54,70,70,70,70,41,70,70,70,48,0],"gold":148,"neow_bonus":"THREE_ENEMY_KILL","is_prod":false,"is_daily":false,"chose_seed":false,"campfire_upgraded":7,"win_rate":0,"timestamp":1560176360,"path_taken":["M","$","?","?","?","R","E","R","T","M","M","R","?","E","R","BOSS","M","M","$","M","M","R","M","M","T","R","M","?","R","$","R","BOSS","M","$","?","?","?","E","R","?","T","$","M","R","M","M","R","BOSS","R","$","E","BOSS"],"build_version":"2019-01-23","purchased_purges":6,"victory":false,"max_hp_per_floor":[70,70,70,70,70,70,70,70,70,70,70,70,65,65,65,65,65,65,70,70,70,70,70,70,70,70,70,70,70,70,70,70,70,70,70,70,70,70,70,70,70,70,70,70,70,70,70,70,70,70,70,70,70,70,70],"card_choices":[{"not_picked":["Cloak And Dagger","Concentrate"],"picked":"Backflip","floor":1},{"not_picked":["Backstab","Backflip"],"picked":"Deadly Poison","floor":5},{"not_picked":["Dagger Spray","Acrobatics","Poisoned Stab"],"picked":"SKIP","floor":7},{"not_picked":["Masterful Stab","Concentrate"],"picked":"Noxious Fumes+1","floor":10},{"not_picked":["Quick Slash","Outmaneuver","Finisher"],"picked":"SKIP","floor":11},{"not_picked":["Tactician","Distraction","Acrobatics"],"picked":"SKIP","floor":14},{"not_picked":["Bullet Time","Glass Knife"],"picked":"After Image+1","floor":16},{"not_picked":["Eviscerate"],"picked":"SKIP","floor":18},{"not_picked":["Accuracy+1"],"picked":"SKIP","floor":19},{"not_picked":["Infinite Blades+1"],"picked":"SKIP","floor":21},{"not_picked":["Accuracy+1"],"picked":"SKIP","floor":22},{"not_picked":["Tactician+1"],"picked":"SKIP","floor":24},{"not_picked":["Bane"],"picked":"SKIP","floor":25},{"not_picked":["Escape Plan+1"],"picked":"SKIP","floor":28},{"not_picked":[],"picked":"After Image+1","floor":33},{"not_picked":["Tactician"],"picked":"SKIP","floor":35},{"not_picked":[],"picked":"Deflect","floor":40},{"not_picked":["Masterful Stab+1"],"picked":"SKIP","floor":45},{"not_picked":["Eviscerate"],"picked":"SKIP","floor":45},{"not_picked":[],"picked":"Dodge and Roll+1","floor":47},{"not_picked":["Outmaneuver+1"],"picked":"SKIP","floor":47},{"not_picked":["Escape Plan"],"picked":"SKIP","floor":48},{"not_picked":["Crippling Poison"],"picked":"SKIP","floor":48},{"not_picked":[],"picked":"Deadly Poison","floor":54}],"player_experience":252164,"relics_obtained":[{"floor":7,"key":"Frozen Egg 2"},{"floor":9,"key":"MawBank"},{"floor":14,"key":"Lantern"},{"floor":26,"key":"Kunai"},{"floor":29,"key":"Ginger"},{"floor":29,"key":"Matryoshka"},{"floor":38,"key":"Prayer Wheel"},{"floor":40,"key":"Ice Cream"},{"floor":42,"key":"Whetstone"},{"floor":43,"key":"Happy Flower"},{"floor":43,"key":"Boot"},{"floor":54,"key":"Pantograph"}],"event_choices":[{"damage_healed":0,"gold_gain":275,"player_choice":"Desecrate","damage_taken":0,"max_hp_gain":0,"max_hp_loss":0,"event_name":"Golden Shrine","floor":3,"gold_loss":0,"cards_obtained":["Regret"]},{"damage_healed":0,"gold_gain":0,"player_choice":"Lose Max HP","damage_taken":0,"relics_obtained":["Golden Idol"],"max_hp_gain":0,"max_hp_loss":5,"event_name":"Golden Idol","floor":13,"gold_loss":0},{"damage_healed":0,"gold_gain":0,"player_choice":"Fight","damage_taken":0,"max_hp_gain":0,"max_hp_loss":0,"event_name":"Colosseum","floor":29,"gold_loss":0},{"damage_healed":0,"gold_gain":0,"player_choice":"Fought Nobs","damage_taken":0,"max_hp_gain":0,"max_hp_loss":0,"event_name":"Colosseum","floor":29,"gold_loss":0},{"damage_healed":0,"gold_gain":333,"player_choice":"Gave Idol","damage_taken":0,"max_hp_gain":0,"max_hp_loss":0,"event_name":"The Moai Head","floor":37,"relics_lost":["Golden Idol"],"gold_loss":0},{"damage_healed":0,"gold_gain":0,"player_choice":"Fight","damage_taken":0,"max_hp_gain":0,"max_hp_loss":0,"event_name":"MindBloom","floor":38,"gold_loss":0},{"damage_healed":0,"gold_gain":0,"player_choice":"Ignored","damage_taken":0,"max_hp_gain":0,"max_hp_loss":0,"event_name":"Tomb of Lord Red Mask","floor":39,"gold_loss":0}],"is_beta":false,"boss_relics":[{"not_picked":["Orrery","Philosopher\u0027s Stone"],"picked":"Busted Crown"},{"not_picked":["Velvet Choker","Calling Bell"],"picked":"Runic Dome"}],"items_purged_floors":[2,4,20,31,36,44],"is_endless":false,"potions_floor_spawned":[5,7,16,24,25,28,29,29,38,45,47],"killed_by":"The Heart","ascension_level":0}