{"gold_per_floor":[114,114,114,114,39,39,74,24,24,39,39,53,86,104,104,232,232,246,246,269,88,88,88,123,148,219,219,219,219,237,252,252,347,347,357,28,42,142,142,142,158,172,172,200,200,50,50,50,50,50],"floor_reached":51,"playtime":2844,"items_purged":["Defend_G","Strike_G","Defend_G","Parasite"],"score":821,"play_id":"84649934-5d83-44be-bee0-d9ba400255f0","local_time":"20190511153649","is_ascension_mode":true,"campfire_choices":[{"data":"Neutralize","floor":6.0,"key":"SMITH"},{"data":"Poisoned Stab","floor":15.0,"key":"SMITH"},{"floor":23.0,"key":"REST"},{"floor":27.0,"key":"REST"},{"floor":32.0,"key":"REST"},{"data":"Cloak And Dagger","floor":40.0,"key":"SMITH"},{"data":"Cloak And Dagger","floor":45.0,"key":"SMITH"},{"data":"Deflect","floor":49.0,"key":"SMITH"}],"neow_cost":"NONE","seed_source_timestamp":0,"circlet_count":0,"master_deck":["Defend_G","Survivor","Neutralize+1","Backflip","Cloak And Dagger+1","Poisoned Stab+1","Deflect+1","Infinite Blades+1","Die Die Die","Backstab","Backflip+1","Noxious Fumes+1","Cloak And Dagger+1","Slice","PiercingWail+1","Backflip+1","Footwork+1"],"special_seed":0,"relics":["Ring of the Snake","NeowsBlessing","Bloody Idol","Pen Nib","Frozen Egg 2","Bottled Flame","Empty Cage","Matryoshka","Pear","Kunai","White Beast Statue","TwistedFunnel","Thread and Needle","Pantograph","Turnip","Juzu Bracelet"],"potions_floor_usage":[50,50,50],"damage_taken":[{"damage":0.0,"enemies":"Small Slimes","floor":1.0,"turns":1.0},{"damage":0.0,"enemies":"Lagavulin","floor":7.0,"turns":1.0},{"damage":0.0,"enemies":"2 Louse","floor":10.0,"turns":1.0},{"damage":1.0,"enemies":"Jaw Worm","floor":12.0,"turns":3.0},{"damage":2.0,"enemies":"Gremlin Nob","floor":13.0,"turns":4.0},{"damage":10.0,"enemies":"Lots of Slimes","floor":14.0,"turns":4.0},{"damage":26.0,"enemies":"Hexaghost","floor":16.0,"turns":11.0},{"damage":19.0,"enemies":"3 Byrds","floor":18.0,"turns":5.0},{"damage":23.0,"enemies":"2 Thieves","floor":20.0,"turns":4.0},{"damage":22.0,"enemies":"Gremlin Leader","floor":24.0,"turns":6.0},{"damage":11.0,"enemies":"Cultist and Chosen","floor":25.0,"turns":7.0},{"damage":10.0,"enemies":"Centurion and Healer","floor":30.0,"turns":4.0},{"damage":0.0,"enemies":"3 Cultists","floor":31.0,"turns":4.0},{"damage":24.0,"enemies":"Collector","floor":33.0,"turns":11.0},{"damage":4.0,"enemies":"3 Shapes","floor":35.0,"turns":7.0},{"damage":4.0,"enemies":"3 Darklings","floor":37.0,"turns":3.0},{"damage":1.0,"enemies":"Mind Bloom Boss Battle","floor":38.0,"turns":8.0},{"damage":8.0,"enemies":"Writhing Mass","floor":41.0,"turns":7.0},{"damage":7.0,"enemies":"Jaw Worm Horde","floor":42.0,"turns":4.0},{"damage":0.0,"enemies":"Giant Head","floor":44.0,"turns":12.0},{"damage":2,"enemies":"Awakened One","floor":50,"turns":20}],"seed_played":"-8110129726468453058","potions_obtained":[{"floor":1.0,"key":"SpeedPotion"},{"floor":10.0,"key":"Regen Potion"},{"floor":13.0,"key":"Block Potion"},{"floor":16.0,"key":"Swift Potion"},{"floor":31.0,"key":"Fire Potion"},{"floor":33.0,"key":"Fire Potion"},{"floor":35.0,"key":"EntropicBrew"},{"floor":37.0,"key":"Block Potion"},{"floor":38.0,"key":"Swift Potion"},{"floor":39.0,"key":"Regen Potion"},{"floor":39.0,"key":"Fire Potion"},{"floor":41.0,"key":"Fire Potion"},{"floor":42.0,"key":"SpeedPotion"}],"is_trial":false,"path_per_floor":["M","?","?","?","$","R","E","?","T","M","?","M","E","M","R","B",null,"M","$","M","$","?","R","E","M","T","R","?","?","M","M","R","B",null,"M","$","M","?","?","R","M","M","T","E","R","$","?","?","R","B",null],"character_chosen":"THE_SILENT","items_purchased":["Noxious Fumes+1","TwistedFunnel"],"campfire_rested":3,"item_purchase_floors":[21,36],"current_hp_per_floor":[70,65,65,58,58,58,58,58,58,58,58,57,55,45,45,34,65,46,46,23,23,23,42,20,9,19,41,41,41,36,41,63,44,75,75,75,75,75,75,75,72,75,75,75,75,72,72,72,72,70],"gold":50,"neow_bonus":"THREE_ENEMY_KILL","is_prod":false,"is_daily":false,"chose_seed":false,"campfire_upgraded":5,"win_rate":0,"timestamp":1557581809,"path_taken":["M","?","?","?","$","R","E","?","T","M","?","?","E","M","R","BOSS","M","$","?","$","?","R","E","M","T","R","?","?","?","M","R","BOSS","M","$","M","?","?","R","M","?","T","E","R","$","?","?","R","BOSS"],"build_version":"2019-01-23","purchased_purges":4,"victory":true,"max_hp_per_floor":[70,65,65,65,65,65,65,65,65,65,65,65,65,65,65,65,65,65,65,65,65,65,65,65,65,75,75,75,75,75,75,75,75,75,75,75,75,75,75,75,75,75,75,75,75,72,72,72,72,72],"card_choices":[{"not_picked":["Crippling Poison","Flying Knee"],"picked":"Backflip","floor":1.0},{"not_picked":["Crippling Poison","Bane"],"picked":"Cloak And Dagger","floor":7.0},{"not_picked":["Sucker Punch","Acrobatics"],"picked":"Poisoned Stab","floor":10.0},{"not_picked":["Finisher","Dodge and Roll"],"picked":"Deflect","floor":12.0},{"not_picked":["Crippling Poison","Acrobatics"],"picked":"Infinite Blades+1","floor":13.0},{"not_picked":["Acrobatics","Bane","Deflect"],"picked":"SKIP","floor":14.0},{"not_picked":["A Thousand Cuts+1","Storm of Steel"],"picked":"Die Die Die","floor":16.0},{"not_picked":["Acrobatics","Quick Slash"],"picked":"Backstab","floor":18.0},{"not_picked":["Escape Plan+1","Eviscerate"],"picked":"Backflip+1","floor":20.0},{"not_picked":["Acrobatics+1","Glass Knife","Distraction"],"picked":"SKIP","floor":24.0},{"not_picked":["Blade Dance","Catalyst"],"picked":"Cloak And Dagger","floor":25.0},{"not_picked":["Deadly Poison","Tactician","Terror"],"picked":"SKIP","floor":30.0},{"not_picked":["Flying Knee+1","Predator"],"picked":"PiercingWail+1","floor":31.0},{"not_picked":["Dagger Throw+1","Crippling Poison+1"],"picked":"Backflip+1","floor":35.0},{"not_picked":["Dash","Slice","Flechettes"],"picked":"SKIP","floor":37.0},{"not_picked":["Quick Slash+1","Underhanded Strike+1"],"picked":"Footwork+1","floor":38.0},{"not_picked":["Quick Slash+1","Escape Plan+1","Flying Knee+1"],"picked":"SKIP","floor":41.0},{"not_picked":["Quick Slash","Bouncing Flask","Dash+1"],"picked":"SKIP","floor":42.0},{"not_picked":["Doppelganger","Underhanded Strike+1","Flying Knee"],"picked":"SKIP","floor":44.0}],"player_experience":182653,"relics_obtained":[{"floor":7.0,"key":"Pen Nib"},{"floor":9.0,"key":"Frozen Egg 2"},{"floor":13.0,"key":"Bottled Flame"},{"floor":24.0,"key":"Matryoshka"},{"floor":26.0,"key":"Pear"},{"floor":26.0,"key":"Kunai"},{"floor":38.0,"key":"Thread and Needle"},{"floor":43.0,"key":"Pantograph"},{"floor":43.0,"key":"Turnip"},{"floor":44.0,"key":"Juzu Bracelet"}],"event_choices":[{"damage_healed":0.0,"max_hp_gain":0.0,"max_hp_loss":5.0,"gold_gain":0.0,"event_name":"Golden Idol","player_choice":"Lose Max HP","floor":2.0,"gold_loss":0.0,"damage_taken":0.0,"relics_obtained":["Golden Idol"]},{"damage_healed":0.0,"max_hp_gain":0.0,"max_hp_loss":0.0,"gold_gain":0.0,"event_name":"Liars Game","player_choice":"Ignored","floor":3.0,"gold_loss":0.0,"damage_taken":0.0},{"cards_removed":["Strike_G"],"damage_healed":0.0,"max_hp_gain":0.0,"max_hp_loss":0.0,"gold_gain":0.0,"event_name":"Golden Wing","player_choice":"Card Removal","floor":4.0,"gold_loss":0.0,"damage_taken":7.0},{"cards_removed":["Defend_G"],"damage_healed":0.0,"max_hp_gain":0.0,"max_hp_loss":0.0,"gold_gain":0.0,"event_name":"The Cleric","player_choice":"Card Removal","floor":8.0,"gold_loss":50.0,"damage_taken":0.0},{"damage_healed":0.0,"max_hp_gain":0.0,"max_hp_loss":0.0,"gold_gain":0.0,"event_name":"Dead Adventurer","player_choice":"Searched \u00270\u0027 times","floor":11.0,"gold_loss":0.0,"damage_taken":0.0},{"damage_healed":0.0,"max_hp_gain":0.0,"max_hp_loss":0.0,"gold_gain":0.0,"event_name":"Ghosts","player_choice":"Ignored","floor":22.0,"gold_loss":0.0,"damage_taken":0.0},{"damage_healed":0.0,"max_hp_gain":0.0,"max_hp_loss":0.0,"gold_gain":0.0,"event_name":"Forgotten Altar","player_choice":"Gave Idol","floor":28.0,"relics_lost":["Golden Idol"],"gold_loss":0.0,"damage_taken":0.0,"relics_obtained":["Bloody Idol"]},{"damage_healed":0.0,"max_hp_gain":0.0,"max_hp_loss":0.0,"gold_gain":0.0,"cards_transformed":["Strike_G"],"event_name":"Transmorgrifier","player_choice":"Transformed","floor":29.0,"gold_loss":0.0,"damage_taken":0.0,"cards_obtained":["Slice"]},{"damage_healed":0.0,"max_hp_gain":0.0,"max_hp_loss":0.0,"gold_gain":0.0,"event_name":"MindBloom","player_choice":"Fight","floor":38.0,"gold_loss":0.0,"damage_taken":0.0},{"damage_healed":0.0,"max_hp_gain":0.0,"max_hp_loss":0.0,"gold_gain":0.0,"event_name":"Lab","player_choice":"Got Potions","floor":39.0,"gold_loss":0.0,"damage_taken":0.0},{"damage_healed":0.0,"max_hp_gain":0.0,"max_hp_loss":0.0,"gold_gain":0.0,"event_name":"Mysterious Sphere","player_choice":"Ignored","floor":47.0,"gold_loss":0.0,"damage_taken":0.0},{"cards_removed":["Strike_G"],"damage_healed":0.0,"max_hp_gain":0.0,"max_hp_loss":0.0,"gold_gain":0.0,"event_name":"Bonfire Elementals","player_choice":"Offered Basic","floor":48.0,"gold_loss":0.0,"damage_taken":0.0}],"is_beta":false,"boss_relics":[{"not_picked":["Pandora\u0027s Box","Runic Pyramid"],"picked":"Empty Cage"},{"not_picked":["Orrery","Velvet Choker"],"picked":"White Beast Statue"}],"items_purged_floors":[5,21,36,46],"is_endless":false,"potions_floor_spawned":[1,10,13,16,31,33,35,37,38,41,42,44],"ascension_level":2}