{"gold_per_floor":[111,62,78,97,47,78,78,113,138,163,180,180,180,194,194,296,296,313,328,91,17,17,46,57,57],"floor_reached":25,"playtime":1489,"items_purged":["Strike_B"],"score":320,"play_id":"7eec85e2-6a3c-4d7c-ba27-9c9b0738da9b","local_time":"20190531100120","is_ascension_mode":true,"campfire_choices":[{"data":"Zap","floor":7,"key":"SMITH"},{"data":"Defragment","floor":12,"key":"SMITH"},{"data":"White Noise","floor":15,"key":"SMITH"}],"neow_cost":"TEN_PERCENT_HP_LOSS","seed_source_timestamp":1130767606045524,"circlet_count":0,"master_deck":["Strike_B","Strike_B","Defend_B","Defend_B","Defend_B","Zap+1","Dualcast","Ball Lightning","Conserve Battery","White Noise+1","Coolheaded","Leap","Gash","Defragment+1","Cold Snap","Core Surge","Defragment","Capacitor","Finesse","Defragment","Barrage","Beam Cell+1"],"relics":["Cracked Core","FossilizedHelix","DataDisk","Centennial Puzzle","StoneCalendar","Busted Crown","Nilry\u0027s Codex","Omamori"],"potions_floor_usage":[4,23,23],"damage_taken":[{"damage":0,"enemies":"Cultist","floor":1,"turns":4},{"damage":0,"enemies":"2 Louse","floor":3,"turns":3},{"damage":0,"enemies":"Jaw Worm","floor":4,"turns":3},{"damage":6,"enemies":"Lagavulin","floor":6,"turns":6},{"damage":9,"enemies":"3 Sentries","floor":8,"turns":8},{"damage":2,"enemies":"Lagavulin","floor":10,"turns":8},{"damage":0,"enemies":"2 Fungi Beasts","floor":11,"turns":3},{"damage":0,"enemies":"Exordium Thugs","floor":14,"turns":4},{"damage":0,"enemies":"Slime Boss","floor":16,"turns":6},{"damage":14,"enemies":"3 Byrds","floor":18,"turns":4},{"damage":0,"enemies":"Spheric Guardian","floor":19,"turns":3},{"damage":20,"enemies":"Book of Stabbing","floor":23,"turns":5},{"damage":2,"enemies":"Centurion and Healer","floor":24,"turns":5},{"damage":18,"enemies":"Gremlin Leader","floor":25,"turns":1}],"seed_played":"-8979051374133519038","potions_obtained":[{"floor":1,"key":"SpeedPotion"},{"floor":3,"key":"Ancient Potion"},{"floor":10,"key":"Energy Potion"},{"floor":14,"key":"SteroidPotion"},{"floor":16,"key":"Dexterity Potion"}],"is_trial":false,"path_per_floor":["M","$","M","M","?","E","R","E","T","E","M","R","?","M","R","B",null,"M","M","$","$","?","E","M","E"],"character_chosen":"DEFECT","items_purchased":["Conserve Battery","Capacitor","Finesse","Defragment"],"campfire_rested":0,"item_purchase_floors":[2,20,20,21],"current_hp_per_floor":[68,68,68,68,68,62,62,53,53,51,51,51,51,51,51,51,68,54,54,54,54,38,18,16,0],"gold":57,"neow_bonus":"ONE_RARE_RELIC","is_prod":false,"is_daily":false,"chose_seed":false,"campfire_upgraded":3,"win_rate":0,"timestamp":1559307680,"path_taken":["M","$","M","M","?","E","R","E","T","E","M","R","?","M","R","BOSS","M","M","?","$","?","E","M","E"],"build_version":"2019-01-23","purchased_purges":1,"victory":false,"max_hp_per_floor":[68,68,68,68,68,68,68,68,68,68,68,68,68,68,68,68,68,68,68,68,68,68,68,68,68],"card_choices":[{"not_picked":["Lockon","Loop"],"picked":"Ball Lightning","floor":1},{"not_picked":["Rebound","Conserve Battery"],"picked":"White Noise","floor":3},{"not_picked":["Cold Snap","Steam"],"picked":"Coolheaded","floor":4},{"not_picked":["Gash","Ball Lightning"],"picked":"Leap","floor":6},{"not_picked":["Steam","Conserve Battery","Ball Lightning"],"picked":"SKIP","floor":8},{"not_picked":["Steam","Conserve Battery","Ball Lightning"],"picked":"SKIP","floor":8},{"not_picked":["Sweeping Beam","Skim"],"picked":"Gash","floor":10},{"not_picked":["Gash","Genetic Algorithm"],"picked":"Defragment","floor":11},{"not_picked":["Tempest","Streamline"],"picked":"Cold Snap","floor":14},{"not_picked":["Thunder Strike","Meteor Strike"],"picked":"Core Surge","floor":16},{"not_picked":[],"picked":"Defragment","floor":18},{"not_picked":["Barrage"],"picked":"SKIP","floor":19},{"not_picked":[],"picked":"Barrage","floor":23},{"not_picked":[],"picked":"Beam Cell+1","floor":24}],"player_experience":833593,"relics_obtained":[{"floor":6,"key":"DataDisk"},{"floor":8,"key":"Centennial Puzzle"},{"floor":10,"key":"StoneCalendar"},{"floor":22,"key":"Nilry\u0027s Codex"},{"floor":23,"key":"Omamori"}],"event_choices":[{"cards_removed":["Strike_B"],"damage_healed":0,"gold_gain":0,"player_choice":"Card Removal","damage_taken":0,"max_hp_gain":0,"max_hp_loss":0,"event_name":"The Cleric","floor":5,"gold_loss":50},{"cards_removed":["Defend_B"],"damage_healed":0,"gold_gain":0,"player_choice":"Offered Basic","damage_taken":0,"max_hp_gain":0,"max_hp_loss":0,"event_name":"Bonfire Elementals","floor":13,"gold_loss":0},{"damage_healed":0,"gold_gain":0,"player_choice":"Obtained Book","damage_taken":16,"max_hp_gain":0,"max_hp_loss":0,"event_name":"Cursed Tome","floor":22,"gold_loss":0}],"is_beta":false,"boss_relics":[{"not_picked":["Lizard Tail","Calling Bell"],"picked":"Busted Crown"}],"items_purged_floors":[20],"is_endless":false,"potions_floor_spawned":[1,3,10,14,16,19],"killed_by":"Gremlin Leader","ascension_level":2}