{"gold_per_floor":[114,126,140,215,180,180,210,210,210,225,20,20,37,64,64,162,162,174,174,192,192,142,177,177,210,210,230,230,28,63,73,73,177,177,187,137,154,254,266,266,266,266,336,336,347,375,54,66,66,66],"floor_reached":51,"playtime":3746,"items_purged":["Strike_G","Strike_G","Injury","Decay"],"score":895,"play_id":"010521b8-7cab-46c0-91c7-1addec1f5a49","local_time":"20190203093600","is_ascension_mode":true,"campfire_choices":[{"data":"Crippling Poison","floor":6,"key":"SMITH"},{"floor":12,"key":"REST"},{"floor":15,"key":"REST"},{"data":"Adrenaline","floor":24,"key":"SMITH"},{"data":"Catalyst","floor":32,"key":"SMITH"},{"floor":40,"key":"REST"},{"floor":42,"key":"REST"},{"data":"Pain","floor":44,"key":"PURGE"},{"floor":49,"key":"REST"}],"neow_cost":"NONE","seed_source_timestamp":1114414924124099,"circlet_count":0,"master_deck":["Defend_G","Defend_G","Defend_G","Defend_G","Defend_G","Strike_G","Survivor","Neutralize","Deadly Poison","Bouncing Flask","Deadly Poison","Crippling Poison+1","Adrenaline+1","PiercingWail","Noxious Fumes","Bouncing Flask","Catalyst+1","Well Laid Plans","Escape Plan+1","After Image","Deflect+1","Deflect+1","Noxious Fumes+1","Deadly Poison+1","Burst+1"],"relics":["Ring of the Snake","Darkstone Periapt","Mercury Hourglass","TwistedFunnel","Smiling Mask","Cursed Key","MutagenicStrength","Singing Bowl","Centennial Puzzle","Oddly Smooth Stone","Toxic Egg 2","Lizard Tail","Peace Pipe","Ice Cream","Pantograph","Bag of Marbles"],"potions_floor_usage":[3,14,16,25,33,39,46,46,48,50,50],"damage_taken":[{"damage":8,"enemies":"Jaw Worm","floor":1,"turns":5},{"damage":0,"enemies":"Small Slimes","floor":2,"turns":4},{"damage":1,"enemies":"2 Louse","floor":3,"turns":4},{"damage":28,"enemies":"3 Sentries","floor":7,"turns":12},{"damage":4,"enemies":"Blue Slaver","floor":10,"turns":4},{"damage":3,"enemies":"Looter","floor":13,"turns":3},{"damage":17,"enemies":"Gremlin Nob","floor":14,"turns":4},{"damage":11,"enemies":"Hexaghost","floor":16,"turns":6},{"damage":0,"enemies":"3 Byrds","floor":18,"turns":2},{"damage":0,"enemies":"Chosen","floor":20,"turns":3},{"damage":0,"enemies":"Gremlin Leader","floor":23,"turns":6},{"damage":5,"enemies":"Slavers","floor":25,"turns":3},{"damage":0,"enemies":"Centurion and Healer","floor":27,"turns":5},{"damage":0,"enemies":"Gremlin Leader","floor":30,"turns":4},{"damage":0,"enemies":"3 Cultists","floor":31,"turns":4},{"damage":10,"enemies":"Champ","floor":33,"turns":6},{"damage":23,"enemies":"3 Darklings","floor":35,"turns":3},{"damage":0,"enemies":"3 Shapes","floor":37,"turns":3},{"damage":0,"enemies":"Mind Bloom Boss Battle","floor":38,"turns":3},{"damage":39,"enemies":"Writhing Mass","floor":39,"turns":4},{"damage":6,"enemies":"4 Shapes","floor":45,"turns":2},{"damage":7,"enemies":"Giant Head","floor":46,"turns":7},{"damage":0,"enemies":"Jaw Worm Horde","floor":48,"turns":3},{"damage":27,"enemies":"Donu and Deca","floor":50,"turns":8}],"seed_played":"545985594940611813","potions_obtained":[{"floor":1,"key":"Dexterity Potion"},{"floor":10,"key":"Dexterity Potion"},{"floor":13,"key":"LiquidBronze"},{"floor":16,"key":"SpeedPotion"},{"floor":20,"key":"Strength Potion"},{"floor":25,"key":"Energy Potion"},{"floor":31,"key":"AttackPotion"},{"floor":35,"key":"Strength Potion"},{"floor":37,"key":"Weak Potion"},{"floor":45,"key":"AttackPotion"},{"floor":46,"key":"LiquidBronze"}],"is_trial":false,"path_per_floor":["M","M","M","?","?","R","E","?","T","M","$","R","M","E","R","B",null,"M","?","M","?","$","E","R","E","T","M","?","$","E","M","R","B",null,"M","$","M","?","M","R","T","R","T","R","M","E","$","M","R","B",null],"character_chosen":"THE_SILENT","items_purchased":["TwistedFunnel","Catalyst","Well Laid Plans","Burst+1","Swift Potion","LiquidBronze"],"campfire_rested":5,"item_purchase_floors":[11,29,29,47,47,47],"current_hp_per_floor":[62,62,61,50,67,67,39,32,32,28,28,49,46,29,50,39,70,70,70,70,70,70,72,72,67,73,75,75,75,77,77,77,67,82,59,59,59,59,22,47,53,80,86,86,82,75,75,77,100,73],"gold":66,"neow_bonus":"THREE_CARDS","is_prod":false,"is_daily":false,"chose_seed":false,"campfire_upgraded":3,"win_rate":0,"timestamp":1549200960,"path_taken":["M","M","M","?","?","R","E","?","T","M","?","R","?","E","R","BOSS","M","?","M","?","$","E","R","E","T","M","?","$","E","M","R","BOSS","M","$","?","?","M","R","?","R","T","R","M","E","$","M","R","BOSS"],"build_version":"2019-01-23","purchased_purges":4,"victory":true,"max_hp_per_floor":[70,70,70,70,70,70,70,70,70,70,70,70,70,70,70,70,70,70,70,70,70,70,72,72,72,78,80,80,80,82,82,82,82,82,82,82,82,82,84,84,90,90,96,96,98,98,98,100,100,100],"card_choices":[{"not_picked":["Quick Slash","Flying Knee"],"picked":"Deadly Poison","floor":0},{"not_picked":["Underhanded Strike","Dodge and Roll"],"picked":"Bouncing Flask","floor":1},{"not_picked":["Distraction","Deflect"],"picked":"Deadly Poison","floor":2},{"not_picked":["Acrobatics","Deadly Poison"],"picked":"Crippling Poison","floor":3},{"not_picked":["Backflip","Poisoned Stab","Grand Finale"],"picked":"SKIP","floor":7},{"not_picked":["All Out Attack","Acrobatics","Quick Slash"],"picked":"SKIP","floor":10},{"not_picked":["Outmaneuver","Bouncing Flask","Acrobatics"],"picked":"SKIP","floor":13},{"not_picked":["Dagger Spray","Choke","Deflect"],"picked":"SKIP","floor":14},{"not_picked":["Night Terror","Grand Finale"],"picked":"Adrenaline","floor":16},{"not_picked":["Sucker Punch","Terror"],"picked":"PiercingWail","floor":18},{"not_picked":["Terror","Flying Knee","Acrobatics+1"],"picked":"SKIP","floor":20},{"not_picked":["Phantasmal Killer","Dagger Spray+1","Accuracy+1"],"picked":"Singing Bowl","floor":23},{"not_picked":["Predator","Backstab"],"picked":"Noxious Fumes","floor":25},{"not_picked":["Deflect","Cloak And Dagger+1","Heel Hook"],"picked":"Singing Bowl","floor":27},{"not_picked":["Flechettes","Slice","Outmaneuver"],"picked":"Singing Bowl","floor":30},{"not_picked":["PiercingWail+1","Dash"],"picked":"Escape Plan+1","floor":31},{"not_picked":["A Thousand Cuts","Malaise+1"],"picked":"After Image","floor":33},{"not_picked":["Dagger Throw","Outmaneuver+1"],"picked":"Deflect+1","floor":35},{"not_picked":["Dagger Throw+1","Masterful Stab"],"picked":"Deflect+1","floor":37},{"not_picked":["Deflect+1","Deadly Poison+1"],"picked":"Noxious Fumes+1","floor":38},{"not_picked":["Eviscerate","Cloak And Dagger+1","All Out Attack"],"picked":"Singing Bowl","floor":39},{"not_picked":["PiercingWail+1","Dodge and Roll+1","Dagger Spray+1"],"picked":"Singing Bowl","floor":45},{"not_picked":["Quick Slash","Heel Hook"],"picked":"Deadly Poison+1","floor":46},{"not_picked":["Setup+1","Expertise+1","Corpse Explosion+1"],"picked":"Singing Bowl","floor":48}],"player_experience":394344,"relics_obtained":[{"floor":7,"key":"Darkstone Periapt"},{"floor":9,"key":"Mercury Hourglass"},{"floor":14,"key":"Smiling Mask"},{"floor":23,"key":"Singing Bowl"},{"floor":25,"key":"Centennial Puzzle"},{"floor":26,"key":"Oddly Smooth Stone"},{"floor":30,"key":"Toxic Egg 2"},{"floor":38,"key":"Peace Pipe"},{"floor":41,"key":"Ice Cream"},{"floor":43,"key":"Pantograph"},{"floor":46,"key":"Bag of Marbles"}],"event_choices":[{"damage_healed":0,"gold_gain":75,"player_choice":"Gather Gold","damage_taken":11,"max_hp_gain":0,"max_hp_loss":0,"event_name":"World of Goop","floor":4,"gold_loss":0},{"damage_healed":17,"gold_gain":0,"player_choice":"Healed","damage_taken":0,"max_hp_gain":0,"max_hp_loss":0,"event_name":"The Cleric","floor":5,"gold_loss":35},{"cards_removed":["Strike_G"],"damage_healed":0,"gold_gain":0,"player_choice":"Card Removal","damage_taken":7,"max_hp_gain":0,"max_hp_loss":0,"event_name":"Golden Wing","floor":8,"gold_loss":0},{"damage_healed":0,"gold_gain":0,"player_choice":"Inject Mutagens","damage_taken":0,"relics_obtained":["MutagenicStrength"],"max_hp_gain":0,"max_hp_loss":0,"event_name":"Drug Dealer","floor":19,"gold_loss":0},{"damage_healed":0,"gold_gain":0,"player_choice":"Ignored","damage_taken":0,"max_hp_gain":0,"max_hp_loss":0,"event_name":"Ghosts","floor":21,"gold_loss":0},{"damage_healed":0,"gold_gain":0,"cards_transformed":["Strike_G"],"player_choice":"Transformed","damage_taken":0,"max_hp_gain":0,"max_hp_loss":0,"event_name":"Transmorgrifier","floor":28,"gold_loss":0,"cards_obtained":["Bouncing Flask"]},{"damage_healed":0,"gold_gain":0,"player_choice":"Fight","damage_taken":0,"max_hp_gain":0,"max_hp_loss":0,"event_name":"MindBloom","floor":38,"gold_loss":0}],"is_beta":false,"boss_relics":[{"not_picked":["Coffee Dripper","Snecko Eye"],"picked":"Cursed Key"},{"not_picked":["Astrolabe","White Beast Statue"],"picked":"Lizard Tail"}],"items_purged_floors":[22,29,36,47],"is_endless":false,"potions_floor_spawned":[1,10,13,16,20,25,31,35,37,45,46],"ascension_level":2}