{"gold_per_floor":[113,113,113,137,162,10,10,29,52,75,75,75,75,75,75,206,206,221,272,313,192,205,205,205,205,205,246,262,281,295,48,48,178,178,194,194,23,356,373,407,423,423,423,437,437,287,320,339,339,339,339,339,61,89,89],"floor_reached":56,"playtime":3046,"items_purged":["Strike_G","Strike_G","Strike_G","Parasite"],"score":1315,"play_id":"902e7162-f3f6-491a-a5ee-deb630ed49c8","local_time":"20190619132129","is_ascension_mode":false,"campfire_choices":[{"data":"Deadly Poison","floor":7.0,"key":"SMITH"},{"data":"Neutralize","floor":13.0,"key":"SMITH"},{"floor":15.0,"key":"RECALL"},{"data":"Adrenaline","floor":24.0,"key":"SMITH"},{"data":"Deadly Poison","floor":32.0,"key":"SMITH"},{"data":"Footwork","floor":42.0,"key":"SMITH"},{"data":"Adrenaline","floor":45.0,"key":"SMITH"},{"data":"Adrenaline","floor":49.0,"key":"SMITH"},{"data":"Backflip","floor":52.0,"key":"SMITH"}],"neow_cost":"NONE","seed_source_timestamp":458772788639184,"circlet_count":0,"master_deck":["Defend_G+1","Defend_G+1","Defend_G","Defend_G","Defend_G","Survivor+1","Neutralize+1","Deadly Poison+1","Deadly Poison+1","Adrenaline+1","Backflip+1","PiercingWail+1","Flying Knee","Adrenaline+1","Footwork+1","Backstab+1","Deadly Poison+1","After Image","Adrenaline+1","Backflip+1","Acrobatics","Blur+1","Calculated Gamble+1","Caltrops","PiercingWail"],"special_seed":0,"relics":["White Beast Statue","War Paint","Snake Skull","Bag of Marbles","Philosopher\u0027s Stone","Red Mask","Pear","Calipers","Oddly Smooth Stone","Eternal Feather","Juzu Bracelet","Meat on the Bone","Blood Vial","Sundial","Happy Flower"],"potions_floor_usage":[55,55,55],"damage_taken":[{"damage":0.0,"enemies":"Small Slimes","floor":1.0,"turns":3.0},{"damage":0.0,"enemies":"Cultist","floor":4.0,"turns":4.0},{"damage":0.0,"enemies":"Jaw Worm","floor":5.0,"turns":4.0},{"damage":2.0,"enemies":"3 Louse","floor":8.0,"turns":3.0},{"damage":0.0,"enemies":"Red Slaver","floor":10.0,"turns":3.0},{"damage":25.0,"enemies":"The Guardian","floor":16.0,"turns":9.0},{"damage":5.0,"enemies":"Shell Parasite","floor":18.0,"turns":4.0},{"damage":0.0,"enemies":"Masked Bandits","floor":20.0,"turns":2.0},{"damage":12.0,"enemies":"3 Byrds","floor":22.0,"turns":5.0},{"damage":5.0,"enemies":"Book of Stabbing","floor":27.0,"turns":5.0},{"damage":0.0,"enemies":"Centurion and Healer","floor":28.0,"turns":8.0},{"damage":0.0,"enemies":"3 Cultists","floor":29.0,"turns":6.0},{"damage":0.0,"enemies":"Snake Plant","floor":30.0,"turns":3.0},{"damage":32.0,"enemies":"Champ","floor":33.0,"turns":12.0},{"damage":0.0,"enemies":"Orb Walker","floor":35.0,"turns":4.0},{"damage":0.0,"enemies":"3 Darklings","floor":39.0,"turns":4.0},{"damage":0.0,"enemies":"Nemesis","floor":40.0,"turns":7.0},{"damage":0.0,"enemies":"Sphere and 2 Shapes","floor":41.0,"turns":5.0},{"damage":0.0,"enemies":"Writhing Mass","floor":44.0,"turns":5.0},{"damage":0.0,"enemies":"Reptomancer","floor":47.0,"turns":5.0},{"damage":0.0,"enemies":"4 Shapes","floor":48.0,"turns":5.0},{"damage":0.0,"enemies":"Awakened One","floor":50.0,"turns":22.0},{"damage":0.0,"enemies":"Shield and Spear","floor":54.0,"turns":7.0},{"damage":73,"enemies":"The Heart","floor":55,"turns":15}],"seed_played":"-8210413675358011900","potions_obtained":[{"floor":1.0,"key":"Dexterity Potion"},{"floor":4.0,"key":"Explosive Potion"},{"floor":5.0,"key":"Poison Potion"},{"floor":8.0,"key":"AttackPotion"},{"floor":10.0,"key":"SpeedPotion"},{"floor":16.0,"key":"Explosive Potion"},{"floor":18.0,"key":"Weak Potion"},{"floor":20.0,"key":"Swift Potion"},{"floor":22.0,"key":"FearPotion"},{"floor":27.0,"key":"SpeedPotion"},{"floor":28.0,"key":"Regen Potion"},{"floor":29.0,"key":"SkillPotion"},{"floor":30.0,"key":"Fire Potion"},{"floor":35.0,"key":"PowerPotion"},{"floor":39.0,"key":"LiquidBronze"},{"floor":40.0,"key":"FearPotion"},{"floor":41.0,"key":"EssenceOfSteel"},{"floor":47.0,"key":"EssenceOfSteel"},{"floor":54.0,"key":"SteroidPotion"}],"is_trial":false,"path_per_floor":["M","?","?","M","M","$","R","M","T","M","?","T","R","?","R","B",null,"M","T","?","$","M","?","R","T","T","E","M","M","M","$","R","B",null,"M","?","$","?","M","E","M","R","T","M","R","$","E","M","R","B",null,"R","$","E","B",null],"character_chosen":"THE_SILENT","items_purchased":["War Paint","Backflip","After Image","Acrobatics","Caltrops","Sundial"],"campfire_rested":0,"item_purchase_floors":[6,21,31,37,53,53],"current_hp_per_floor":[70,65,65,65,65,65,65,63,63,63,68,68,68,68,68,43,70,65,65,65,65,53,53,53,63,63,58,58,58,58,58,58,26,80,80,80,80,80,80,80,80,80,80,80,80,77,77,77,77,77,77,77,77,77,31],"gold":89,"neow_bonus":"BOSS_RELIC","is_prod":false,"is_daily":false,"chose_seed":false,"campfire_upgraded":8,"win_rate":0,"timestamp":1560943289,"path_taken":["M","?","?","?","M","$","R","M","T","M","?","?","R","?","R","BOSS","M","?","?","$","M","?","R","?","T","E","M","M","M","$","R","BOSS","M","?","$","?","M","E","M","R","T","M","R","$","E","M","R","BOSS","R","$","E","BOSS"],"build_version":"2019-01-23","purchased_purges":4,"victory":true,"max_hp_per_floor":[70,65,65,65,65,65,65,65,65,65,70,70,70,70,70,70,70,70,70,70,70,70,70,70,80,80,80,80,80,80,80,80,80,80,80,80,80,80,80,80,80,80,80,80,80,77,77,77,77,77,77,77,77,77,77],"card_choices":[{"not_picked":["PiercingWail","Dash"],"picked":"Deadly Poison","floor":1.0},{"not_picked":["Bane","Cloak And Dagger"],"picked":"Deadly Poison","floor":4.0},{"not_picked":["Cloak And Dagger","Concentrate","Reflex"],"picked":"SKIP","floor":5.0},{"not_picked":["Well Laid Plans","Dodge and Roll","Dagger Throw"],"picked":"SKIP","floor":8.0},{"not_picked":["Outmaneuver","Prepared","Well Laid Plans"],"picked":"SKIP","floor":10.0},{"not_picked":["Die Die Die","Venomology"],"picked":"Adrenaline","floor":16.0},{"not_picked":["Sucker Punch","Predator","Deadly Poison"],"picked":"SKIP","floor":18.0},{"not_picked":["Deflect","Dagger Throw"],"picked":"PiercingWail+1","floor":22.0},{"not_picked":["Leg Sweep+1","Adrenaline"],"picked":"Footwork","floor":27.0},{"not_picked":["Flying Knee","Dagger Spray"],"picked":"Backstab+1","floor":28.0},{"not_picked":["Prepared","Blade Dance+1","PiercingWail"],"picked":"SKIP","floor":29.0},{"not_picked":["Underhanded Strike","Expertise"],"picked":"Deadly Poison","floor":30.0},{"not_picked":["A Thousand Cuts","Grand Finale"],"picked":"Adrenaline","floor":33.0},{"not_picked":["Dash","Sucker Punch+1"],"picked":"Backflip+1","floor":35.0},{"not_picked":["Quick Slash+1","Backflip"],"picked":"Blur+1","floor":39.0},{"not_picked":["Deadly Poison","Blade Dance","Backstab"],"picked":"SKIP","floor":40.0},{"not_picked":["Deadly Poison","Cloak And Dagger+1","Slice+1"],"picked":"SKIP","floor":41.0},{"not_picked":["Well Laid Plans+1","Cloak And Dagger+1"],"picked":"Calculated Gamble+1","floor":44.0},{"not_picked":["Terror","Bane+1","Dagger Spray"],"picked":"SKIP","floor":47.0},{"not_picked":["Poisoned Stab+1","Dagger Throw","Blade Dance+1"],"picked":"SKIP","floor":48.0},{"not_picked":["Concentrate+1","Outmaneuver"],"picked":"PiercingWail","floor":54.0}],"player_experience":279252,"relics_obtained":[{"floor":9.0,"key":"Snake Skull"},{"floor":12.0,"key":"Bag of Marbles"},{"floor":20.0,"key":"Red Mask"},{"floor":25.0,"key":"Pear"},{"floor":26.0,"key":"Calipers"},{"floor":27.0,"key":"Oddly Smooth Stone"},{"floor":40.0,"key":"Juzu Bracelet"},{"floor":43.0,"key":"Meat on the Bone"},{"floor":47.0,"key":"Blood Vial"},{"floor":54.0,"key":"Happy Flower"}],"event_choices":[{"damage_healed":0.0,"max_hp_gain":0.0,"max_hp_loss":5.0,"gold_gain":0.0,"event_name":"Golden Idol","player_choice":"Lose Max HP","floor":2.0,"gold_loss":0.0,"damage_taken":0.0,"relics_obtained":["Golden Idol"]},{"damage_healed":0.0,"max_hp_gain":0.0,"max_hp_loss":0.0,"gold_gain":0.0,"event_name":"Accursed Blacksmith","player_choice":"Forge","floor":3.0,"gold_loss":0.0,"damage_taken":0.0,"cards_upgraded":["Deadly Poison"]},{"damage_healed":0.0,"max_hp_gain":5.0,"max_hp_loss":0.0,"gold_gain":0.0,"event_name":"Big Fish","player_choice":"Donut","floor":11.0,"gold_loss":0.0,"damage_taken":0.0},{"damage_healed":0.0,"max_hp_gain":0.0,"max_hp_loss":0.0,"gold_gain":0.0,"event_name":"Upgrade Shrine","player_choice":"Upgraded","floor":14.0,"gold_loss":0.0,"damage_taken":0.0,"cards_upgraded":["Defend_G"]},{"damage_healed":0.0,"max_hp_gain":0.0,"max_hp_loss":0.0,"gold_gain":0.0,"event_name":"Masked Bandits","player_choice":"Fought Bandits","floor":20.0,"gold_loss":0.0,"damage_taken":0.0},{"damage_healed":0.0,"max_hp_gain":0.0,"max_hp_loss":0.0,"gold_gain":0.0,"cards_transformed":["Strike_G","Strike_G"],"event_name":"Drug Dealer","player_choice":"Became Test Subject","floor":23.0,"gold_loss":0.0,"damage_taken":0.0,"cards_obtained":["Flying Knee","Adrenaline"]},{"damage_healed":0.0,"max_hp_gain":0.0,"max_hp_loss":0.0,"gold_gain":0.0,"event_name":"Tomb of Lord Red Mask","player_choice":"Ignored","floor":36.0,"gold_loss":0.0,"damage_taken":0.0},{"damage_healed":0.0,"max_hp_gain":0.0,"max_hp_loss":0.0,"gold_gain":333.0,"event_name":"The Moai Head","player_choice":"Gave Idol","floor":38.0,"relics_lost":["Golden Idol"],"gold_loss":0.0,"damage_taken":0.0}],"is_beta":false,"boss_relics":[{"not_picked":["Sozu","Snecko Eye"],"picked":"Philosopher\u0027s Stone"},{"not_picked":["Empty Cage","Astrolabe"],"picked":"Eternal Feather"}],"items_purged_floors":[21,31,37,46],"is_endless":false,"potions_floor_spawned":[1,4,5,8,10,16,18,20,22,27,28,29,30,33,35,39,40,41,44,47,48,54],"ascension_level":0}