{"gold_per_floor":[114,114,114,39,39,74,74,85,112,127,146,164,18,34,34,138,138,150,168,118,130,130,130,140,140,140,157,176,126,126],"floor_reached":30,"playtime":540,"items_purged":["Defend_R","Defend_R","Defend_R","Strike_R"],"score":259,"play_id":"2cc99c57-fb5b-401b-973a-28bcaf87ebd9","local_time":"20190418131953","is_ascension_mode":false,"campfire_choices":[{"data":"Double Tap","floor":7.0,"key":"SMITH"},{"data":"Flex","floor":15.0,"key":"SMITH"},{"floor":23.0,"key":"REST"},{"data":"Heavy Blade","floor":25.0,"key":"SMITH"}],"neow_cost":"NONE","seed_source_timestamp":649745356466976,"circlet_count":0,"master_deck":["Strike_R","Strike_R","Strike_R","Strike_R","Double Tap+1","Flex+1","Heavy Blade+1","Flex"],"special_seed":0,"relics":["Burning Blood","NeowsBlessing","Sundial","Smiling Mask","White Beast Statue","Paper Frog"],"potions_floor_usage":[27,28,30],"damage_taken":[{"damage":0.0,"enemies":"Jaw Worm","floor":1.0,"turns":1.0},{"damage":0.0,"enemies":"Lagavulin","floor":6.0,"turns":1.0},{"damage":0.0,"enemies":"Small Slimes","floor":8.0,"turns":1.0},{"damage":6.0,"enemies":"Cultist","floor":10.0,"turns":3.0},{"damage":17.0,"enemies":"3 Louse","floor":11.0,"turns":3.0},{"damage":10.0,"enemies":"2 Fungi Beasts","floor":12.0,"turns":3.0},{"damage":0.0,"enemies":"Exordium Wildlife","floor":14.0,"turns":3.0},{"damage":69.0,"enemies":"The Guardian","floor":16.0,"turns":8.0},{"damage":20.0,"enemies":"2 Thieves","floor":18.0,"turns":4.0},{"damage":6.0,"enemies":"Chosen","floor":19.0,"turns":3.0},{"damage":24.0,"enemies":"Centurion and Healer","floor":21.0,"turns":4.0},{"damage":15.0,"enemies":"Shelled Parasite and Fungi","floor":24.0,"turns":2.0},{"damage":21,"enemies":"3 Cultists","floor":27,"turns":4},{"damage":42,"enemies":"Snake Plant","floor":28,"turns":3},{"damage":15,"enemies":"Snecko","floor":30,"turns":2}],"seed_played":"-802420003564608921","potions_obtained":[{"floor":8.0,"key":"Dexterity Potion"},{"floor":12.0,"key":"SpeedPotion"},{"floor":16.0,"key":"FearPotion"},{"floor":18.0,"key":"EssenceOfSteel"},{"floor":19.0,"key":"Energy Potion"},{"floor":21.0,"key":"SteroidPotion"},{"floor":24.0,"key":"Fire Potion"},{"floor":27,"key":"Ancient Potion"},{"floor":28,"key":"GamblersBrew"}],"is_trial":false,"path_per_floor":["M","?","?","$","?","E","R","M","T","M","M","M","$","M","R","B",null,"M","M","$","M","?","R","M","R","T","M","M","$","M"],"character_chosen":"IRONCLAD","items_purchased":["Flex","Heavy Blade"],"campfire_rested":1,"item_purchase_floors":[13,13],"current_hp_per_floor":[80,73,73,73,73,79,79,80,80,80,69,65,65,71,71,8,80,66,66,66,48,48,72,63,63,63,48,12,12,0],"gold":126,"neow_bonus":"THREE_ENEMY_KILL","is_prod":false,"is_daily":false,"chose_seed":false,"campfire_upgraded":3,"win_rate":0,"timestamp":1555586393,"path_taken":["M","?","?","$","?","E","R","?","T","M","M","M","$","M","R","BOSS","M","M","$","M","?","R","M","R","T","M","M","$","M"],"build_version":"2019-01-23","purchased_purges":4,"victory":false,"max_hp_per_floor":[80,80,80,80,80,80,80,80,80,80,80,80,80,80,80,80,80,80,80,80,80,80,80,80,80,80,80,80,80,80],"card_choices":[{"not_picked":["Thunderclap","Pommel Strike","Reckless Charge"],"picked":"SKIP","floor":1.0},{"not_picked":["Havoc","Pommel Strike","True Grit"],"picked":"SKIP","floor":6.0},{"not_picked":["Dual Wield","Clothesline","Metallicize"],"picked":"SKIP","floor":8.0},{"not_picked":["Hemokinesis","Havoc","Pommel Strike"],"picked":"SKIP","floor":10.0},{"not_picked":["Metallicize","Seeing Red","Hemokinesis"],"picked":"SKIP","floor":11.0},{"not_picked":["Perfected Strike","Sword Boomerang","Shrug It Off"],"picked":"SKIP","floor":12.0},{"not_picked":["Body Slam","Battle Trance","Power Through"],"picked":"SKIP","floor":14.0},{"not_picked":["Body Slam","Rupture","Shockwave"],"picked":"SKIP","floor":18.0},{"not_picked":["Headbutt","Shockwave","Searing Blow"],"picked":"SKIP","floor":19.0},{"not_picked":["Flame Barrier","Clothesline","Armaments"],"picked":"SKIP","floor":21.0},{"not_picked":["Perfected Strike","Thunderclap"],"picked":"Flex","floor":24.0},{"not_picked":["Wild Strike","Offering","Burning Pact+1"],"picked":"SKIP","floor":27},{"not_picked":["Battle Trance","Pommel Strike+1","Warcry+1"],"picked":"SKIP","floor":28}],"player_experience":120880,"relics_obtained":[{"floor":6.0,"key":"Sundial"},{"floor":9.0,"key":"Smiling Mask"},{"floor":26.0,"key":"Paper Frog"}],"event_choices":[{"cards_removed":["Defend_R"],"damage_healed":0.0,"max_hp_gain":0.0,"max_hp_loss":0.0,"gold_gain":0.0,"event_name":"Golden Wing","player_choice":"Card Removal","floor":2.0,"gold_loss":0.0,"damage_taken":7.0},{"damage_healed":0.0,"max_hp_gain":0.0,"max_hp_loss":0.0,"gold_gain":0.0,"event_name":"Golden Idol","player_choice":"Ignored","floor":3.0,"gold_loss":0.0,"damage_taken":0.0},{"damage_healed":0.0,"max_hp_gain":0.0,"max_hp_loss":0.0,"gold_gain":0.0,"cards_transformed":["Bash"],"event_name":"Transmorgrifier","player_choice":"Transformed","floor":5.0,"gold_loss":0.0,"damage_taken":0.0,"cards_obtained":["Double Tap"]},{"damage_healed":0.0,"max_hp_gain":0.0,"max_hp_loss":0.0,"gold_gain":0.0,"event_name":"Vampires","player_choice":"Ignored","floor":22.0,"gold_loss":0.0,"damage_taken":0.0}],"is_beta":false,"boss_relics":[{"not_picked":["Runic Cube","Sozu"],"picked":"White Beast Statue"}],"items_purged_floors":[4,13,20,29],"is_endless":false,"potions_floor_spawned":[8,12,16,18,19,21,24,27,28],"killed_by":"Snecko","ascension_level":0}