{"gold_per_floor":[109,125,137,151,170,203,223,223,247,278,278,333,363,374,374,451,451,462,23,39,55,74,74,104,116,140,140,168,168,168,168],"floor_reached":31,"playtime":38198,"items_purged":["Shame"],"score":647,"play_id":"0b3d2d7c-c40a-4859-894c-f0b7492a9b33","local_time":"20190622090131","is_ascension_mode":true,"campfire_choices":[{"data":"Bludgeon","floor":8.0,"key":"SMITH"},{"floor":11.0,"key":"REST"},{"data":"Armaments","floor":15.0,"key":"SMITH"},{"data":"Double Tap","floor":23.0,"key":"SMITH"},{"floor":27.0,"key":"REST"},{"data":"True Grit","floor":29,"key":"SMITH"}],"neow_cost":"NONE","seed_source_timestamp":207713566315817,"circlet_count":0,"master_deck":["AscendersBane","Strike_R","Strike_R","Strike_R","Strike_R","Strike_R","Defend_R","Defend_R","Defend_R","Defend_R","Bash","Shrug It Off","Heavy Blade+1","Body Slam+1","Perfected Strike","Clothesline","Uppercut","Bludgeon+1","Dropkick","True Grit+1","Battle Trance","Armaments+1","Double Tap+1","Inflame","Corruption","Clothesline","Power Through","Spot Weakness"],"special_seed":0,"relics":["Cursed Key","PreservedInsect","Juzu Bracelet","Whetstone","Strawberry","Art of War","Snecko Eye","Self Forming Clay","Singing Bowl","Vajra","Oddly Smooth Stone","Spirit Poop"],"potions_floor_usage":[],"damage_taken":[{"damage":1.0,"enemies":"Cultist","floor":1.0,"turns":4.0},{"damage":0.0,"enemies":"2 Louse","floor":2.0,"turns":4.0},{"damage":7.0,"enemies":"Small Slimes","floor":3.0,"turns":3.0},{"damage":8.0,"enemies":"Blue Slaver","floor":4.0,"turns":3.0},{"damage":10.0,"enemies":"Gremlin Gang","floor":5.0,"turns":6.0},{"damage":8.0,"enemies":"Gremlin Nob","floor":6.0,"turns":3.0},{"damage":4.0,"enemies":"3 Louse","floor":7.0,"turns":4.0},{"damage":15.0,"enemies":"3 Sentries","floor":10.0,"turns":4.0},{"damage":0.0,"enemies":"Gremlin Nob","floor":12.0,"turns":2.0},{"damage":0.0,"enemies":"Lagavulin","floor":13.0,"turns":2.0},{"damage":0.0,"enemies":"Exordium Thugs","floor":14.0,"turns":3.0},{"damage":10.0,"enemies":"Hexaghost","floor":16.0,"turns":8.0},{"damage":0.0,"enemies":"Shell Parasite","floor":18.0,"turns":1.0},{"damage":6.0,"enemies":"3 Byrds","floor":20.0,"turns":5.0},{"damage":13.0,"enemies":"Shelled Parasite and Fungi","floor":21.0,"turns":3.0},{"damage":5.0,"enemies":"Snake Plant","floor":22.0,"turns":3.0},{"damage":18.0,"enemies":"Gremlin Leader","floor":24.0,"turns":3.0},{"damage":12.0,"enemies":"Cultist and Chosen","floor":25.0,"turns":6.0},{"damage":22,"enemies":"Slavers","floor":28,"turns":3},{"damage":22,"enemies":"3 Cultists","floor":31,"turns":3}],"seed_played":"-7994937855277746644","potions_obtained":[{"floor":4.0,"key":"Ancient Potion"},{"floor":5.0,"key":"Fire Potion"},{"floor":7.0,"key":"Ancient Potion"},{"floor":10.0,"key":"SpeedPotion"},{"floor":22.0,"key":"Strength Potion"}],"is_trial":false,"path_per_floor":["M","M","M","M","M","E","M","R","T","E","R","?","E","M","R","B",null,"M","$","M","M","M","R","E","M","T","R","E","R","?","M"],"character_chosen":"IRONCLAD","items_purchased":["Self Forming Clay","Inflame"],"campfire_rested":2,"item_purchase_floors":[19,19],"current_hp_per_floor":[67,67,60,52,42,34,30,30,30,15,37,44,44,44,44,34,70,70,70,64,51,46,46,28,16,16,40,20,20,20,0],"gold":168,"neow_bonus":"BOSS_RELIC","is_prod":false,"is_daily":false,"chose_seed":false,"campfire_upgraded":4,"win_rate":0,"timestamp":1561219291,"path_taken":["M","M","M","M","M","E","M","R","T","E","R","?","E","M","R","BOSS","M","$","M","M","M","R","E","M","T","R","E","R","?","M"],"build_version":"2019-01-23","purchased_purges":1,"victory":false,"max_hp_per_floor":[75,75,75,75,75,75,75,75,75,75,75,82,82,82,82,82,82,82,82,82,82,82,82,82,82,82,82,84,84,84,84],"card_choices":[{"not_picked":["Iron Wave","Anger"],"picked":"Shrug It Off","floor":1.0},{"not_picked":["Headbutt","Armaments"],"picked":"Heavy Blade","floor":2.0},{"not_picked":["Infernal Blade","Sever Soul"],"picked":"Body Slam","floor":3.0},{"not_picked":["Heavy Blade","Warcry"],"picked":"Perfected Strike","floor":4.0},{"not_picked":["Burning Pact","Flex"],"picked":"Clothesline","floor":5.0},{"not_picked":["Havoc","Flex"],"picked":"Uppercut","floor":6.0},{"not_picked":["Iron Wave","Fire Breathing"],"picked":"Bludgeon","floor":7.0},{"not_picked":["Pommel Strike","Combust"],"picked":"Dropkick","floor":10.0},{"not_picked":["Seeing Red","Infernal Blade"],"picked":"True Grit","floor":12.0},{"not_picked":["Clash","Anger"],"picked":"Battle Trance","floor":13.0},{"not_picked":["Reckless Charge","Clash"],"picked":"Armaments","floor":14.0},{"not_picked":["Offering","Reaper"],"picked":"Double Tap","floor":16.0},{"not_picked":["Flex","Intimidate","Thunderclap"],"picked":"SKIP","floor":18.0},{"not_picked":["Sentinel","Pommel Strike+1","Rupture"],"picked":"SKIP","floor":20.0},{"not_picked":["Thunderclap","Sever Soul"],"picked":"Corruption","floor":21.0},{"not_picked":["Power Through","Iron Wave+1"],"picked":"Clothesline","floor":22.0},{"not_picked":["Shrug It Off","Clash"],"picked":"Power Through","floor":24.0},{"not_picked":["Searing Blow","Metallicize"],"picked":"Spot Weakness","floor":25.0},{"not_picked":["Pommel Strike","Feed","Rampage"],"picked":"Singing Bowl","floor":28}],"player_experience":963685,"relics_obtained":[{"floor":6.0,"key":"PreservedInsect"},{"floor":9.0,"key":"Juzu Bracelet"},{"floor":10.0,"key":"Whetstone"},{"floor":12.0,"key":"Strawberry"},{"floor":13.0,"key":"Art of War"},{"floor":24.0,"key":"Singing Bowl"},{"floor":26.0,"key":"Vajra"},{"floor":28,"key":"Oddly Smooth Stone"}],"event_choices":[{"damage_healed":0.0,"max_hp_gain":0.0,"max_hp_loss":0.0,"gold_gain":30.0,"event_name":"Dead Adventurer","player_choice":"Searched \u00272\u0027 times","floor":12.0,"gold_loss":0.0,"damage_taken":0.0},{"cards_removed":["Normality"],"damage_healed":0,"gold_gain":0,"player_choice":"Offered Curse","damage_taken":0,"relics_obtained":["Spirit Poop"],"max_hp_gain":0,"max_hp_loss":0,"event_name":"Bonfire Elementals","floor":30,"gold_loss":0}],"is_beta":false,"boss_relics":[{"not_picked":["Velvet Choker","Eternal Feather"],"picked":"Snecko Eye"}],"items_purged_floors":[19],"is_endless":false,"potions_floor_spawned":[4,5,7,10,13,22],"killed_by":"3 Cultists","ascension_level":20}