{"path_per_floor":["M","M","M","?","$","R","E","M","T","R","E","$","?","M","R","B",null,"M","?","M","$","M","R","E","R","T","?","R","M","M","M","R","B",null,"M","$","M","M","?","R","?","R","T","M","?","R","M","M","R"],"character_chosen":"THE_SILENT","items_purchased":["Bouncing Flask","Caltrops","Snake Skull","Noxious Fumes","Dagger Throw","Well Laid Plans","Anchor"],"gold_per_floor":[114,124,144,394,63,63,95,108,132,132,165,31,31,50,50,150,150,161,161,174,103,113,113,148,148,148,148,148,164,179,190,190,291,291,310,59,76,93,93,93,446,446,517,536,536,536,548,559,559],"floor_reached":50,"campfire_rested":5,"playtime":7003,"current_hp_per_floor":[70,70,68,68,68,68,75,69,69,69,66,66,59,56,56,39,77,73,57,51,51,58,58,52,52,52,38,62,53,35,35,59,45,82,63,63,58,46,46,46,9,33,33,18,18,42,42,39,63],"items_purged":["Strike_G","Strike_G"],"gold":559,"score":449,"play_id":"68e4a71e-ff9c-4a5a-a5e4-ffc74e16b99d","is_prod":false,"is_daily":false,"is_ascension_mode":false,"campfire_upgraded":6,"path_taken":["M","M","M","?","$","R","E","?","T","R","E","$","?","M","R","BOSS","M","?","M","$","M","R","E","R","T","?","R","M","?","M","R","BOSS","M","$","M","M","?","R","?","R","T","M","?","R","M","M","R","BOSS"],"build_version":"2018-02-12-PROD1","purchased_purges":2,"victory":false,"master_deck":["Defend_G","Defend_G","Defend_G","Defend_G","Defend_G","Strike_G","Strike_G","Survivor","Neutralize+1","After Image+1","Footwork+1","Poisoned Stab","Flechettes","Bouncing Flask","Caltrops","Poisoned Stab","Prepared","Underhanded Strike","Noxious Fumes+1","Dagger Throw","Blur+1","Envenom+1","Prepared","Deadly Poison+1","Well Laid Plans","Escape Plan","Calculated Gamble","Die Die Die","Dodge and Roll+1","Crippling Poison+1","Neutralize+1","Terror+1"],"max_hp_per_floor":[70,70,70,70,70,70,77,77,77,77,77,77,77,77,77,77,77,77,77,77,77,77,77,77,77,77,82,82,82,82,82,82,82,82,82,82,82,82,82,82,82,82,82,82,82,82,82,82,82],"relics":["Ring of the Snake","Snake Skull","Strawberry","Oddly Smooth Stone","Du-Vu Doll","The Specimen","Enchiridion","Pen Nib","Sundial","White Beast Statue","Anchor","Old Coin","Mummified Hand"],"card_choices":[{"not_picked":["Poisoned Stab","Deadly Poison"],"picked":"Footwork"},{"not_picked":["Deflect","Outmaneuver"],"picked":"Poisoned Stab"},{"not_picked":["Blade Dance","Flying Knee"],"picked":"Flechettes"},{"not_picked":["Deflect","Slice"],"picked":"Poisoned Stab"},{"not_picked":["Dash","Dodge and Roll"],"picked":"Prepared"},{"not_picked":["Choke","Caltrops"],"picked":"Underhanded Strike"},{"not_picked":["Prepared","Heel Hook"],"picked":"Blur"},{"not_picked":["Bullet Time","Phantasmal Killer"],"picked":"Envenom"},{"not_picked":["Deflect","Bane"],"picked":"Prepared"},{"not_picked":["Sucker Punch","Malaise"],"picked":"Deadly Poison"},{"not_picked":["Deflect","Underhanded Strike"],"picked":"Escape Plan"},{"not_picked":["Envenom","Flying Knee"],"picked":"Calculated Gamble"},{"not_picked":["Bullet Time","Glass Knife"],"picked":"Die Die Die"},{"not_picked":["PiercingWail","Acrobatics"],"picked":"Dodge and Roll"},{"not_picked":["Predator","Outmaneuver"],"picked":"Crippling Poison"},{"not_picked":["Doppelganger","Poisoned Stab"],"picked":"Terror"}],"player_experience":216712,"potions_floor_usage":[35,37,41,41,50,50,50],"damage_taken":[{"damage":0.0,"enemies":"Jaw Worm","floor":1.0,"turns":8.0},{"damage":0.0,"enemies":"Cultist","floor":2.0,"turns":6.0},{"damage":2.0,"enemies":"Blue Slaver","floor":3.0,"turns":5.0},{"damage":15.0,"enemies":"3 Sentries","floor":7.0,"turns":10.0},{"damage":6.0,"enemies":"Looter","floor":8.0,"turns":4.0},{"damage":3.0,"enemies":"Lagavulin","floor":11.0,"turns":7.0},{"damage":3.0,"enemies":"Gremlin Gang","floor":14.0,"turns":4.0},{"damage":17.0,"enemies":"Slime Boss","floor":16.0,"turns":9.0},{"damage":4.0,"enemies":"3 Byrds","floor":18.0,"turns":2.0},{"damage":6.0,"enemies":"Chosen","floor":20.0,"turns":4.0},{"damage":8.0,"enemies":"Centurion and Healer","floor":22.0,"turns":7.0},{"damage":21.0,"enemies":"Gremlin Leader","floor":24.0,"turns":8.0},{"damage":9.0,"enemies":"Snake Plant","floor":29.0,"turns":5.0},{"damage":18.0,"enemies":"Sentry and Sphere","floor":30.0,"turns":4.0},{"damage":0.0,"enemies":"Centurion and Healer","floor":31.0,"turns":5.0},{"damage":14.0,"enemies":"Automaton","floor":33.0,"turns":8.0},{"damage":19,"enemies":"3 Darklings","floor":35,"turns":7},{"damage":5,"enemies":"Orb Walker","floor":37,"turns":4},{"damage":12,"enemies":"Sphere and 2 Shapes","floor":38,"turns":5},{"damage":37,"enemies":"Mysterious Sphere","floor":41,"turns":7},{"damage":15,"enemies":"3 Darklings","floor":44,"turns":4},{"damage":0,"enemies":"Maw","floor":47,"turns":7},{"damage":3,"enemies":"4 Shapes","floor":48,"turns":5},{"damage":65,"enemies":"Awakened One","floor":50,"turns":16}],"event_choices":[{"event_name":"Golden Shrine","player_choice":"Desecrate","floor":4.0,"damage_taken":0.0},{"event_name":"Golden Wing","player_choice":"Card Removal","floor":13.0,"damage_taken":0.0},{"event_name":"Cursed Tome","player_choice":"Obtained Book","floor":19.0,"damage_taken":0.0},{"event_name":"Forgotten Altar","player_choice":"Shed Blood","floor":27.0,"damage_taken":0.0},{"event_name":"Duplicator","player_choice":"One dupe","floor":39,"damage_taken":0},{"event_name":"Mysterious Sphere","player_choice":"Fight","floor":41,"damage_taken":0},{"event_name":"Fountain of Cleansing","player_choice":"Removed Curse","floor":45,"damage_taken":0}],"boss_relics":[{"not_picked":["Tiny House","Philosopher\u0027s Stone"],"picked":"White Beast Statue"}],"potions_floor_spawned":[1,7,11,18,31,35,37,38,41,44,47,48],"seed_played":"5566656322315709911","killed_by":"Awakened One","ascension_level":0,"is_trial":false}