{"gold_per_floor":[112,112,84,49,49,49,64,75,127,160,171,171,171,182,182,259,259,272,282,150,169,189,189,189],"floor_reached":24,"playtime":1266,"items_purged":["Defend_R"],"score":376,"play_id":"e52e7425-ea96-496e-8001-77b1b4034502","local_time":"20190613140844","is_ascension_mode":true,"campfire_choices":[{"data":"Searing Blow+1","floor":6,"key":"SMITH"},{"floor":12,"key":"REST"},{"data":"Rampage","floor":15,"key":"SMITH"},{"floor":23,"key":"REST"}],"neow_cost":"PERCENT_DAMAGE","seed_source_timestamp":2269025045826989,"circlet_count":0,"master_deck":["AscendersBane","Strike_R","Strike_R","Defend_R+1","Defend_R+1","Bash","Offering","Searing Blow+2","Battle Trance","Clothesline","Spot Weakness","Headbutt","Rampage+1","Barricade+1","True Grit+1","Shrug It Off"],"relics":["Burning Blood","Orichalcum","Pantograph","Frozen Egg 2","Empty Cage"],"potions_floor_usage":[10,10,16,18,22],"damage_taken":[{"damage":18,"enemies":"Small Slimes","floor":1,"turns":3},{"damage":0,"enemies":"2 Louse","floor":7,"turns":3},{"damage":6,"enemies":"Cultist","floor":8,"turns":2},{"damage":23,"enemies":"3 Sentries","floor":10,"turns":9},{"damage":5,"enemies":"Large Slime","floor":11,"turns":6},{"damage":7,"enemies":"3 Louse","floor":14,"turns":3},{"damage":12,"enemies":"Slime Boss","floor":16,"turns":7},{"damage":34,"enemies":"3 Byrds","floor":18,"turns":6},{"damage":10,"enemies":"Chosen","floor":19,"turns":5},{"damage":20,"enemies":"Centurion and Healer","floor":21,"turns":5},{"damage":20,"enemies":"3 Cultists","floor":22,"turns":5},{"damage":35,"enemies":"Book of Stabbing","floor":24,"turns":4}],"seed_played":"7123691855477871914","potions_obtained":[{"floor":1,"key":"SpeedPotion"},{"floor":8,"key":"Block Potion"},{"floor":10,"key":"Swift Potion"},{"floor":14,"key":"GamblersBrew"},{"floor":16,"key":"Swift Potion"},{"floor":19,"key":"Energy Potion"},{"floor":21,"key":"Swift Potion"}],"is_trial":false,"path_per_floor":["M","?","$","?","?","R","M","M","T","E","M","R","?","M","R","B",null,"M","M","$","M","M","R","E"],"character_chosen":"IRONCLAD","items_purchased":["Clothesline","Shrug It Off"],"campfire_rested":2,"item_purchase_floors":[3,20],"current_hp_per_floor":[38,38,38,56,33,33,39,39,39,22,23,45,45,44,44,63,72,44,40,40,26,12,34,0],"gold":189,"neow_bonus":"TRANSFORM_TWO_CARDS","is_prod":false,"is_daily":false,"chose_seed":false,"campfire_upgraded":2,"win_rate":0,"timestamp":1560445724,"path_taken":["M","?","$","?","?","R","M","M","T","E","M","R","?","M","R","BOSS","M","M","$","M","?","R","E"],"build_version":"2019-01-23","purchased_purges":1,"victory":false,"max_hp_per_floor":[75,75,75,75,75,75,75,75,75,75,75,75,75,75,75,75,75,75,75,75,75,75,75,75],"card_choices":[{"not_picked":["True Grit","Uppercut"],"picked":"Battle Trance","floor":1},{"not_picked":["Corruption","Shockwave","Intimidate"],"picked":"SKIP","floor":7},{"not_picked":["Thunderclap","Seeing Red"],"picked":"Spot Weakness","floor":8},{"not_picked":["Shockwave","Thunderclap"],"picked":"Headbutt","floor":10},{"not_picked":["Flex","Clash","Metallicize"],"picked":"SKIP","floor":11},{"not_picked":["Infernal Blade","Reckless Charge"],"picked":"Rampage","floor":14},{"not_picked":["Bludgeon","Offering"],"picked":"Barricade+1","floor":16},{"not_picked":["Sever Soul","Anger","Cleave"],"picked":"SKIP","floor":18},{"not_picked":["Wild Strike","Sever Soul"],"picked":"True Grit+1","floor":19},{"not_picked":["Sword Boomerang","Warcry","Perfected Strike"],"picked":"SKIP","floor":21},{"not_picked":["Rampage","Thunderclap","Exhume"],"picked":"SKIP","floor":22}],"player_experience":1021485,"relics_obtained":[{"floor":9,"key":"Orichalcum"},{"floor":10,"key":"Pantograph"}],"event_choices":[{"damage_healed":0,"gold_gain":0,"player_choice":"Grow","damage_taken":0,"max_hp_gain":0,"max_hp_loss":0,"event_name":"Living Wall","floor":2,"gold_loss":0,"cards_upgraded":["Searing Blow"]},{"damage_healed":18,"gold_gain":0,"player_choice":"Healed","damage_taken":0,"max_hp_gain":0,"max_hp_loss":0,"event_name":"The Cleric","floor":4,"gold_loss":35},{"damage_healed":0,"gold_gain":0,"player_choice":"Entered Light","damage_taken":23,"max_hp_gain":0,"max_hp_loss":0,"event_name":"Shining Light","floor":5,"gold_loss":0,"cards_upgraded":["Defend_R","Defend_R"]},{"damage_healed":0,"gold_gain":0,"player_choice":"Gave Potion","damage_taken":0,"relics_obtained":["Frozen Egg 2"],"max_hp_gain":0,"max_hp_loss":0,"event_name":"WeMeetAgain","floor":13,"gold_loss":0}],"is_beta":false,"boss_relics":[{"not_picked":["Eternal Feather","Black Star"],"picked":"Empty Cage"}],"items_purged_floors":[20],"is_endless":false,"potions_floor_spawned":[1,8,10,14,16,19,21],"killed_by":"Book of Stabbing","ascension_level":18}