{"gold_per_floor":[113,12,12,23,33,33,65,65,117,145,145,177,177,189,189,267,267,281,301,56,56,71,105,105,25,49,49,49,81,97,111,111,188,188,205,223,5,22,22,47,66,166,189,189,208,20,20,38,38,38,38,38,38,68,68],"floor_reached":55,"playtime":4419,"items_purged":["Strike_B"],"score":1577,"play_id":"a66d9288-bcb1-4f20-94e5-63d9ad7e9128","local_time":"20190331225510","is_ascension_mode":true,"campfire_choices":[{"data":"Buffer","floor":6.0,"key":"SMITH"},{"data":"Doom and Gloom","floor":8.0,"key":"SMITH"},{"floor":15.0,"key":"REST"},{"data":"Hyperbeam","floor":24.0,"key":"SMITH"},{"data":"Defragment","floor":27.0,"key":"SMITH"},{"floor":32,"key":"REST"},{"floor":49,"key":"RECALL"},{"data":"Defragment","floor":52,"key":"SMITH"}],"neow_cost":"NONE","seed_source_timestamp":195382555094569,"circlet_count":0,"master_deck":["AscendersBane","Strike_B","Strike_B","Strike_B","Defend_B","Defend_B","Defend_B","Defend_B","Zap","Dualcast","Buffer+1","Ball Lightning","Doom and Gloom+1","Sweeping Beam","Cold Snap","Chill","Undo","Hyperbeam+1","Echo Form","Steam","Glacier","Coolheaded+1","Defragment+1","Defragment+1","Core Surge","Echo Form","BootSequence"],"special_seed":0,"relics":["FrozenCore","Dream Catcher","PreservedInsect","Unceasing Top","Pocketwatch","Velvet Choker","Art of War","Matryoshka","Incense Burner","Anchor","Potion Belt","Happy Flower","DollysMirror","Dodecahedron","Dead Branch","Question Card","Blue Candle","Bottled Lightning"],"potions_floor_usage":[29,33,40,45,55,55,55,55],"damage_taken":[{"damage":9.0,"enemies":"Small Slimes","floor":1.0,"turns":3.0},{"damage":11.0,"enemies":"2 Louse","floor":4.0,"turns":2.0},{"damage":1.0,"enemies":"Cultist","floor":5.0,"turns":4.0},{"damage":0.0,"enemies":"Lagavulin","floor":7.0,"turns":5.0},{"damage":8.0,"enemies":"3 Sentries","floor":10.0,"turns":4.0},{"damage":0.0,"enemies":"Lagavulin","floor":12.0,"turns":5.0},{"damage":6.0,"enemies":"Lots of Slimes","floor":14.0,"turns":2.0},{"damage":10.0,"enemies":"The Guardian","floor":16.0,"turns":13.0},{"damage":7.0,"enemies":"2 Thieves","floor":18.0,"turns":4.0},{"damage":0.0,"enemies":"Chosen","floor":19.0,"turns":5.0},{"damage":10.0,"enemies":"Snake Plant","floor":22.0,"turns":6.0},{"damage":3.0,"enemies":"Book of Stabbing","floor":23.0,"turns":5.0},{"damage":17,"enemies":"Gremlin Leader","floor":29,"turns":5},{"damage":0,"enemies":"Centurion and Healer","floor":30,"turns":9},{"damage":1,"enemies":"Chosen and Byrds","floor":31,"turns":6},{"damage":0,"enemies":"Champ","floor":33,"turns":20},{"damage":0,"enemies":"Orb Walker","floor":35,"turns":5},{"damage":0,"enemies":"3 Darklings","floor":36,"turns":5},{"damage":0,"enemies":"Sphere and 2 Shapes","floor":38,"turns":8},{"damage":12,"enemies":"Reptomancer","floor":40,"turns":10},{"damage":6,"enemies":"Transient","floor":41,"turns":6},{"damage":0,"enemies":"Mind Bloom Boss Battle","floor":42,"turns":9},{"damage":3,"enemies":"Writhing Mass","floor":45,"turns":15},{"damage":0,"enemies":"Jaw Worm Horde","floor":48,"turns":3},{"damage":16,"enemies":"Time Eater","floor":50,"turns":23},{"damage":2,"enemies":"Shield and Spear","floor":54,"turns":12},{"damage":59,"enemies":"The Heart","floor":55,"turns":12}],"seed_played":"-4583086428535207234","potions_obtained":[{"floor":1.0,"key":"GamblersBrew"},{"floor":7.0,"key":"SkillPotion"},{"floor":10.0,"key":"Weak Potion"},{"floor":16.0,"key":"PowerPotion"},{"floor":22.0,"key":"Poison Potion"},{"floor":23.0,"key":"Strength Potion"},{"floor":31,"key":"Fire Potion"},{"floor":33,"key":"Strength Potion"},{"floor":35,"key":"Regen Potion"},{"floor":41,"key":"EssenceOfSteel"}],"is_trial":false,"path_per_floor":["M","$","?","M","M","R","E","R","T","E","?","E","?","M","R","B",null,"M","M","$","T","M","E","R","$","T","R","?","E","M","M","R","B",null,"M","M","$","M","$","E","M","?","T","?","M","$","T","M","R","B",null,"R","$","E","B"],"character_chosen":"DEFECT","items_purchased":["Doom and Gloom","Sweeping Beam","Glacier","Art of War","Defragment","DollysMirror","PowerPotion","Swift Potion"],"campfire_rested":2,"item_purchase_floors":[2,2,20,20,25,37,46,46],"current_hp_per_floor":[55,55,55,44,43,43,43,43,43,35,35,35,31,25,46,36,62,55,55,55,55,45,42,42,42,42,42,42,25,25,24,45,45,65,65,65,65,65,65,53,47,47,47,47,59,59,59,59,59,43,61,61,61,59,0],"gold":68,"neow_bonus":"ONE_RANDOM_RARE_CARD","is_prod":false,"is_daily":false,"chose_seed":false,"campfire_upgraded":5,"win_rate":0,"timestamp":1554087310,"path_taken":["M","$","?","M","M","R","E","R","T","E","?","E","?","M","R","BOSS","M","?","$","?","M","E","R","$","T","R","?","E","M","M","R","BOSS","M","M","$","M","$","E","M","?","T","?","M","?","?","M","R","BOSS","R","$","E","BOSS"],"build_version":"2019-01-23","purchased_purges":1,"victory":false,"max_hp_per_floor":[71,71,71,71,71,71,71,71,71,71,71,71,71,71,71,71,71,71,71,71,71,71,71,71,71,71,71,71,71,71,71,71,71,71,71,71,71,71,71,71,71,71,71,67,67,67,67,67,67,67,67,67,67,67,67],"card_choices":[{"not_picked":["Rebound","Hologram"],"picked":"Ball Lightning","floor":1.0},{"not_picked":["Scrape","Redo","Steam"],"picked":"SKIP","floor":4.0},{"not_picked":["Gash","Loop"],"picked":"Cold Snap","floor":5.0},{"not_picked":["Gash","Lockon","Scrape"],"picked":"SKIP","floor":7.0},{"not_picked":["Compile Driver","Go for the Eyes"],"picked":"Chill","floor":10.0},{"not_picked":["Streamline","Rebound"],"picked":"Undo","floor":12.0},{"not_picked":["Hologram","Darkness","Double Energy"],"picked":"SKIP","floor":14.0},{"not_picked":["Go for the Eyes","Rebound"],"picked":"Hyperbeam","floor":15.0},{"not_picked":["Biased Cognition","Buffer"],"picked":"Echo Form","floor":16.0},{"not_picked":["Redo","Leap"],"picked":"Steam","floor":18.0},{"not_picked":["Beam Cell","Rip and Tear","Stack"],"picked":"SKIP","floor":19.0},{"not_picked":["Leap","Steam"],"picked":"Coolheaded+1","floor":22.0},{"not_picked":["Thunder Strike","Turbo","Leap"],"picked":"SKIP","floor":23.0},{"not_picked":["Meteor Strike","Genetic Algorithm","Ball Lightning"],"picked":"SKIP","floor":29},{"not_picked":["Turbo","Gash"],"picked":"Defragment","floor":30},{"not_picked":["Fusion","Auto Shields","Hello World+1"],"picked":"SKIP","floor":31},{"not_picked":["Machine Learning","Biased Cognition"],"picked":"Core Surge","floor":33},{"not_picked":["Conserve Battery","Ball Lightning","Compile Driver+1"],"picked":"SKIP","floor":35},{"not_picked":["Streamline","Rebound+1","Recycle"],"picked":"SKIP","floor":36},{"not_picked":["Conserve Battery","Glacier+1","Hello World"],"picked":"SKIP","floor":38},{"not_picked":["Beam Cell","Electrodynamics","Leap"],"picked":"SKIP","floor":40},{"not_picked":["Hologram","Melter","Hello World"],"picked":"SKIP","floor":41},{"not_picked":["Melter+1","Auto Shields","Ball Lightning","Heatsinks"],"picked":"SKIP","floor":45},{"not_picked":["Beam Cell","Cold Snap+1","Ball Lightning+1","Gash"],"picked":"SKIP","floor":48},{"not_picked":["Genetic Algorithm","Sweeping Beam+1","Stack+1"],"picked":"BootSequence","floor":54}],"player_experience":598300,"relics_obtained":[{"floor":7.0,"key":"Dream Catcher"},{"floor":9.0,"key":"PreservedInsect"},{"floor":10.0,"key":"Unceasing Top"},{"floor":12.0,"key":"Pocketwatch"},{"floor":21.0,"key":"Matryoshka"},{"floor":23.0,"key":"Incense Burner"},{"floor":26.0,"key":"Anchor"},{"floor":26.0,"key":"Potion Belt"},{"floor":29,"key":"Happy Flower"},{"floor":40,"key":"Dodecahedron"},{"floor":42,"key":"Dead Branch"},{"floor":43,"key":"Question Card"},{"floor":47,"key":"Blue Candle"},{"floor":54,"key":"Bottled Lightning"}],"event_choices":[{"damage_healed":0.0,"max_hp_gain":0.0,"max_hp_loss":0.0,"gold_gain":0.0,"event_name":"The Cleric","player_choice":"Leave","floor":3.0,"gold_loss":0.0,"damage_taken":0.0},{"damage_healed":0.0,"max_hp_gain":0.0,"max_hp_loss":0.0,"gold_gain":0.0,"event_name":"Dead Adventurer","player_choice":"Searched \u00270\u0027 times","floor":11.0,"gold_loss":0.0,"damage_taken":0.0},{"damage_healed":0.0,"max_hp_gain":0.0,"max_hp_loss":0.0,"gold_gain":0.0,"event_name":"The Woman in Blue","player_choice":"Bought 0 Potions","floor":13.0,"gold_loss":0.0,"damage_taken":0.0},{"damage_healed":0,"gold_gain":0,"player_choice":"Fight","damage_taken":0,"max_hp_gain":0,"max_hp_loss":0,"event_name":"MindBloom","floor":42,"gold_loss":0},{"damage_healed":0,"gold_gain":0,"player_choice":"Max HP","damage_taken":0,"max_hp_gain":0,"max_hp_loss":4,"event_name":"Winding Halls","floor":44,"gold_loss":0}],"is_beta":false,"boss_relics":[{"not_picked":["Nuclear Battery","Astrolabe"],"picked":"Velvet Choker"},{"not_picked":["Eternal Feather","Runic Dome"],"picked":"FrozenCore"}],"items_purged_floors":[46],"is_endless":false,"potions_floor_spawned":[1,7,10,16,22,23,31,33,35,41,48],"killed_by":"The Heart","ascension_level":18}