{"gold_per_floor":[114,17,35,35,54,79,79,104,104,104,120,137,137,156,156,253,253,269,269,283,283,283,283,283],"floor_reached":24,"playtime":3280,"items_purged":[],"score":247,"play_id":"33719b7e-0f44-45d9-8548-db19a92a701e","local_time":"20181222114131","is_ascension_mode":true,"campfire_choices":[{"floor":7.0,"key":"REST"},{"floor":10.0,"key":"REST"},{"data":"Searing Blow","floor":13.0,"key":"SMITH"},{"floor":15.0,"key":"REST"},{"floor":23,"key":"REST"}],"neow_cost":"NONE","seed_source_timestamp":0,"circlet_count":0,"master_deck":["Strike_R+1","Strike_R+1","Strike_R+1","Strike_R+1","Strike_R+1","Defend_R+1","Defend_R+1","Defend_R+1","Defend_R+1","Bash","Double Tap","Hemokinesis","Enlightenment","Inflame","Thunderclap","Metallicize","Searing Blow+1","Shockwave","Armaments","Sentinel","Offering","Ghostly Armor","Rage+1","Decay"],"special_seed":0,"relics":["Burning Blood","Art of War","Shuriken","Juzu Bracelet","Runic Cube","Nilry\u0027s Codex"],"potions_floor_usage":[24],"damage_taken":[{"damage":9.0,"enemies":"Jaw Worm","floor":1.0,"turns":4.0},{"damage":7.0,"enemies":"Small Slimes","floor":3.0,"turns":3.0},{"damage":3.0,"enemies":"2 Louse","floor":5.0,"turns":3.0},{"damage":59.0,"enemies":"Lagavulin","floor":6.0,"turns":6.0},{"damage":41.0,"enemies":"3 Sentries","floor":8.0,"turns":10.0},{"damage":14.0,"enemies":"Blue Slaver","floor":11.0,"turns":3.0},{"damage":14.0,"enemies":"2 Fungi Beasts","floor":12.0,"turns":3.0},{"damage":13.0,"enemies":"3 Louse","floor":14.0,"turns":3.0},{"damage":38.0,"enemies":"The Guardian","floor":16.0,"turns":11.0},{"damage":46,"enemies":"3 Byrds","floor":18,"turns":7},{"damage":35,"enemies":"Spheric Guardian","floor":20,"turns":9},{"damage":33,"enemies":"Book of Stabbing","floor":24,"turns":6}],"seed_played":"-7846626426875376980","potions_obtained":[{"floor":1.0,"key":"FairyPotion"},{"floor":6.0,"key":"Weak Potion"},{"floor":8.0,"key":"Weak Potion"},{"floor":11.0,"key":"LiquidBronze"},{"floor":20,"key":"Dexterity Potion"}],"is_trial":false,"path_per_floor":["M","$","M","?","M","E","R","E","T","R","M","M","R","M","R","B",null,"M","?","M","?","?","R","E"],"character_chosen":"IRONCLAD","items_purchased":["Enlightenment"],"campfire_rested":4,"item_purchase_floors":[2],"current_hp_per_floor":[77,77,76,76,79,26,50,15,15,39,31,23,23,16,40,8,80,40,24,7,7,7,31,0],"gold":283,"neow_bonus":"ONE_RANDOM_RARE_CARD","is_prod":false,"is_daily":false,"chose_seed":false,"campfire_upgraded":1,"win_rate":0,"timestamp":1545507691,"path_taken":["M","$","M","?","M","E","R","E","T","R","M","M","R","M","R","BOSS","M","?","M","?","?","R","E"],"build_version":"2018-12-20","purchased_purges":0,"victory":false,"max_hp_per_floor":[80,80,80,80,80,80,80,80,80,80,80,80,80,80,80,80,80,80,80,80,80,80,80,80],"card_choices":[{"not_picked":["Intimidate","Headbutt"],"picked":"Hemokinesis","floor":1.0},{"not_picked":["Intimidate","Corruption"],"picked":"Inflame","floor":3.0},{"not_picked":["Body Slam","Corruption"],"picked":"Thunderclap","floor":5.0},{"not_picked":["Clash","Burning Pact"],"picked":"Metallicize","floor":6.0},{"not_picked":["Reckless Charge","Whirlwind"],"picked":"Searing Blow","floor":8.0},{"not_picked":["Wild Strike","Burning Pact"],"picked":"Shockwave","floor":11.0},{"not_picked":["Hemokinesis","Battle Trance"],"picked":"Armaments","floor":12.0},{"not_picked":["Bloodletting","Rampage"],"picked":"Sentinel","floor":14.0},{"not_picked":["Brutality","Fiend Fire"],"picked":"Offering","floor":16.0},{"not_picked":["Headbutt+1","Armaments"],"picked":"Ghostly Armor","floor":18},{"not_picked":["Evolve+1","Inflame+1"],"picked":"Rage+1","floor":20}],"player_experience":469518,"relics_obtained":[{"floor":6.0,"key":"Art of War"},{"floor":8.0,"key":"Shuriken"},{"floor":9.0,"key":"Juzu Bracelet"},{"floor":19,"key":"Nilry\u0027s Codex"}],"event_choices":[{"damage_healed":0.0,"max_hp_gain":0.0,"max_hp_loss":0.0,"gold_gain":0.0,"event_name":"The Cleric","player_choice":"Leave","floor":4.0,"gold_loss":0.0,"damage_taken":0.0},{"damage_healed":0,"gold_gain":0,"player_choice":"Obtained Book","damage_taken":16,"max_hp_gain":0,"max_hp_loss":0,"event_name":"Cursed Tome","floor":19,"gold_loss":0},{"damage_healed":0,"gold_gain":0,"player_choice":"Simplicity","damage_taken":0,"max_hp_gain":0,"max_hp_loss":0,"event_name":"Back to Basics","floor":21,"gold_loss":0,"cards_upgraded":["Strike_R","Strike_R","Strike_R","Strike_R","Strike_R","Defend_R","Defend_R","Defend_R","Defend_R"]},{"damage_healed":0,"gold_gain":0,"player_choice":"Smashed Altar","damage_taken":0,"max_hp_gain":0,"max_hp_loss":0,"event_name":"Forgotten Altar","floor":22,"gold_loss":0,"cards_obtained":["Decay"]}],"is_beta":false,"boss_relics":[{"not_picked":["Ectoplasm","Black Star"],"picked":"Runic Cube"}],"items_purged_floors":[],"is_endless":false,"potions_floor_spawned":[1,6,8,11,20],"killed_by":"Book of Stabbing","ascension_level":4}