{"path_per_floor":["M","?","M","M","M","E","?","?","T","R","$","M","M","M","R","B",null,"M","?","M","?","M","R"],"character_chosen":"IRONCLAD","items_purchased":["Cleave"],"gold_per_floor":[109,79,94,110,129,156,156,181,181,181,61,79,95,95,95,194,194,194,194,194,194,194,194],"floor_reached":24,"campfire_rested":2,"playtime":3621,"current_hp_per_floor":[80,80,79,80,36,21,80,62,62,62,62,48,47,42,66,19,80,73,58,59,59,7,33],"items_purged":["Strike_R"],"gold":194,"play_id":"b7ef4673-8b5c-4b8e-a16d-a25797489378","is_prod":false,"is_daily":false,"campfire_rituals":0,"campfire_upgraded":0,"is_hardmode":false,"path_taken":["M","?","M","M","M","E","?","?","T","R","$","?","?","M","R","BOSS","M","?","?","?","M","R","E"],"build_version":"2018-01-18-PROD4","purchased_purges":1,"victory":false,"master_deck":["Strike_R","Strike_R","Strike_R","Defend_R","Defend_R","Defend_R","Bash","Shrug It Off","Clothesline","Sword Boomerang","Dropkick","Flex","Rage","Cleave","Cleave","Warcry","Sword Boomerang","Feed","Flex","Heavy Blade","Writhe","Shrug It Off"],"max_hp_per_floor":[80,80,80,80,80,80,80,80,80,80,80,80,80,80,80,80,80,83,88,88,88,88,88],"relics":["Burning Blood","Vajra","Odd Mushroom","Peace Pipe","Ectoplasm","Ancient Tea Set"],"campfire_meditates":0,"card_choices":[{"not_picked":["Iron Wave","Rage"],"picked":"Shrug It Off"},{"not_picked":["Demon Form","Flame Barrier"],"picked":"Clothesline"},{"not_picked":["Fire Breathing","Feel No Pain"],"picked":"Sword Boomerang"},{"not_picked":["Rupture","Bloodletting"],"picked":"Dropkick"},{"not_picked":["Bloodletting","Heavy Blade"],"picked":"Flex"},{"not_picked":["Clothesline","Warcry"],"picked":"Rage"},{"not_picked":["Twin Strike","Rupture"],"picked":"Cleave"},{"not_picked":["Heavy Blade","Second Wind"],"picked":"Warcry"},{"not_picked":["Metallicize","Intimidate"],"picked":"Sword Boomerang"},{"not_picked":["Barricade","Limit Break"],"picked":"Feed"},{"not_picked":["Sword Boomerang","Perfected Strike"],"picked":"Flex"},{"not_picked":["Iron Wave","Twin Strike"],"picked":"Heavy Blade"},{"not_picked":["Flex","Clothesline"],"picked":"Shrug It Off"}],"player_experience":40058,"potions_floor_usage":[22,22,22],"damage_taken":[{"damage":6.0,"enemies":"Jaw Worm","floor":1.0,"turns":3.0},{"damage":7.0,"enemies":"Blue Slaver","floor":3.0,"turns":5.0},{"damage":4.0,"enemies":"Cultist","floor":4.0,"turns":3.0},{"damage":50.0,"enemies":"Gremlin Gang","floor":5.0,"turns":7.0},{"damage":21.0,"enemies":"Gremlin Nob","floor":6.0,"turns":4.0},{"damage":24.0,"enemies":"The Mushroom Lair","floor":8.0,"turns":4.0},{"damage":20.0,"enemies":"Large Slime","floor":12.0,"turns":5.0},{"damage":7.0,"enemies":"3 Louse","floor":13.0,"turns":2.0},{"damage":11.0,"enemies":"Exordium Wildlife","floor":14.0,"turns":3.0},{"damage":68.0,"enemies":"The Guardian","floor":16.0,"turns":13.0},{"damage":16,"enemies":"Spheric Guardian","floor":18,"turns":5},{"damage":5,"enemies":"Chosen","floor":20,"turns":4},{"damage":58,"enemies":"Slaver and Parasite","floor":22,"turns":7},{"damage":36,"enemies":"Book of Stabbing","floor":24,"turns":5}],"event_choices":[{"event_name":"The Woman in Blue","player_choice":"Bought 2 Potions","floor":2.0,"damage_taken":0.0},{"event_name":"Wheel of Change","player_choice":"Full Heal","floor":7.0,"damage_taken":0.0},{"event_name":"Mushrooms","player_choice":"Fought Mushrooms","floor":8.0,"damage_taken":0.0},{"event_name":"Forgotten Altar","player_choice":"Shed Blood","floor":19,"damage_taken":0},{"event_name":"The Mausoleum","player_choice":"Yes","floor":21,"damage_taken":0}],"boss_relics":[{"not_picked":["Sozu","Astrolabe"],"picked":"Ectoplasm"}],"potions_floor_spawned":[3,4,5,6,13,16,18,20],"seed_played":"3972890201039461953","killed_by":"Book of Stabbing","is_trial":false}