{"gold_per_floor":[116,216,226,246,258,258,270,270,270,282,282,309,75,31,31,131,131,144,144,164,28,43,43,54,54,54,74,74,74,74,88,88,193,193,206,219,219,102,102,102,120,120,147,177,188,188,188,204,204,204],"floor_reached":51,"playtime":7534,"items_purged":["Strike_G"],"score":679,"play_id":"0ff452b8-ad7f-4e84-a8ac-8381add9e8a9","local_time":"20190310155817","is_ascension_mode":false,"campfire_choices":[{"data":"Terror","floor":6.0,"key":"SMITH"},{"data":"Adrenaline","floor":8.0,"key":"SMITH"},{"floor":15.0,"key":"REST"},{"data":"RitualDagger","floor":23.0,"key":"SMITH"},{"data":"Burst","floor":25.0,"key":"SMITH"},{"data":"Cloak And Dagger","floor":29.0,"key":"SMITH"},{"floor":32.0,"key":"REST"},{"data":"Catalyst","floor":40.0,"key":"SMITH"},{"floor":47,"key":"REST"},{"data":"Glass Knife","floor":49,"key":"SMITH"}],"neow_cost":"NONE","seed_source_timestamp":0,"circlet_count":0,"master_deck":["Defend_G","Defend_G","Defend_G","Defend_G","Defend_G","Strike_G","Strike_G","Survivor","Neutralize","Cloak And Dagger+1","Slice","Well Laid Plans","Terror+1","Adrenaline+1","Dodge and Roll","Deadly Poison","Concentrate","Burst+1","Blur","RitualDagger+1","Flying Knee","Glass Knife+1","Quick Slash","Predator","Sucker Punch+1","Bouncing Flask+1","Envenom","Deflect+1","Catalyst+1","Escape Plan+1","Madness","Madness","Bouncing Flask+1","Doppelganger+1","Secret Weapon+1","Deflect+1"],"special_seed":0,"relics":["Ring of the Snake","Unceasing Top","Dodecahedron","Juzu Bracelet","Eternal Feather","The Courier","Enchiridion","Sozu","Gambling Chip","Lantern","Toxic Egg 2"],"potions_floor_usage":[50],"damage_taken":[{"damage":0.0,"enemies":"2 Louse","floor":1.0,"turns":3.0},{"damage":2.0,"enemies":"Cultist","floor":3.0,"turns":5.0},{"damage":2.0,"enemies":"Small Slimes","floor":4.0,"turns":4.0},{"damage":7.0,"enemies":"Exordium Wildlife","floor":5.0,"turns":5.0},{"damage":13.0,"enemies":"2 Fungi Beasts","floor":7.0,"turns":4.0},{"damage":6.0,"enemies":"Exordium Thugs","floor":10.0,"turns":6.0},{"damage":18.0,"enemies":"Lagavulin","floor":12.0,"turns":9.0},{"damage":18.0,"enemies":"Hexaghost","floor":16.0,"turns":11.0},{"damage":1.0,"enemies":"Chosen","floor":18.0,"turns":6.0},{"damage":22.0,"enemies":"Spheric Guardian","floor":20.0,"turns":8.0},{"damage":0.0,"enemies":"3 Cultists","floor":22.0,"turns":7.0},{"damage":10.0,"enemies":"Snake Plant","floor":24.0,"turns":4.0},{"damage":4.0,"enemies":"Centurion and Healer","floor":27.0,"turns":6.0},{"damage":5.0,"enemies":"Shelled Parasite and Fungi","floor":31.0,"turns":4.0},{"damage":26.0,"enemies":"Automaton","floor":33.0,"turns":8.0},{"damage":0.0,"enemies":"Orb Walker","floor":35.0,"turns":3.0},{"damage":17.0,"enemies":"3 Shapes","floor":36.0,"turns":7.0},{"damage":0.0,"enemies":"Writhing Mass","floor":41.0,"turns":3.0},{"damage":12,"enemies":"Nemesis","floor":44,"turns":5},{"damage":23,"enemies":"Spire Growth","floor":45,"turns":4},{"damage":11,"enemies":"Maw","floor":48,"turns":5},{"damage":27,"enemies":"Awakened One","floor":50,"turns":11}],"seed_played":"2567880152070375487","potions_obtained":[{"floor":3.0,"key":"Dexterity Potion"},{"floor":10.0,"key":"SpeedPotion"},{"floor":12.0,"key":"Ancient Potion"},{"floor":16.0,"key":"SteroidPotion"},{"floor":20.0,"key":"Explosive Potion"},{"floor":22.0,"key":"Poison Potion"}],"is_trial":false,"path_per_floor":["M","?","M","M","M","R","M","R","T","M","?","E","$","?","R","B",null,"M","?","M","$","M","R","M","R","T","M","?","R","?","M","R","B",null,"M","M","?","$","?","R","M","?","T","E","M","?","R","M","R","B",null],"character_chosen":"THE_SILENT","items_purchased":["Juzu Bracelet","Concentrate","Glass Knife","Catalyst"],"campfire_rested":3,"item_purchase_floors":[13,13,21,38],"current_hp_per_floor":[77,77,75,73,66,66,53,53,53,47,47,29,29,29,52,34,77,76,70,48,48,48,63,53,68,68,64,48,63,63,58,77,51,77,77,60,60,60,60,75,75,65,65,53,30,30,74,63,77,50],"gold":204,"neow_bonus":"TEN_PERCENT_HP_BONUS","is_prod":false,"is_daily":false,"chose_seed":false,"campfire_upgraded":7,"win_rate":0,"timestamp":1552258697,"path_taken":["M","?","M","?","M","R","M","R","T","M","?","E","$","?","R","BOSS","M","?","M","$","M","R","M","R","T","M","?","R","?","M","R","BOSS","M","M","?","?","?","R","M","?","T","E","M","?","R","M","R","BOSS"],"build_version":"2019-01-23","purchased_purges":1,"victory":true,"max_hp_per_floor":[77,77,77,77,77,77,77,77,77,77,77,77,77,77,77,77,77,77,77,77,77,77,77,77,77,77,77,77,77,77,77,77,77,77,77,77,77,77,77,77,77,77,77,77,77,77,77,77,77,77],"card_choices":[{"not_picked":["Deflect","Dagger Spray"],"picked":"Cloak And Dagger","floor":1.0},{"not_picked":["Eviscerate","Reflex"],"picked":"Slice","floor":3.0},{"not_picked":["Slice","Dodge and Roll"],"picked":"Well Laid Plans","floor":4.0},{"not_picked":["Predator","Backstab"],"picked":"Terror","floor":5.0},{"not_picked":["Cloak And Dagger","Underhanded Strike"],"picked":"Adrenaline","floor":7.0},{"not_picked":["Flying Knee","Outmaneuver"],"picked":"Dodge and Roll","floor":10.0},{"not_picked":["Escape Plan","Unload"],"picked":"Deadly Poison","floor":12.0},{"not_picked":["Malaise","After Image"],"picked":"Burst","floor":16.0},{"not_picked":["Deadly Poison+1","Deflect"],"picked":"Blur","floor":18.0},{"not_picked":["Concentrate","Distraction"],"picked":"Flying Knee","floor":20.0},{"not_picked":["Sucker Punch","Choke"],"picked":"Quick Slash","floor":22.0},{"not_picked":["Poisoned Stab","Unload"],"picked":"Predator","floor":24.0},{"not_picked":["Acrobatics","Tactician"],"picked":"Sucker Punch+1","floor":27.0},{"not_picked":["Choke","Deflect"],"picked":"Bouncing Flask+1","floor":31.0},{"not_picked":["Corpse Explosion","Storm of Steel"],"picked":"Envenom","floor":33.0},{"not_picked":["Sucker Punch+1","Skewer+1"],"picked":"Deflect+1","floor":35.0},{"not_picked":["Outmaneuver","Choke","Sucker Punch+1"],"picked":"SKIP","floor":36.0},{"not_picked":["Sucker Punch","Prepared+1"],"picked":"Escape Plan+1","floor":41.0},{"not_picked":["Bane","Choke"],"picked":"Bouncing Flask","floor":44},{"not_picked":["Bane+1","Sucker Punch+1"],"picked":"Doppelganger+1","floor":45},{"not_picked":["Dramatic Entrance","Madness+1"],"picked":"Secret Weapon+1","floor":46},{"not_picked":["Dagger Throw","Choke+1"],"picked":"Deflect+1","floor":48}],"player_experience":579749,"relics_obtained":[{"floor":9.0,"key":"Unceasing Top"},{"floor":12.0,"key":"Dodecahedron"},{"floor":26.0,"key":"The Courier"},{"floor":28.0,"key":"Enchiridion"},{"floor":37.0,"key":"Gambling Chip"},{"floor":43.0,"key":"Lantern"},{"floor":44,"key":"Toxic Egg 2"}],"event_choices":[{"damage_healed":0.0,"max_hp_gain":0.0,"max_hp_loss":0.0,"gold_gain":100.0,"event_name":"Wheel of Change","player_choice":"Gold","floor":2.0,"gold_loss":0.0,"damage_taken":0.0},{"damage_healed":0.0,"max_hp_gain":0.0,"max_hp_loss":0.0,"gold_gain":0.0,"event_name":"Dead Adventurer","player_choice":"Searched \u00271\u0027 times","floor":11.0,"gold_loss":0.0,"damage_taken":0.0},{"damage_healed":0.0,"max_hp_gain":0.0,"max_hp_loss":0.0,"gold_gain":0.0,"event_name":"World of Goop","player_choice":"Left Gold","floor":14.0,"gold_loss":44.0,"damage_taken":0.0},{"damage_healed":0.0,"max_hp_gain":0.0,"max_hp_loss":0.0,"gold_gain":0.0,"event_name":"Nest","player_choice":"Joined the Cult","floor":19.0,"gold_loss":0.0,"damage_taken":6.0,"cards_obtained":["RitualDagger"]},{"damage_healed":0.0,"max_hp_gain":0.0,"max_hp_loss":0.0,"gold_gain":0.0,"event_name":"Cursed Tome","player_choice":"Obtained Book","floor":28.0,"gold_loss":0.0,"damage_taken":16.0},{"cards_removed":["Strike_G"],"damage_healed":0.0,"max_hp_gain":0.0,"max_hp_loss":0.0,"gold_gain":0.0,"event_name":"Purifier","player_choice":"Purged","floor":30.0,"gold_loss":0.0,"damage_taken":0.0},{"damage_healed":0.0,"max_hp_gain":0.0,"max_hp_loss":0.0,"gold_gain":0.0,"event_name":"Wheel of Change","player_choice":"Relic","floor":37.0,"gold_loss":0.0,"damage_taken":0.0},{"cards_removed":["Strike_G"],"damage_healed":0.0,"max_hp_gain":0.0,"max_hp_loss":0.0,"gold_gain":0.0,"event_name":"Falling","player_choice":"Removed Attack","floor":39.0,"gold_loss":0.0,"damage_taken":0.0},{"damage_healed":0.0,"max_hp_gain":0.0,"max_hp_loss":0.0,"gold_gain":0.0,"event_name":"Winding Halls","player_choice":"Embrace Madness","floor":42.0,"gold_loss":0.0,"damage_taken":10.0,"cards_obtained":["Madness","Madness"]},{"damage_healed":0,"gold_gain":0,"player_choice":"Memory 1","damage_taken":0,"max_hp_gain":0,"max_hp_loss":0,"event_name":"SensoryStone","floor":46,"gold_loss":0}],"is_beta":false,"boss_relics":[{"not_picked":["Runic Dome","Pandora\u0027s Box"],"picked":"Eternal Feather"},{"not_picked":["Orrery","Empty Cage"],"picked":"Sozu"}],"items_purged_floors":[38],"is_endless":false,"potions_floor_spawned":[3,10,12,16,20,22,35,44,48],"ascension_level":0}