{"gold_per_floor":[115,115,133,153,172,172,204,116,140,169,183,183,201,219,219,324,324,338,349,349,175,175,175],"floor_reached":23,"playtime":1803,"items_purged":["Strike_G","Strike_G"],"score":244,"play_id":"61dae2e1-7cab-4dfd-9a7c-4a766b605ff3","local_time":"20190306225855","is_ascension_mode":true,"campfire_choices":[{"data":"Flechettes","floor":6,"key":"SMITH"},{"floor":15,"key":"REST"}],"neow_cost":"NONE","seed_source_timestamp":689752877571452,"circlet_count":0,"master_deck":["Defend_G","Defend_G","Defend_G","Defend_G","Defend_G","Survivor","Neutralize+1","Poisoned Stab","Flying Knee","Flechettes+1","Escape Plan","Dagger Spray","Concentrate","Noxious Fumes","Cloak And Dagger","Sucker Punch","Leg Sweep","Corpse Explosion","Quick Slash","Deadly Poison","Noxious Fumes","Crippling Poison","Quick Slash"],"relics":["Ring of the Serpent","Smiling Mask","Bag of Preparation","Boot"],"potions_floor_usage":[7,10,16,23,23],"damage_taken":[{"damage":1,"enemies":"Small Slimes","floor":1,"turns":6},{"damage":0,"enemies":"Cultist","floor":3,"turns":4},{"damage":0,"enemies":"2 Louse","floor":4,"turns":2},{"damage":6,"enemies":"Large Slime","floor":5,"turns":8},{"damage":12,"enemies":"3 Sentries","floor":7,"turns":7},{"damage":28,"enemies":"Gremlin Nob","floor":10,"turns":4},{"damage":3,"enemies":"3 Louse","floor":11,"turns":3},{"damage":2,"enemies":"Exordium Wildlife","floor":13,"turns":5},{"damage":0,"enemies":"Lots of Slimes","floor":14,"turns":1},{"damage":20,"enemies":"The Guardian","floor":16,"turns":12},{"damage":16,"enemies":"2 Thieves","floor":18,"turns":4},{"damage":4,"enemies":"Shell Parasite","floor":19,"turns":9},{"damage":40,"enemies":"Slavers","floor":23,"turns":3}],"seed_played":"-5958822230288517886","potions_obtained":[{"floor":1,"key":"SteroidPotion"},{"floor":5,"key":"Energy Potion"},{"floor":7,"key":"Regen Potion"},{"floor":11,"key":"Weak Potion"},{"floor":19,"key":"LiquidBronze"}],"is_trial":false,"path_per_floor":["M","?","M","M","M","R","E","$","T","E","M","?","M","M","R","B",null,"M","M","?","$","?","E"],"character_chosen":"THE_SILENT","items_purchased":["Noxious Fumes","Noxious Fumes","Strength Potion"],"campfire_rested":1,"item_purchase_floors":[8,21,21],"current_hp_per_floor":[69,69,69,69,63,63,51,51,51,37,34,27,25,25,46,26,70,54,50,37,37,37,0],"gold":175,"neow_bonus":"THREE_CARDS","is_prod":false,"is_daily":false,"chose_seed":false,"campfire_upgraded":1,"win_rate":0,"timestamp":1551941935,"path_taken":["M","?","M","?","M","R","E","?","T","E","M","?","M","M","R","BOSS","M","M","?","$","?","E"],"build_version":"2019-01-23","purchased_purges":2,"victory":false,"max_hp_per_floor":[70,70,70,70,70,70,70,70,70,70,70,70,70,70,70,70,70,70,70,75,75,75,75],"card_choices":[{"not_picked":["Prepared","Distraction"],"picked":"Poisoned Stab","floor":0},{"not_picked":["Setup","Cloak And Dagger"],"picked":"Flying Knee","floor":1},{"not_picked":["Distraction","Prepared"],"picked":"Flechettes","floor":3},{"not_picked":["Acrobatics","Backflip"],"picked":"Escape Plan","floor":4},{"not_picked":["Bane","Deflect"],"picked":"Dagger Spray","floor":5},{"not_picked":["Poisoned Stab","Dagger Spray"],"picked":"Concentrate","floor":7},{"not_picked":["Flying Knee","Dagger Throw","Tactician"],"picked":"SKIP","floor":10},{"not_picked":["Outmaneuver","Setup"],"picked":"Cloak And Dagger","floor":11},{"not_picked":["All Out Attack","Underhanded Strike"],"picked":"Sucker Punch","floor":13},{"not_picked":["Deadly Poison","Burst"],"picked":"Leg Sweep","floor":14},{"not_picked":["Glass Knife","Doppelganger"],"picked":"Corpse Explosion","floor":16},{"not_picked":["Heel Hook","Flying Knee"],"picked":"Quick Slash","floor":18},{"not_picked":["Slice","Prepared"],"picked":"Deadly Poison","floor":19}],"player_experience":567420,"relics_obtained":[{"floor":7,"key":"Smiling Mask"},{"floor":9,"key":"Bag of Preparation"},{"floor":10,"key":"Boot"}],"event_choices":[{"damage_healed":0,"gold_gain":0,"player_choice":"Upgraded","damage_taken":0,"max_hp_gain":0,"max_hp_loss":0,"event_name":"Upgrade Shrine","floor":2,"gold_loss":0,"cards_upgraded":["Neutralize"]},{"cards_removed":["Strike_G"],"damage_healed":0,"gold_gain":0,"player_choice":"Card Removal","damage_taken":7,"max_hp_gain":0,"max_hp_loss":0,"event_name":"Golden Wing","floor":12,"gold_loss":0},{"damage_healed":0,"gold_gain":0,"player_choice":"Shed Blood","damage_taken":18,"max_hp_gain":5,"max_hp_loss":0,"event_name":"Forgotten Altar","floor":20,"gold_loss":0},{"damage_healed":0,"gold_gain":0,"cards_transformed":["Strike_G","Strike_G"],"player_choice":"Became Test Subject","damage_taken":0,"max_hp_gain":0,"max_hp_loss":0,"event_name":"Drug Dealer","floor":22,"gold_loss":0,"cards_obtained":["Crippling Poison","Quick Slash"]}],"is_beta":false,"boss_relics":[{"not_picked":["Calling Bell","Busted Crown"],"picked":"Ring of the Serpent"}],"items_purged_floors":[8,21],"is_endless":false,"potions_floor_spawned":[1,5,7,11,19],"killed_by":"Slavers","ascension_level":4}