{"path_per_floor":["M","?","$","M","?","E","?","M","T","?","M","M","M","M","R","B",null,"M","M","$","M","?","E","R","M","T","?","M","R","M","$","R","B",null,"M","M","?","?","M","R","?","M","T","$","M","?","M","M","R"],"character_chosen":"THE_SILENT","items_purchased":["Accuracy","Deadly Poison","Infinite Blades","Blur","Prepared","Mind Blast","Accuracy"],"gold_per_floor":[109,109,23,35,35,65,65,82,82,82,94,108,124,135,135,232,232,249,262,109,128,128,156,156,170,251,251,270,270,288,28,28,131,131,151,161,161,161,173,173,173,193,193,72,86,86,98,112,112],"floor_reached":50,"campfire_rested":3,"playtime":8075,"current_hp_per_floor":[70,58,58,58,58,58,58,53,53,39,39,32,32,24,45,61,70,67,54,54,43,43,2,23,18,18,18,12,33,28,28,28,26,70,34,20,20,38,38,38,38,19,19,19,23,23,20,18,18],"items_purged":["Strike_G","Strike_G","Strike_G"],"gold":112,"score":470,"play_id":"097e85af-788c-4e11-be40-9d7ab0a2b014","is_prod":false,"is_daily":false,"is_ascension_mode":false,"campfire_upgraded":3,"path_taken":["M","?","$","M","?","E","?","M","T","?","M","M","M","M","R","BOSS","M","M","$","M","?","E","R","M","T","?","M","R","M","$","R","BOSS","M","M","?","?","M","R","?","?","T","$","M","?","?","M","R","BOSS"],"build_version":"2018-02-22-PROD2","purchased_purges":3,"victory":false,"master_deck":["Defend_G","Defend_G","Defend_G","Strike_G+1","Survivor","Neutralize","Backflip+1","Accuracy+1","Deadly Poison","Tools of the Trade+1","Dodge and Roll","Noxious Fumes+1","Escape Plan","Adrenaline","Cloak And Dagger","Poisoned Stab","Wraith Form+1","Finisher","Footwork+1","Infinite Blades+1","Injury","Burst+1","Cloak And Dagger","Underhanded Strike","Die Die Die","Blur+1","Prepared","Mind Blast+1","Tactician","Escape Plan","Cloak And Dagger+1","Deflect","Backflip","Writhe","Deflect","Caltrops+1","Accuracy+1","Well Laid Plans+1","Bouncing Flask"],"max_hp_per_floor":[70,70,70,70,70,70,70,70,70,70,70,70,70,70,70,70,70,70,70,70,70,70,70,70,70,70,70,70,70,70,70,70,70,70,70,70,70,70,70,70,70,70,70,70,70,70,70,70,70],"relics":["Ring of the Snake","NeowsBlessing","Frozen Egg 2","Pantograph","Whetstone","Question Card","Letter Opener","Smiling Mask","Kunai","Orrery","Bronze Scales"],"card_choices":[{"not_picked":["Deflect","Dodge and Roll"],"picked":"Backflip"},{"not_picked":["Flechettes","Backflip"],"picked":"Tools of the Trade"},{"not_picked":["PiercingWail","Outmaneuver"],"picked":"Dodge and Roll"},{"not_picked":["Quick Slash","Choke"],"picked":"Noxious Fumes"},{"not_picked":["PiercingWail","Dagger Throw"],"picked":"Escape Plan"},{"not_picked":["Dagger Throw","Bane"],"picked":"Adrenaline"},{"not_picked":["Quick Slash","Expertise"],"picked":"Cloak And Dagger"},{"not_picked":["Expertise","Heel Hook"],"picked":"Poisoned Stab"},{"not_picked":["Glass Knife","Unload"],"picked":"Wraith Form"},{"not_picked":["Dagger Spray","Underhanded Strike","Leg Sweep"],"picked":"Finisher"},{"not_picked":["Cloak And Dagger","Flying Knee","Leg Sweep"],"picked":"Footwork"},{"not_picked":["A Thousand Cuts","Sucker Punch","PiercingWail"],"picked":"Burst"},{"not_picked":["Noxious Fumes","PiercingWail","Acrobatics"],"picked":"Cloak And Dagger"},{"not_picked":["Dagger Spray","Reflex","Bouncing Flask"],"picked":"Underhanded Strike"},{"not_picked":["Reflex","Endless Agony","Heel Hook"],"picked":"Die Die Die"},{"not_picked":["Night Terror","Adrenaline","Wraith Form"],"picked":"Tactician"},{"not_picked":["Flying Knee","Dagger Spray","Deadly Poison"],"picked":"Escape Plan"},{"not_picked":["Flying Knee","Prepared","Sucker Punch"],"picked":"Cloak And Dagger"},{"not_picked":["Dagger Spray","Flying Knee","Quick Slash"],"picked":"Deflect"},{"not_picked":["Bouncing Flask","Leg Sweep","Expertise"],"picked":"Backflip"},{"not_picked":["Dagger Spray","Flying Knee","Underhanded Strike"],"picked":"Deflect"},{"not_picked":["Sucker Punch","Burst","Dagger Throw"],"picked":"Caltrops"},{"not_picked":["Noxious Fumes","Backstab","Malaise"],"picked":"Well Laid Plans"},{"not_picked":["Poisoned Stab","Deflect","Masterful Stab"],"picked":"Bouncing Flask"}],"player_experience":234634,"potions_floor_usage":[45,45,47,50,50],"damage_taken":[{"damage":0.0,"enemies":"Small Slimes","floor":1.0,"turns":1.0},{"damage":0.0,"enemies":"2 Louse","floor":4.0,"turns":1.0},{"damage":0.0,"enemies":"3 Sentries","floor":6.0,"turns":2.0},{"damage":5.0,"enemies":"Jaw Worm","floor":8.0,"turns":5.0},{"damage":0.0,"enemies":"Looter","floor":11.0,"turns":4.0},{"damage":7.0,"enemies":"Exordium Thugs","floor":12.0,"turns":6.0},{"damage":0.0,"enemies":"3 Louse","floor":13.0,"turns":3.0},{"damage":8.0,"enemies":"Large Slime","floor":14.0,"turns":5.0},{"damage":9.0,"enemies":"Hexaghost","floor":16.0,"turns":9.0},{"damage":3.0,"enemies":"3 Byrds","floor":18.0,"turns":5.0},{"damage":13.0,"enemies":"Spheric Guardian","floor":19.0,"turns":5.0},{"damage":11.0,"enemies":"Centurion and Healer","floor":21.0,"turns":6.0},{"damage":41.0,"enemies":"Slavers","floor":23.0,"turns":6.0},{"damage":5.0,"enemies":"Chosen and Byrds","floor":25.0,"turns":7.0},{"damage":6.0,"enemies":"Snecko","floor":28.0,"turns":6.0},{"damage":5.0,"enemies":"3 Cultists","floor":30.0,"turns":6.0},{"damage":27.0,"enemies":"Collector","floor":33.0,"turns":12.0},{"damage":36.0,"enemies":"3 Darklings","floor":35.0,"turns":6.0},{"damage":14.0,"enemies":"3 Darklings","floor":36.0,"turns":5.0},{"damage":0.0,"enemies":"Maw","floor":39.0,"turns":8.0},{"damage":19.0,"enemies":"4 Shapes","floor":42.0,"turns":5.0},{"damage":11,"enemies":"Sphere and 2 Shapes","floor":45,"turns":7},{"damage":3,"enemies":"3 Darklings","floor":47,"turns":5},{"damage":2,"enemies":"4 Shapes","floor":48,"turns":6},{"damage":44,"enemies":"Donu and Deca","floor":50,"turns":10}],"event_choices":[{"event_name":"Scrap Ooze","player_choice":"success","floor":2.0,"damage_taken":12.0},{"event_name":"Living Wall","player_choice":"Forget","floor":5.0,"damage_taken":0.0},{"event_name":"Purifier","player_choice":"One Purge","floor":7.0,"damage_taken":0.0},{"event_name":"Shining Light","player_choice":"Entered Light","floor":10.0,"damage_taken":0.0},{"event_name":"Accursed Blacksmith","player_choice":"Forge","floor":22.0,"damage_taken":0.0},{"event_name":"The Mausoleum","player_choice":"Yes","floor":27.0,"damage_taken":0.0},{"event_name":"Winding Halls","player_choice":"Writhe","floor":38.0,"damage_taken":0.0},{"event_name":"The Lab","player_choice":"Got Potions","floor":41.0,"damage_taken":0.0},{"event_name":"Mysterious Sphere","player_choice":"Ignore","floor":46,"damage_taken":0}],"boss_relics":[],"potions_floor_spawned":[4,12,14,16,18,23,25,28,35,42,45,47],"seed_played":"1656800342872861460","killed_by":"Donu and Deca","ascension_level":0,"is_trial":false}