{"gold_per_floor":[117,128,128,0,0,25,38,38,65,90,90,11,25,45,45,122,122,135,5,5,0,0,0,0],"floor_reached":24,"playtime":1188,"items_purged":["Defend_B"],"score":429,"play_id":"5cc089b9-b92a-485c-a067-778bf152470e","local_time":"20190604171521","is_ascension_mode":true,"campfire_choices":[{"floor":8,"key":"REST"},{"data":"Coolheaded","floor":11,"key":"SMITH"},{"data":"Defragment","floor":15,"key":"SMITH"},{"data":"Go for the Eyes","floor":23,"key":"SMITH"}],"neow_cost":"TEN_PERCENT_HP_LOSS","seed_source_timestamp":66977026234000,"circlet_count":0,"master_deck":["AscendersBane","Defend_B","Defend_B","Defend_B","Dualcast+1","Cold Snap","Gash","Gash+1","Coolheaded+1","Gash","Beam Cell","Leap","Defragment+1","Conserve Battery","All For One","Self Repair","Hologram","Go for the Eyes+1","Steam","Bite","Bite","Bite","Bite","Bite"],"relics":["Cracked Core","Nunchaku","Ancient Tea Set","Omamori","Lantern","Runic Pyramid"],"potions_floor_usage":[6,6,16],"damage_taken":[{"damage":0,"enemies":"Cultist","floor":1,"turns":3},{"damage":10,"enemies":"Small Slimes","floor":2,"turns":4},{"damage":2,"enemies":"Gremlin Nob","floor":6,"turns":3},{"damage":12,"enemies":"Jaw Worm","floor":7,"turns":2},{"damage":10,"enemies":"3 Sentries","floor":10,"turns":8},{"damage":3,"enemies":"Lots of Slimes","floor":13,"turns":3},{"damage":2,"enemies":"Looter","floor":14,"turns":2},{"damage":16,"enemies":"Hexaghost","floor":16,"turns":10},{"damage":11,"enemies":"2 Thieves","floor":18,"turns":3},{"damage":45,"enemies":"Slavers","floor":24,"turns":3}],"seed_played":"-4332632472115442620","potions_obtained":[{"floor":1,"key":"SteroidPotion"},{"floor":2,"key":"AttackPotion"},{"floor":13,"key":"Poison Potion"},{"floor":14,"key":"LiquidBronze"}],"is_trial":false,"path_per_floor":["M","M","?","$","?","E","M","R","T","E","R","$","M","M","R","B",null,"M","$","?","?","?","R","E"],"character_chosen":"DEFECT","items_purchased":["Coolheaded","Defragment","Hologram","Go for the Eyes","Steam"],"campfire_rested":1,"item_purchase_floors":[4,12,19,19,19],"current_hp_per_floor":[64,54,54,54,35,33,21,40,40,30,30,30,27,25,25,9,50,39,39,39,39,39,39,0],"gold":0,"neow_bonus":"ONE_RARE_RELIC","is_prod":false,"is_daily":false,"chose_seed":false,"campfire_upgraded":3,"win_rate":0,"timestamp":1559682921,"path_taken":["M","M","?","$","?","E","M","R","T","E","R","?","M","?","R","BOSS","M","$","?","?","?","R","E"],"build_version":"2019-01-23","purchased_purges":1,"victory":false,"max_hp_per_floor":[64,64,64,64,64,64,64,64,64,64,64,64,64,64,64,64,64,64,64,44,44,44,44,44],"card_choices":[{"not_picked":["Undo","Skim"],"picked":"Cold Snap","floor":1},{"not_picked":["Stack","Cold Snap"],"picked":"Gash","floor":2},{"not_picked":["Consume","Steam"],"picked":"Gash","floor":6},{"not_picked":["Sweeping Beam","Tempest"],"picked":"Beam Cell","floor":7},{"not_picked":["Thunder Strike","Redo"],"picked":"Leap","floor":10},{"not_picked":["Chaos","Melter"],"picked":"Conserve Battery","floor":13},{"not_picked":["Barrage","Stack","Redo"],"picked":"SKIP","floor":14},{"not_picked":["Buffer","Meteor Strike"],"picked":"All For One","floor":16},{"not_picked":["Lockon","Doom and Gloom"],"picked":"Self Repair","floor":18}],"player_experience":2070853,"relics_obtained":[{"floor":6,"key":"Ancient Tea Set"},{"floor":9,"key":"Omamori"},{"floor":10,"key":"Lantern"}],"event_choices":[{"damage_healed":0,"gold_gain":0,"cards_transformed":["Strike_B"],"player_choice":"Change","damage_taken":0,"max_hp_gain":0,"max_hp_loss":0,"event_name":"Living Wall","floor":3,"gold_loss":0,"cards_obtained":["Gash"]},{"damage_healed":0,"gold_gain":0,"player_choice":"Entered Light","damage_taken":19,"max_hp_gain":0,"max_hp_loss":0,"event_name":"Shining Light","floor":5,"gold_loss":0,"cards_upgraded":["Dualcast","Gash"]},{"damage_healed":0,"gold_gain":0,"player_choice":"Became a vampire","damage_taken":0,"max_hp_gain":0,"max_hp_loss":20,"event_name":"Vampires","floor":20,"gold_loss":0,"cards_obtained":["Bite","Bite","Bite","Bite","Bite"]},{"damage_healed":0,"gold_gain":0,"player_choice":"Paid Fearfully","damage_taken":0,"max_hp_gain":0,"max_hp_loss":0,"event_name":"Masked Bandits","floor":21,"gold_loss":5},{"cards_removed":["Zap"],"damage_healed":0,"gold_gain":0,"player_choice":"Offered Basic","damage_taken":0,"max_hp_gain":0,"max_hp_loss":0,"event_name":"Bonfire Elementals","floor":22,"gold_loss":0}],"is_beta":false,"boss_relics":[{"not_picked":["Orrery","Ectoplasm"],"picked":"Runic Pyramid"}],"items_purged_floors":[4],"is_endless":false,"potions_floor_spawned":[1,2,13,14],"killed_by":"Slavers","ascension_level":20}