{"gold_per_floor":[115,19,35,49,59,93,93,106,187,187,217,217,237,237],"floor_reached":14,"playtime":1633,"items_purged":[],"score":117,"play_id":"29db0e45-8c75-40db-9839-e5c896aec55a","local_time":"20181109190808","is_ascension_mode":true,"campfire_choices":[{"floor":7,"key":"REST"}],"neow_cost":"NONE","seed_source_timestamp":594798432827071,"circlet_count":0,"master_deck":["Strike_R","Strike_R","Strike_R","Strike_R","Strike_R","Defend_R","Defend_R","Defend_R","Defend_R","Bash","Flex","Heavy Blade","True Grit","Rupture","Iron Wave","Armaments","Thunderclap","Iron Wave","Bloodletting","Sentinel"],"relics":["Black Star","Potion Belt","Smiling Mask","Gremlin Horn","Charon\u0027s Ashes","Bird Faced Urn","Ancient Tea Set"],"potions_floor_usage":[6,11,14],"damage_taken":[{"damage":1,"enemies":"Cultist","floor":1,"turns":3},{"damage":1,"enemies":"2 Louse","floor":3,"turns":2},{"damage":5,"enemies":"Small Slimes","floor":4,"turns":4},{"damage":18,"enemies":"Gremlin Gang","floor":5,"turns":7},{"damage":37,"enemies":"Lagavulin","floor":6,"turns":12},{"damage":6,"enemies":"Looter","floor":8,"turns":3},{"damage":30,"enemies":"3 Sentries","floor":11,"turns":7},{"damage":4,"enemies":"Red Slaver","floor":13,"turns":3},{"damage":30,"enemies":"Lagavulin","floor":14,"turns":5}],"seed_played":"-2991727149949892508","potions_obtained":[{"floor":4,"key":"Dexterity Potion"},{"floor":8,"key":"SteroidPotion"},{"floor":11,"key":"Weak Potion"},{"floor":13,"key":"Explosive Potion"}],"is_trial":false,"path_per_floor":["M","$","M","M","M","E","R","M","T","?","E","?","M","E"],"character_chosen":"IRONCLAD","items_purchased":["Heavy Blade","True Grit"],"campfire_rested":1,"item_purchase_floors":[2,2],"current_hp_per_floor":[79,79,78,73,55,18,42,36,36,62,32,32,28,0],"gold":237,"neow_bonus":"BOSS_RELIC","is_prod":false,"is_daily":false,"chose_seed":false,"campfire_upgraded":0,"win_rate":0,"timestamp":1541819288,"path_taken":["M","$","?","M","M","E","R","M","T","?","E","?","?","E"],"build_version":"2018-11-08","purchased_purges":0,"victory":false,"max_hp_per_floor":[80,80,80,80,80,80,80,80,80,80,80,80,80,80],"card_choices":[{"not_picked":["Clothesline","Warcry"],"picked":"Flex","floor":1},{"not_picked":["Bloodletting","Flame Barrier"],"picked":"Rupture","floor":3},{"not_picked":["Twin Strike","Clash"],"picked":"Iron Wave","floor":4},{"not_picked":["Warcry","Perfected Strike"],"picked":"Armaments","floor":5},{"not_picked":["Exhume","Pummel"],"picked":"Thunderclap","floor":6},{"not_picked":["Wild Strike","Intimidate"],"picked":"Iron Wave","floor":8},{"not_picked":["Anger","Shockwave"],"picked":"Bloodletting","floor":11},{"not_picked":["Hemokinesis","Heavy Blade"],"picked":"Sentinel","floor":13}],"player_experience":395616,"relics_obtained":[{"floor":6,"key":"Potion Belt"},{"floor":6,"key":"Smiling Mask"},{"floor":9,"key":"Gremlin Horn"},{"floor":11,"key":"Charon\u0027s Ashes"},{"floor":11,"key":"Bird Faced Urn"}],"event_choices":[{"damage_healed":26,"gold_gain":0,"player_choice":"Banana","damage_taken":0,"max_hp_gain":0,"max_hp_loss":0,"event_name":"Big Fish","floor":10,"gold_loss":0},{"damage_healed":0,"gold_gain":0,"player_choice":"Gave Potion","damage_taken":0,"relics_obtained":["Ancient Tea Set"],"max_hp_gain":0,"max_hp_loss":0,"event_name":"WeMeetAgain","floor":12,"gold_loss":0}],"is_beta":false,"boss_relics":[],"items_purged_floors":[],"is_endless":false,"potions_floor_spawned":[4,8,11,13],"killed_by":"Lagavulin","ascension_level":3}