{"gold_per_floor":[114,114,114,126,139,139,150,150,150,150,160,85,85,101,101,198,198,214,214,229,129,129,129,141,154,154,253,253,263,138,138,138,233,233,252,252,272,287,137,150,165,182,208,228,228,53,53,72,72,72],"floor_reached":51,"playtime":2724,"items_purged":["Strike_B","Strike_B","Defend_B","Defend_B+1","Parasite"],"score":693,"play_id":"2d755a06-cd2b-40f4-b018-1c50779c7a84","local_time":"20190620181504","is_ascension_mode":false,"campfire_choices":[{"data":"Coolheaded","floor":6.0,"key":"SMITH"},{"data":"Self Repair","floor":8.0,"key":"SMITH"},{"data":"Dualcast","floor":10.0,"key":"SMITH"},{"data":"Defragment","floor":15.0,"key":"SMITH"},{"data":"Coolheaded","floor":23.0,"key":"SMITH"},{"data":"Strike_B","floor":28.0,"key":"SMITH"},{"data":"Defend_B","floor":32.0,"key":"SMITH"},{"floor":49.0,"key":"RECALL"}],"neow_cost":"NONE","seed_source_timestamp":0,"circlet_count":0,"master_deck":["Strike_B+1","Defend_B+1","Zap+1","Dualcast+1","Coolheaded+1","Self Repair+1","Defragment+1","Coolheaded+1","Self Repair+1","Self Repair+1","Fusion+1"],"special_seed":0,"relics":["Cracked Core","NeowsBlessing","PreservedInsect","Coffee Dripper","Nloth\u0027s Gift","Shuriken","Inserter","Boot"],"potions_floor_usage":[50,50],"damage_taken":[{"damage":0.0,"enemies":"Cultist","floor":1.0,"turns":1.0},{"damage":0.0,"enemies":"Jaw Worm","floor":4.0,"turns":1.0},{"damage":0.0,"enemies":"2 Louse","floor":5.0,"turns":1.0},{"damage":11.0,"enemies":"Exordium Thugs","floor":7.0,"turns":4.0},{"damage":11.0,"enemies":"Looter","floor":11.0,"turns":3.0},{"damage":5.0,"enemies":"Exordium Wildlife","floor":14.0,"turns":4.0},{"damage":26.0,"enemies":"Slime Boss","floor":16.0,"turns":6.0},{"damage":5.0,"enemies":"Chosen","floor":18.0,"turns":4.0},{"damage":9.0,"enemies":"3 Byrds","floor":20.0,"turns":4.0},{"damage":3.0,"enemies":"Centurion and Healer","floor":24.0,"turns":9.0},{"damage":5.0,"enemies":"Sentry and Sphere","floor":25.0,"turns":5.0},{"damage":34.0,"enemies":"Chosen and Byrds","floor":29.0,"turns":6.0},{"damage":34.0,"enemies":"Automaton","floor":33.0,"turns":14.0},{"damage":24.0,"enemies":"3 Darklings","floor":35.0,"turns":7.0},{"damage":6.0,"enemies":"3 Shapes","floor":37.0,"turns":6.0},{"damage":12.0,"enemies":"Maw","floor":38.0,"turns":9.0},{"damage":34.0,"enemies":"3 Darklings","floor":40.0,"turns":6.0},{"damage":23.0,"enemies":"4 Shapes","floor":41.0,"turns":8.0},{"damage":2.0,"enemies":"Writhing Mass","floor":42.0,"turns":7.0},{"damage":22.0,"enemies":"Maw","floor":44.0,"turns":9.0},{"damage":15.0,"enemies":"Sphere and 2 Shapes","floor":48.0,"turns":6.0},{"damage":59,"enemies":"Donu and Deca","floor":50,"turns":15}],"seed_played":"6535580423539588064","potions_obtained":[{"floor":7.0,"key":"Fire Potion"},{"floor":14.0,"key":"Weak Potion"},{"floor":20.0,"key":"SteroidPotion"},{"floor":29.0,"key":"SkillPotion"},{"floor":33.0,"key":"FocusPotion"},{"floor":44.0,"key":"FairyPotion"}],"is_trial":false,"path_per_floor":["M","?","?","M","M","R","M","R","T","R","M","$","?","M","R","B",null,"M","?","M","$","?","R","M","M","T","?","R","M","$","?","R","B",null,"M","?","M","M","$","M","M","M","T","M","?","$","?","M","R","B",null],"character_chosen":"DEFECT","items_purchased":[],"campfire_rested":0,"item_purchase_floors":[],"current_hp_per_floor":[75,60,60,60,60,60,49,49,49,49,48,48,45,50,50,24,75,75,75,75,75,75,75,75,75,75,75,75,61,61,61,61,57,75,75,75,75,75,75,71,75,75,75,75,75,72,72,72,72,43],"gold":72,"neow_bonus":"THREE_ENEMY_KILL","is_prod":false,"is_daily":false,"chose_seed":false,"campfire_upgraded":7,"win_rate":0,"timestamp":1561047304,"path_taken":["M","?","?","M","M","R","M","R","T","R","M","$","?","M","R","BOSS","M","?","M","?","?","R","M","?","T","?","R","M","$","?","R","BOSS","M","?","M","?","$","M","M","M","T","M","?","$","?","M","R","BOSS"],"build_version":"2019-01-23","purchased_purges":5,"victory":true,"max_hp_per_floor":[75,75,75,75,75,75,75,75,75,75,75,75,75,75,75,75,75,75,75,75,75,75,75,75,75,75,75,75,75,75,75,75,75,75,75,75,75,75,75,75,75,75,75,75,75,72,72,72,72,72],"card_choices":[{"not_picked":["Gash","Loop"],"picked":"Coolheaded","floor":1.0},{"not_picked":["Melter","Leap","Barrage"],"picked":"SKIP","floor":4.0},{"not_picked":["Doom and Gloom","Gash","Hello World"],"picked":"SKIP","floor":5.0},{"not_picked":["Ball Lightning","Streamline"],"picked":"Self Repair","floor":7.0},{"not_picked":["Redo","Beam Cell","Rip and Tear"],"picked":"SKIP","floor":11.0},{"not_picked":["Heatsinks","Streamline"],"picked":"Defragment","floor":14.0},{"not_picked":["Streamline","Cold Snap","White Noise"],"picked":"SKIP","floor":18.0},{"not_picked":["Rebound","Rainbow","Auto Shields"],"picked":"SKIP","floor":20.0},{"not_picked":["Redo","Hologram+1","Streamline"],"picked":"SKIP","floor":24.0},{"not_picked":["Steam Power","Double Energy"],"picked":"Self Repair+1","floor":25.0},{"not_picked":["Redo+1","Coolheaded"],"picked":"Self Repair+1","floor":29.0},{"not_picked":["Cold Snap+1","Beam Cell","Hello World"],"picked":"SKIP","floor":35.0},{"not_picked":["Electrodynamics","Capacitor","Streamline+1"],"picked":"SKIP","floor":37.0},{"not_picked":["Hello World+1","Barrage+1","Buffer"],"picked":"SKIP","floor":38.0},{"not_picked":["Leap+1","Cold Snap+1","Streamline"],"picked":"SKIP","floor":40.0},{"not_picked":["Double Energy","Cold Snap+1"],"picked":"Fusion+1","floor":41.0},{"not_picked":["Ball Lightning+1","Fission","Go for the Eyes"],"picked":"SKIP","floor":42.0},{"not_picked":["Storm+1","Streamline","Thunder Strike"],"picked":"SKIP","floor":44.0},{"not_picked":["Double Energy+1","Streamline+1","Gash"],"picked":"SKIP","floor":48.0}],"player_experience":288865,"relics_obtained":[{"floor":9.0,"key":"PreservedInsect"},{"floor":26.0,"key":"Shuriken"},{"floor":43.0,"key":"Boot"}],"event_choices":[{"damage_healed":0.0,"max_hp_gain":0.0,"max_hp_loss":0.0,"gold_gain":0.0,"event_name":"Shining Light","player_choice":"Entered Light","floor":2.0,"gold_loss":0.0,"damage_taken":15.0,"cards_upgraded":["Zap","Strike_B"]},{"cards_removed":["Defend_B"],"damage_healed":0.0,"max_hp_gain":0.0,"max_hp_loss":0.0,"gold_gain":0.0,"event_name":"Living Wall","player_choice":"Forget","floor":3.0,"gold_loss":0.0,"damage_taken":0.0},{"damage_healed":0.0,"max_hp_gain":0.0,"max_hp_loss":0.0,"gold_gain":0.0,"event_name":"Scrap Ooze","player_choice":"Success","floor":13.0,"gold_loss":0.0,"damage_taken":3.0,"relics_obtained":["Kunai"]},{"damage_healed":0.0,"max_hp_gain":0.0,"max_hp_loss":0.0,"gold_gain":0.0,"event_name":"N\u0027loth","player_choice":"Traded Relic","floor":19.0,"relics_lost":["Kunai"],"gold_loss":0.0,"damage_taken":0.0,"relics_obtained":["Nloth\u0027s Gift"]},{"damage_healed":0.0,"max_hp_gain":0.0,"max_hp_loss":0.0,"gold_gain":0.0,"event_name":"The Library","player_choice":"Read","floor":22.0,"gold_loss":0.0,"damage_taken":0.0,"cards_obtained":["Coolheaded"]},{"damage_healed":0.0,"max_hp_gain":0.0,"max_hp_loss":0.0,"gold_gain":99.0,"event_name":"Nest","player_choice":"Stole From Cult","floor":27.0,"gold_loss":0.0,"damage_taken":0.0},{"damage_healed":0.0,"max_hp_gain":0.0,"max_hp_loss":0.0,"gold_gain":0.0,"event_name":"Accursed Blacksmith","player_choice":"Forge","floor":31.0,"gold_loss":0.0,"damage_taken":0.0,"cards_upgraded":["Defend_B"]},{"damage_healed":0.0,"max_hp_gain":0.0,"max_hp_loss":0.0,"gold_gain":0.0,"event_name":"SecretPortal","player_choice":"Ignored","floor":36.0,"gold_loss":0.0,"damage_taken":0.0},{"damage_healed":0.0,"max_hp_gain":0.0,"max_hp_loss":0.0,"gold_gain":0.0,"event_name":"Mysterious Sphere","player_choice":"Ignored","floor":45.0,"gold_loss":0.0,"damage_taken":0.0},{"cards_removed":["Strike_B"],"damage_healed":0.0,"max_hp_gain":0.0,"max_hp_loss":0.0,"gold_gain":0.0,"event_name":"Falling","player_choice":"Removed Attack","floor":47.0,"gold_loss":0.0,"damage_taken":0.0}],"is_beta":false,"boss_relics":[{"not_picked":["Lizard Tail","Cursed Key"],"picked":"Coffee Dripper"},{"not_picked":["Black Star","Philosopher\u0027s Stone"],"picked":"Inserter"}],"items_purged_floors":[12,21,30,39,46],"is_endless":false,"potions_floor_spawned":[7,14,20,29,33,37,38,44,48],"ascension_level":0}