{"path_per_floor":["M","?","M","M","M","E","?","E","T","R","$","R","M","$","R","B",null,"M","M","?","?","$","E","R","M","T","M","?","M"],"character_chosen":"THE_SILENT","items_purchased":["Apotheosis","Calculated Gamble","Deadly Poison"],"gold_per_floor":[114,289,306,316,328,361,311,337,388,388,50,50,62,9,9,114,114,130,145,125,50,50,81,81,94,94,112,112,122,122],"floor_reached":30,"campfire_rested":1,"playtime":2469,"current_hp_per_floor":[69,69,69,68,54,53,53,41,41,41,41,41,39,39,60,30,70,70,68,68,68,68,59,59,54,54,32,16,7,7],"items_purged":["Strike_G"],"gold":122,"score":285,"play_id":"b1642805-8a3d-4598-b953-1e70adabdcbf","local_time":"20180426235516","is_prod":false,"is_daily":false,"chose_seed":false,"is_ascension_mode":false,"campfire_upgraded":3,"timestamp":1524812116,"path_taken":["M","?","M","M","M","E","?","E","T","R","$","R","M","$","R","BOSS","M","M","?","?","$","E","R","M","T","M","?","M","M"],"build_version":"2018-04-26","seed_source_timestamp":0,"purchased_purges":2,"victory":false,"master_deck":["Defend_G","Defend_G","Defend_G","Defend_G","Defend_G","Strike_G","Strike_G","Strike_G","Survivor","Neutralize","Noxious Fumes+1","Caltrops","Noxious Fumes","Caltrops","Caltrops","Outmaneuver","Apotheosis+1","Calculated Gamble","Reflex","Deadly Poison+1","Tools of the Trade","Backflip","Catalyst","Skewer+1","Dodge and Roll","PiercingWail"],"max_hp_per_floor":[70,70,70,70,70,70,70,70,70,70,70,70,70,70,70,70,70,70,70,70,70,70,70,70,70,70,70,70,70,70],"relics":["Ring of the Snake","Bottled Lightning","Question Card","Anchor","Velvet Choker","Lantern","Shovel","Nilry\u0027s Codex"],"card_choices":[{"not_picked":["Prepared","Deadly Poison"],"picked":"Noxious Fumes","floor":1.0},{"not_picked":["Calculated Gamble","Sucker Punch"],"picked":"Caltrops","floor":3.0},{"not_picked":["Quick Slash","Reflex"],"picked":"Noxious Fumes","floor":4.0},{"not_picked":["Dagger Spray","Distraction"],"picked":"Caltrops","floor":5.0},{"not_picked":["Acrobatics","Tactician"],"picked":"Caltrops","floor":6.0},{"not_picked":["Backstab","Underhanded Strike"],"picked":"Outmaneuver","floor":8.0},{"not_picked":["Deflect","Concentrate","Noxious Fumes"],"picked":"Reflex","floor":13.0},{"not_picked":["Adrenaline","Tactician","A Thousand Cuts"],"picked":"Tools of the Trade","floor":16.0},{"not_picked":["Dagger Spray","PiercingWail","Riddle With Holes"],"picked":"Backflip","floor":18.0},{"not_picked":["Poisoned Stab","Slice","Terror"],"picked":"Catalyst","floor":19.0},{"not_picked":["Dagger Throw","Deflect","Predator"],"picked":"Skewer","floor":23.0},{"not_picked":["Backflip","Eviscerate","Deadly Poison"],"picked":"Dodge and Roll","floor":27.0},{"not_picked":["Quick Slash","Accuracy","Noxious Fumes"],"picked":"PiercingWail","floor":29.0}],"player_experience":288123,"potions_floor_usage":[],"damage_taken":[{"damage":1.0,"enemies":"Jaw Worm","floor":1.0,"turns":5.0},{"damage":0.0,"enemies":"2 Louse","floor":3.0,"turns":4.0},{"damage":1.0,"enemies":"Cultist","floor":4.0,"turns":4.0},{"damage":14.0,"enemies":"Large Slime","floor":5.0,"turns":7.0},{"damage":16.0,"enemies":"3 Sentries","floor":6.0,"turns":6.0},{"damage":12.0,"enemies":"Lagavulin","floor":8.0,"turns":6.0},{"damage":2.0,"enemies":"Looter","floor":13.0,"turns":4.0},{"damage":30.0,"enemies":"Hexaghost","floor":16.0,"turns":7.0},{"damage":0.0,"enemies":"3 Byrds","floor":18.0,"turns":2.0},{"damage":2.0,"enemies":"Shell Parasite","floor":19.0,"turns":5.0},{"damage":18.0,"enemies":"Gremlin Leader","floor":23.0,"turns":5.0},{"damage":5.0,"enemies":"Snake Plant","floor":25.0,"turns":3.0},{"damage":22.0,"enemies":"Slaver and Parasite","floor":27.0,"turns":4.0},{"damage":9.0,"enemies":"Centurion and Healer","floor":29.0,"turns":4.0},{"damage":0,"enemies":"3 Cultists","floor":30,"turns":2}],"event_choices":[{"event_name":"Liars Game","player_choice":"agreed","floor":2.0,"damage_taken":0.0},{"event_name":"The Cleric","player_choice":"Card Removal","floor":7.0,"damage_taken":0.0},{"event_name":"The Woman in Blue","player_choice":"Bought 1 Potion","floor":20.0,"damage_taken":0.0},{"event_name":"Beggar","player_choice":"Gave Gold","floor":21.0,"damage_taken":0.0},{"event_name":"Cursed Tome","player_choice":"Obtained Book","floor":28.0,"damage_taken":0.0}],"boss_relics":[],"potions_floor_spawned":[3,5,8,16,18,25,29],"seed_played":"-2513974480310234708","killed_by":"3 Cultists","ascension_level":0,"is_trial":false}