{"gold_per_floor":[116,116,191,215,229,229,272,272,325,325,346,346,224,267,267,391,391,409,433,116,116,66,165,165,188,241,241,256,256,269,290,290,418,418,434,86,46,429,479,509,509,523,568,568,411,411,40,90,90,90],"floor_reached":51,"playtime":9943,"items_purged":["Injury","Strike_B","Strike_B","Defend_B","Defend_B+1","Defend_B+1"],"score":779,"play_id":"f6dd24e2-eed3-454a-a91a-9def87357d92","local_time":"20181020195316","is_ascension_mode":false,"campfire_choices":[{"floor":6,"key":"REST"},{"data":"Sunder","floor":8,"key":"SMITH"},{"data":"Zap","floor":10,"key":"SMITH"},{"data":"Redo","floor":12,"key":"SMITH"},{"data":"Rainbow","floor":15,"key":"SMITH"},{"data":"Dualcast","floor":27,"key":"SMITH"},{"data":"Genetic Algorithm","floor":29,"key":"SMITH"},{"data":"Lockon","floor":32,"key":"SMITH"},{"data":"Auto Shields","floor":41,"key":"SMITH"},{"data":"All For One","floor":44,"key":"SMITH"},{"data":"Melter","floor":46,"key":"SMITH"},{"data":"Forethought","floor":49,"key":"SMITH"}],"neow_cost":"PERCENT_DAMAGE","seed_source_timestamp":704929122034414,"circlet_count":0,"master_deck":["Zap+1","Dualcast+1","Rainbow+1","Redo+1","Auto Shields+1","Lockon+1","Sunder+1","Electrodynamics+1","Self Repair+1","Melter+1","All For One+1","Genetic Algorithm+1","Scrape+1","Defragment+1","Seek+1","Loop+1","Forethought+1"],"relics":["FrozenCore","Smiling Mask","Bag of Preparation","Frozen Egg 2","Lee\u0027s Waffle","SsserpentHead","Strawberry","Nuclear Battery","Torii","Mango","War Paint","Vajra","Runic Capacitor"],"potions_floor_usage":[14,14,19,28,40,42,50,50],"damage_taken":[{"damage":0,"enemies":"Cultist","floor":1,"turns":3},{"damage":6,"enemies":"Jaw Worm","floor":4,"turns":2},{"damage":0,"enemies":"Small Slimes","floor":5,"turns":3},{"damage":12,"enemies":"Lagavulin","floor":7,"turns":5},{"damage":2,"enemies":"Blue Slaver","floor":11,"turns":3},{"damage":8,"enemies":"3 Sentries","floor":14,"turns":4},{"damage":26,"enemies":"Hexaghost","floor":16,"turns":10},{"damage":19,"enemies":"2 Thieves","floor":18,"turns":3},{"damage":11,"enemies":"Shell Parasite","floor":19,"turns":9},{"damage":9,"enemies":"Centurion and Healer","floor":25,"turns":5},{"damage":14,"enemies":"Chosen and Byrds","floor":28,"turns":6},{"damage":17,"enemies":"Shelled Parasite and Fungi","floor":30,"turns":6},{"damage":1,"enemies":"Snake Plant","floor":31,"turns":4},{"damage":40,"enemies":"Collector","floor":33,"turns":10},{"damage":0,"enemies":"3 Shapes","floor":35,"turns":1},{"damage":20,"enemies":"Nemesis","floor":40,"turns":7},{"damage":8,"enemies":"3 Darklings","floor":42,"turns":2},{"damage":41,"enemies":"Donu and Deca","floor":50,"turns":8}],"seed_played":"2857028929866818395","potions_obtained":[{"floor":7,"key":"FocusPotion"},{"floor":16,"key":"FearPotion"},{"floor":18,"key":"SkillPotion"},{"floor":28,"key":"SteroidPotion"},{"floor":35,"key":"EssenceOfSteel"},{"floor":40,"key":"Weak Potion"}],"is_trial":false,"path_per_floor":["M","?","?","M","M","R","E","R","T","R","M","R","$","E","R","B",null,"M","M","$","?","$","?","?","M","T","R","M","R","M","M","R","B",null,"M","$","?","?","?","E","R","M","T","R","$","R","$","?","R","B"],"character_chosen":"DEFECT","items_purchased":["Regen Potion","Lee\u0027s Waffle","Melter","Torii","Vajra","Runic Capacitor","Loop+1","Fire Potion"],"campfire_rested":1,"item_purchase_floors":[13,20,20,36,45,47,47,47],"current_hp_per_floor":[54,54,43,37,37,59,47,47,47,47,45,45,45,49,49,23,75,56,45,82,82,82,82,82,82,89,89,85,85,78,77,77,37,89,89,89,89,89,85,89,89,81,81,81,81,81,81,81,81,50],"gold":90,"neow_bonus":"THREE_RARE_CARDS","is_prod":false,"is_daily":false,"chose_seed":false,"campfire_upgraded":11,"win_rate":0,"timestamp":1540075996,"path_taken":["M","?","?","M","M","R","E","R","T","R","M","R","$","E","R","BOSS","M","M","$","?","$","?","?","M","T","R","M","R","M","M","R","BOSS","M","$","?","?","?","E","R","M","T","R","?","R","$","?","R","BOSS"],"build_version":"2018-10-18","purchased_purges":6,"victory":true,"max_hp_per_floor":[75,75,75,75,75,75,75,75,75,75,75,75,75,75,75,75,75,75,75,82,82,82,82,82,82,89,89,89,89,89,89,89,89,89,89,89,89,89,85,99,99,99,99,99,99,99,99,99,99,99],"card_choices":[{"not_picked":["Thunder Strike","Creative AI"],"picked":"Rainbow","floor":0},{"not_picked":["Conserve Battery","Leap"],"picked":"Redo","floor":1},{"not_picked":["Go for the Eyes","Force Field"],"picked":"Auto Shields","floor":4},{"not_picked":["Recycle","Heatsinks"],"picked":"Lockon","floor":5},{"not_picked":["Reprogram","Streamline"],"picked":"Sunder","floor":7},{"not_picked":["Blizzard","Redo","Coolheaded"],"picked":"SKIP","floor":11},{"not_picked":["White Noise","Blizzard","Sweeping Beam"],"picked":"SKIP","floor":14},{"not_picked":["Rainbow","Thunder Strike"],"picked":"Electrodynamics+1","floor":16},{"not_picked":["Compile Driver","Redo","Gash"],"picked":"SKIP","floor":18},{"not_picked":["Hologram","Force Field"],"picked":"Self Repair+1","floor":19},{"not_picked":["Leap","Fusion"],"picked":"Scrape+1","floor":25},{"not_picked":["Steam","Ball Lightning","Leap"],"picked":"SKIP","floor":28},{"not_picked":["Go for the Eyes","Storm+1"],"picked":"Defragment+1","floor":30},{"not_picked":["Steam+1","Turbo+1","Rainbow"],"picked":"SKIP","floor":31},{"not_picked":["Rainbow","Electrodynamics+1"],"picked":"Seek","floor":33},{"not_picked":["Cold Snap","Go for the Eyes+1","Doom and Gloom"],"picked":"SKIP","floor":35},{"not_picked":["Sweeping Beam","Beam Cell","Gash"],"picked":"SKIP","floor":40},{"not_picked":["FTL","Redo+1","Aggregate+1"],"picked":"SKIP","floor":42},{"not_picked":["Chrysalis","Dark Shackles"],"picked":"Forethought","floor":48}],"player_experience":335474,"relics_obtained":[{"floor":7,"key":"Smiling Mask"},{"floor":9,"key":"Bag of Preparation"},{"floor":14,"key":"Frozen Egg 2"},{"floor":26,"key":"Strawberry"},{"floor":40,"key":"Mango"},{"floor":43,"key":"War Paint"}],"event_choices":[{"damage_healed":0,"gold_gain":0,"player_choice":"Take Wound","damage_taken":0,"relics_obtained":["Golden Idol"],"max_hp_gain":0,"max_hp_loss":0,"event_name":"Golden Idol","floor":2,"gold_loss":0,"cards_obtained":["Injury"]},{"damage_healed":0,"gold_gain":75,"player_choice":"Gather Gold","damage_taken":11,"max_hp_gain":0,"max_hp_loss":0,"event_name":"World of Goop","floor":3,"gold_loss":0},{"damage_healed":0,"gold_gain":0,"cards_transformed":["Strike_B","Strike_B"],"player_choice":"Became Test Subject","damage_taken":0,"max_hp_gain":0,"max_hp_loss":0,"event_name":"Drug Dealer","floor":21,"gold_loss":0,"cards_obtained":["All For One","Genetic Algorithm"]},{"damage_healed":0,"gold_gain":99,"player_choice":"Stole From Cult","damage_taken":0,"max_hp_gain":0,"max_hp_loss":0,"event_name":"Nest","floor":23,"gold_loss":0},{"damage_healed":0,"gold_gain":0,"player_choice":"Trade","damage_taken":0,"relics_obtained":["SsserpentHead"],"max_hp_gain":0,"max_hp_loss":0,"event_name":"FaceTrader","floor":24,"gold_loss":0},{"cards_removed":["Defend_B"],"damage_healed":0,"gold_gain":0,"player_choice":"Upgrade and Remove","damage_taken":0,"max_hp_gain":0,"max_hp_loss":0,"event_name":"Designer","floor":37,"gold_loss":90,"cards_upgraded":["Defend_B"]},{"damage_healed":0,"gold_gain":333,"player_choice":"Gave Idol","damage_taken":0,"max_hp_gain":0,"max_hp_loss":0,"event_name":"The Moai Head","floor":38,"relics_lost":["Golden Idol"],"gold_loss":0},{"damage_healed":0,"gold_gain":0,"player_choice":"Max HP","damage_taken":0,"max_hp_gain":0,"max_hp_loss":4,"event_name":"Winding Halls","floor":39,"gold_loss":0},{"damage_healed":0,"gold_gain":0,"player_choice":"Memory 1","damage_taken":0,"max_hp_gain":0,"max_hp_loss":0,"event_name":"SensoryStone","floor":48,"gold_loss":0}],"is_beta":false,"boss_relics":[{"not_picked":["Astrolabe","Orrery"],"picked":"FrozenCore"},{"not_picked":["Busted Crown","Pandora\u0027s Box"],"picked":"Nuclear Battery"}],"items_purged_floors":[13,20,22,36,45,47],"is_endless":false,"potions_floor_spawned":[7,16,18,28,35,40],"ascension_level":0}