{"gold_per_floor":[112,22,40,50,50,83,93,103,103,103,278,291,322,340,340,439,439,408,419,465,482,502,502,537,555,555,569,569,569],"floor_reached":29,"playtime":4524,"items_purged":[],"score":274,"play_id":"54f8f7a3-0880-44c0-9aa3-194cfa2e3287","local_time":"20181023211603","is_ascension_mode":true,"campfire_choices":[{"data":"Burst","floor":10.0,"key":"SMITH"},{"floor":15.0,"key":"REST"},{"floor":23,"key":"REST"},{"floor":28,"key":"REST"}],"neow_cost":"","seed_source_timestamp":0,"circlet_count":0,"master_deck":["Defend_G","Defend_G","Defend_G","Defend_G","Defend_G+1","Strike_G","Strike_G","Strike_G","Strike_G","Survivor","Neutralize","Crippling Poison","Well Laid Plans","Backflip","Blade Dance","PiercingWail","Burst+1","Deadly Poison+1","Bouncing Flask","Flying Knee","Doubt","Poisoned Stab","Flechettes","Blade Dance","Night Terror","Heel Hook+1","Deadly Poison+1","Backflip","Cloak And Dagger+1","Deflect","Deflect"],"special_seed":0,"relics":["Ring of the Snake","Art of War","Pen Nib","War Paint","Lizard Tail","Bag of Marbles","Shuriken","Happy Flower"],"potions_floor_usage":[22,24,25],"damage_taken":[{"damage":2.0,"enemies":"Cultist","floor":1.0,"turns":4.0},{"damage":0.0,"enemies":"Jaw Worm","floor":3.0,"turns":5.0},{"damage":0.0,"enemies":"2 Louse","floor":4.0,"turns":3.0},{"damage":4.0,"enemies":"3 Sentries","floor":6.0,"turns":15.0},{"damage":0.0,"enemies":"2 Fungi Beasts","floor":7.0,"turns":4.0},{"damage":1.0,"enemies":"Exordium Thugs","floor":8.0,"turns":5.0},{"damage":16.0,"enemies":"Large Slime","floor":12.0,"turns":6.0},{"damage":16.0,"enemies":"Gremlin Nob","floor":13.0,"turns":4.0},{"damage":8.0,"enemies":"Red Slaver","floor":14.0,"turns":3.0},{"damage":42.0,"enemies":"Slime Boss","floor":16.0,"turns":12.0},{"damage":7.0,"enemies":"2 Thieves","floor":18.0,"turns":5.0},{"damage":2.0,"enemies":"Shell Parasite","floor":19.0,"turns":3.0},{"damage":31.0,"enemies":"3 Cultists","floor":21.0,"turns":7.0},{"damage":16,"enemies":"Centurion and Healer","floor":22,"turns":7},{"damage":19,"enemies":"Gremlin Leader","floor":24,"turns":5},{"damage":8,"enemies":"Cultist and Chosen","floor":25,"turns":6},{"damage":24,"enemies":"Snake Plant","floor":27,"turns":4},{"damage":11,"enemies":"3 Cultists","floor":29,"turns":4}],"seed_played":"-7622039279991961747","potions_obtained":[{"floor":6.0,"key":"AttackPotion"},{"floor":13.0,"key":"PowerPotion"},{"floor":14.0,"key":"Ancient Potion"},{"floor":16.0,"key":"Strength Potion"},{"floor":18.0,"key":"Ancient Potion"},{"floor":24,"key":"PowerPotion"}],"is_trial":false,"path_per_floor":["M","$","M","M","?","E","M","M","T","R","?","M","E","M","R","B",null,"M","M","T","M","M","R","E","M","T","M","R"],"character_chosen":"THE_SILENT","items_purchased":["Well Laid Plans","Backflip"],"campfire_rested":3,"item_purchase_floors":[2,2],"current_hp_per_floor":[68,68,68,68,68,64,64,63,63,63,63,47,31,23,44,2,70,63,61,61,30,14,35,16,8,8,25,46,35],"gold":569,"neow_bonus":"","is_prod":false,"is_daily":false,"chose_seed":false,"campfire_upgraded":1,"win_rate":0,"timestamp":1540354563,"path_taken":["M","$","M","?","?","E","M","M","T","R","?","M","E","M","R","BOSS","M","M","?","M","M","R","E","M","T","M","R","M"],"build_version":"2018-10-18","purchased_purges":0,"victory":false,"max_hp_per_floor":[70,70,70,70,70,70,70,70,70,70,70,70,70,70,70,70,70,70,70,70,70,70,70,70,70,70,70,70,70],"card_choices":[{"not_picked":["Deflect","Setup"],"picked":"Crippling Poison","floor":1.0},{"not_picked":["Deflect","Bane"],"picked":"Blade Dance","floor":3.0},{"not_picked":["Dagger Spray","Leg Sweep"],"picked":"PiercingWail","floor":4.0},{"not_picked":["Reflex","Flying Knee"],"picked":"Deadly Poison","floor":6.0},{"not_picked":["Poisoned Stab","Caltrops"],"picked":"Bouncing Flask","floor":7.0},{"not_picked":["Choke","Sucker Punch"],"picked":"Flying Knee","floor":8.0},{"not_picked":["All Out Attack","Sucker Punch"],"picked":"Poisoned Stab","floor":12.0},{"not_picked":["Dagger Throw","Predator"],"picked":"Flechettes","floor":13.0},{"not_picked":["Skewer","Backflip"],"picked":"Blade Dance","floor":14.0},{"not_picked":["A Thousand Cuts","Malaise"],"picked":"Night Terror","floor":16.0},{"not_picked":["Dagger Throw","Expertise+1"],"picked":"Heel Hook+1","floor":18.0},{"not_picked":["Reflex","Deflect"],"picked":"Deadly Poison+1","floor":19.0},{"not_picked":["Blade Dance","Deflect"],"picked":"Backflip","floor":21.0},{"not_picked":["Dodge and Roll+1","Envenom"],"picked":"Cloak And Dagger+1","floor":22},{"not_picked":["Dagger Spray","Quick Slash"],"picked":"Deflect","floor":24},{"not_picked":["Quick Slash","Slice"],"picked":"Deflect","floor":25},{"not_picked":["Masterful Stab","Crippling Poison","Endless Agony"],"picked":"SKIP","floor":27}],"player_experience":390774,"relics_obtained":[{"floor":6.0,"key":"Art of War"},{"floor":9.0,"key":"Pen Nib"},{"floor":13.0,"key":"War Paint"},{"floor":20.0,"key":"Bag of Marbles"},{"floor":24,"key":"Shuriken"},{"floor":26,"key":"Happy Flower"}],"event_choices":[{"event_name":"Transmorgrifier","player_choice":"Transform","floor":5.0,"damage_taken":0.0},{"damage_healed":0.0,"max_hp_gain":0.0,"max_hp_loss":0.0,"gold_gain":175.0,"event_name":"Liars Game","player_choice":"AGREE","floor":11.0,"gold_loss":0.0,"damage_taken":0.0,"cards_obtained":["Doubt"]}],"is_beta":false,"boss_relics":[{"not_picked":["Coffee Dripper","Empty Cage"],"picked":"Lizard Tail"}],"items_purged_floors":[],"is_endless":false,"potions_floor_spawned":[6,13,14,16,18,24],"killed_by":"3 Cultists","ascension_level":1}