{"gold_per_floor":[113,127,139,83,98,98,125,125,149,175,132,144,167,183,183,255,255,271,7,0,0,19,19],"floor_reached":23,"playtime":1114,"items_purged":[],"score":382,"play_id":"a9678ee4-1ab3-448f-9e23-0247ef8b0290","local_time":"20190615103314","is_ascension_mode":true,"campfire_choices":[{"data":"Flame Barrier","floor":6,"key":"SMITH"},{"floor":8,"key":"REST"},{"floor":15,"key":"REST"}],"neow_cost":"PERCENT_DAMAGE","seed_source_timestamp":2429044171122222,"circlet_count":0,"master_deck":["AscendersBane","Strike_R","Strike_R","Strike_R","Strike_R","Defend_R","Defend_R","Defend_R","Defend_R","Bash","Thunderclap","Flame Barrier+1","Havoc","Spot Weakness","Uppercut","Impervious","Inflame","Sword Boomerang","Anger"],"relics":["Burning Blood","Champion Belt","Omamori","Potion Belt","Regal Pillow","Blood Vial","Philosopher\u0027s Stone","Membership Card"],"potions_floor_usage":[5,7,10,16,18,23],"damage_taken":[{"damage":1,"enemies":"Cultist","floor":1,"turns":3},{"damage":4,"enemies":"Jaw Worm","floor":2,"turns":4},{"damage":0,"enemies":"Small Slimes","floor":3,"turns":3},{"damage":13,"enemies":"Exordium Wildlife","floor":5,"turns":8},{"damage":58,"enemies":"3 Sentries","floor":7,"turns":14},{"damage":25,"enemies":"Lagavulin","floor":10,"turns":10},{"damage":10,"enemies":"Gremlin Gang","floor":12,"turns":5},{"damage":1,"enemies":"Red Slaver","floor":14,"turns":4},{"damage":27,"enemies":"The Guardian","floor":16,"turns":13},{"damage":20,"enemies":"2 Thieves","floor":18,"turns":4},{"damage":20,"enemies":"Spheric Guardian","floor":22,"turns":4},{"damage":47,"enemies":"Book of Stabbing","floor":23,"turns":5}],"seed_played":"6921260942441985636","potions_obtained":[{"floor":3,"key":"LiquidBronze"},{"floor":5,"key":"BloodPotion"},{"floor":10,"key":"Fire Potion"},{"floor":12,"key":"Dexterity Potion"},{"floor":16,"key":"SteroidPotion"}],"is_trial":false,"path_per_floor":["M","M","M","$","M","R","E","R","T","E","?","M","T","M","R","B",null,"M","$","?","?","M","E"],"character_chosen":"IRONCLAD","items_purchased":["Block Potion","Membership Card","Inflame","Sword Boomerang"],"campfire_rested":2,"item_purchase_floors":[4,19,19,19],"current_hp_per_floor":[55,57,63,63,56,56,11,33,33,14,14,10,10,17,54,35,65,53,53,53,53,41,0],"gold":19,"neow_bonus":"ONE_RARE_RELIC","is_prod":false,"is_daily":false,"chose_seed":false,"campfire_upgraded":1,"win_rate":0,"timestamp":1560605594,"path_taken":["M","?","M","$","M","R","E","R","T","E","?","M","?","M","R","BOSS","M","$","?","?","?","E"],"build_version":"2019-01-23","purchased_purges":0,"victory":false,"max_hp_per_floor":[75,75,75,75,75,75,75,75,75,75,75,75,75,75,75,75,75,75,75,75,75,75,75],"card_choices":[{"not_picked":["Dual Wield","Anger"],"picked":"Thunderclap","floor":1},{"not_picked":["Body Slam","Burning Pact"],"picked":"Flame Barrier","floor":2},{"not_picked":["Burning Pact","Perfected Strike","Rupture"],"picked":"SKIP","floor":3},{"not_picked":["Spot Weakness","Fire Breathing","True Grit"],"picked":"SKIP","floor":5},{"not_picked":["Sword Boomerang","Twin Strike"],"picked":"Havoc","floor":7},{"not_picked":["Wild Strike","Berserk"],"picked":"Spot Weakness","floor":10},{"not_picked":["Headbutt","Iron Wave"],"picked":"Uppercut","floor":12},{"not_picked":["Infernal Blade","Warcry","Power Through"],"picked":"SKIP","floor":14},{"not_picked":["Dark Embrace","Feed"],"picked":"Impervious","floor":16},{"not_picked":["Clash","Havoc","Warcry"],"picked":"SKIP","floor":18},{"not_picked":["Evolve","Havoc"],"picked":"Anger","floor":22}],"player_experience":1050368,"relics_obtained":[{"floor":7,"key":"Omamori"},{"floor":9,"key":"Potion Belt"},{"floor":10,"key":"Regal Pillow"},{"floor":13,"key":"Blood Vial"}],"event_choices":[{"damage_healed":0,"gold_gain":0,"player_choice":"Left Gold","damage_taken":0,"max_hp_gain":0,"max_hp_loss":0,"event_name":"World of Goop","floor":11,"gold_loss":43},{"damage_healed":0,"gold_gain":0,"player_choice":"Paid Fearfully","damage_taken":0,"max_hp_gain":0,"max_hp_loss":0,"event_name":"Masked Bandits","floor":20,"gold_loss":7},{"cards_removed":["Strike_R"],"damage_healed":0,"gold_gain":0,"player_choice":"Purged","damage_taken":0,"max_hp_gain":0,"max_hp_loss":0,"event_name":"Purifier","floor":21,"gold_loss":0}],"is_beta":false,"boss_relics":[{"not_picked":["Lizard Tail","Eternal Feather"],"picked":"Philosopher\u0027s Stone"}],"items_purged_floors":[],"is_endless":false,"potions_floor_spawned":[3,5,10,12,16],"killed_by":"Book of Stabbing","ascension_level":18}