{"gold_per_floor":[109,109,125,125,5,32,32,58,58,58,71,51,71,90,90,195,195,214,229,154,154,82,107,107,107,107,107,117,127,127,142,142,240,240,252,268,287,0,0,0,32,52,52,68,81,99,99,2,2,2],"floor_reached":51,"playtime":4112,"items_purged":["Defend_R"],"score":787,"play_id":"ead7ef77-3fac-4289-9703-37b9de50168c","local_time":"20181114082903","is_ascension_mode":true,"campfire_choices":[{"floor":7.0,"key":"REST"},{"data":"Armaments","floor":10.0,"key":"SMITH"},{"floor":15.0,"key":"REST"},{"data":"Demon Form","floor":24.0,"key":"SMITH"},{"data":"Heavy Blade","floor":27.0,"key":"SMITH"},{"floor":32.0,"key":"REST"},{"floor":40.0,"key":"REST"},{"floor":47,"key":"REST"},{"floor":49,"key":"REST"}],"neow_cost":"NONE","seed_source_timestamp":0,"circlet_count":0,"master_deck":["Strike_R","Strike_R","Defend_R","Defend_R","Bash","Headbutt","Iron Wave","Armaments+1","Shockwave","Demon Form+1","Metallicize","Heavy Blade+1","Iron Wave","Uppercut","Pummel+1","Writhe","Evolve","Headbutt+1","Whirlwind","Rage","True Grit","Corruption","Inflame","Impervious","Pommel Strike+1","Iron Wave+1","Limit Break","Entrench+1","Pommel Strike+1","Madness"],"special_seed":0,"relics":["Burning Blood","Mercury Hourglass","Kunai","Bottled Tornado","Philosopher\u0027s Stone","Blood Vial","Bag of Marbles","Question Card","Fusion Hammer","Red Mask","Pantograph","Pear"],"potions_floor_usage":[50,50],"damage_taken":[{"damage":10.0,"enemies":"2 Louse","floor":1.0,"turns":3.0},{"damage":5.0,"enemies":"Small Slimes","floor":3.0,"turns":3.0},{"damage":51.0,"enemies":"Lagavulin","floor":6.0,"turns":7.0},{"damage":13.0,"enemies":"Gremlin Nob","floor":8.0,"turns":4.0},{"damage":6.0,"enemies":"Cultist","floor":11.0,"turns":3.0},{"damage":7.0,"enemies":"Exordium Wildlife","floor":13.0,"turns":3.0},{"damage":13.0,"enemies":"Looter","floor":14.0,"turns":4.0},{"damage":3.0,"enemies":"Hexaghost","floor":16.0,"turns":7.0},{"damage":5.0,"enemies":"Shell Parasite","floor":18.0,"turns":5.0},{"damage":10.0,"enemies":"Chosen","floor":19.0,"turns":4.0},{"damage":34.0,"enemies":"Slavers","floor":23.0,"turns":4.0},{"damage":1.0,"enemies":"Snecko","floor":28.0,"turns":3.0},{"damage":42.0,"enemies":"Shelled Parasite and Fungi","floor":29.0,"turns":4.0},{"damage":15.0,"enemies":"Centurion and Healer","floor":31.0,"turns":4.0},{"damage":26.0,"enemies":"Automaton","floor":33.0,"turns":5.0},{"damage":7.0,"enemies":"Orb Walker","floor":35.0,"turns":3.0},{"damage":19.0,"enemies":"3 Shapes","floor":36.0,"turns":4.0},{"damage":27.0,"enemies":"Sphere and 2 Shapes","floor":37.0,"turns":4.0},{"damage":34.0,"enemies":"Nemesis","floor":41.0,"turns":5.0},{"damage":11.0,"enemies":"4 Shapes","floor":42.0,"turns":4.0},{"damage":23,"enemies":"Transient","floor":44,"turns":5},{"damage":14,"enemies":"Spire Growth","floor":45,"turns":3},{"damage":9,"enemies":"Maw","floor":46,"turns":5},{"damage":23,"enemies":"Donu and Deca","floor":50,"turns":6}],"seed_played":"-2151182734659141705","potions_obtained":[{"floor":6.0,"key":"Dexterity Potion"},{"floor":8.0,"key":"SkillPotion"},{"floor":12.0,"key":"SpeedPotion"},{"floor":23.0,"key":"SteroidPotion"},{"floor":28.0,"key":"Energy Potion"},{"floor":31.0,"key":"Ancient Potion"},{"floor":35.0,"key":"FairyPotion"},{"floor":37.0,"key":"SteroidPotion"},{"floor":42.0,"key":"Ancient Potion"},{"floor":44,"key":"SteroidPotion"}],"is_trial":false,"path_per_floor":["M","?","M","?","$","E","R","E","T","R","M","?","M","M","R","B",null,"M","M","?","?","$","E","R","?","T","R","M","M","?","M","R","B",null,"M","M","M","?","$","R","E","M","T","M","M","M","R","$","R","B",null],"character_chosen":"IRONCLAD","items_purchased":["Armaments","Evolve","Madness"],"campfire_rested":6,"item_purchase_floors":[5,22,48],"current_hp_per_floor":[76,76,77,70,70,25,49,42,42,42,42,42,41,34,58,61,80,80,76,76,76,76,50,50,50,50,50,57,23,23,16,40,22,80,79,67,48,48,48,72,46,43,53,38,32,31,58,58,85,73],"gold":2,"neow_bonus":"TRANSFORM_CARD","is_prod":false,"is_daily":false,"chose_seed":false,"campfire_upgraded":3,"win_rate":0,"timestamp":1542212943,"path_taken":["M","?","M","?","$","E","R","E","T","R","M","?","M","?","R","BOSS","M","M","?","?","$","E","R","?","T","R","M","M","?","?","R","BOSS","M","M","M","?","$","R","E","M","T","M","M","M","R","$","R","BOSS"],"build_version":"2018-11-08","purchased_purges":1,"victory":true,"max_hp_per_floor":[80,80,80,80,80,80,80,80,80,80,80,80,80,80,80,80,80,80,80,80,80,80,80,80,80,80,80,80,80,80,80,80,80,80,80,80,80,80,80,80,80,80,90,90,90,90,90,90,90,90],"card_choices":[{"not_picked":["Twin Strike","Burning Pact"],"picked":"Headbutt","floor":1.0},{"not_picked":["Twin Strike","Sword Boomerang"],"picked":"Iron Wave","floor":3.0},{"not_picked":["Bloodletting","Anger"],"picked":"Shockwave","floor":6.0},{"not_picked":["Dual Wield","Cleave"],"picked":"Demon Form","floor":8.0},{"not_picked":["Havoc","Wild Strike"],"picked":"Metallicize","floor":11.0},{"not_picked":["Pommel Strike","Disarm"],"picked":"Heavy Blade","floor":13.0},{"not_picked":["Clothesline","Corruption"],"picked":"Iron Wave","floor":14.0},{"not_picked":["Wild Strike+1","Carnage"],"picked":"Uppercut","floor":18.0},{"not_picked":["Sentinel+1","Infernal Blade+1"],"picked":"Pummel+1","floor":19.0},{"not_picked":["Shockwave","Warcry"],"picked":"Headbutt+1","floor":23.0},{"not_picked":["Disarm","Wild Strike","Flex"],"picked":"Rage","floor":28.0},{"not_picked":["Armaments+1","Thunderclap","Seeing Red+1"],"picked":"True Grit","floor":29.0},{"not_picked":["Spot Weakness","Rupture+1","Entrench"],"picked":"Inflame","floor":31.0},{"not_picked":["Feed","Offering","Juggernaut"],"picked":"Impervious","floor":33.0},{"not_picked":["Rampage","Body Slam","Clash+1"],"picked":"Pommel Strike+1","floor":35.0},{"not_picked":["Wild Strike+1","Corruption","Warcry"],"picked":"Iron Wave+1","floor":36.0},{"not_picked":["Clothesline","Heavy Blade","Rupture+1"],"picked":"Limit Break","floor":37.0},{"not_picked":["Entrench","Sever Soul+1","Cleave+1","Body Slam+1"],"picked":"SKIP","floor":41.0},{"not_picked":["Whirlwind+1","Fire Breathing","Combust+1"],"picked":"Entrench+1","floor":42.0},{"not_picked":["Body Slam+1","Iron Wave","Exhume","Sentinel+1"],"picked":"SKIP","floor":44},{"not_picked":["Body Slam+1","Iron Wave","Exhume","Sentinel+1"],"picked":"SKIP","floor":44},{"not_picked":["Disarm","Twin Strike+1","Metallicize+1","Corruption"],"picked":"SKIP","floor":45},{"not_picked":["Warcry+1","Clothesline+1","Perfected Strike+1"],"picked":"Pommel Strike+1","floor":46}],"player_experience":398235,"relics_obtained":[{"floor":6.0,"key":"Mercury Hourglass"},{"floor":8.0,"key":"Kunai"},{"floor":9.0,"key":"Bottled Tornado"},{"floor":23.0,"key":"Bag of Marbles"},{"floor":26.0,"key":"Question Card"},{"floor":41.0,"key":"Pantograph"},{"floor":43.0,"key":"Pear"}],"event_choices":[{"cards_removed":["Strike_R"],"damage_healed":0.0,"max_hp_gain":0.0,"max_hp_loss":0.0,"gold_gain":0.0,"event_name":"Living Wall","player_choice":"Forget","floor":2.0,"gold_loss":0.0,"damage_taken":0.0},{"cards_removed":["Defend_R"],"damage_healed":0.0,"max_hp_gain":0.0,"max_hp_loss":0.0,"gold_gain":0.0,"event_name":"Golden Wing","player_choice":"Card Removal","floor":4.0,"gold_loss":0.0,"damage_taken":7.0},{"damage_healed":0.0,"max_hp_gain":0.0,"max_hp_loss":0.0,"gold_gain":0.0,"event_name":"The Woman in Blue","player_choice":"Bought 1 Potion","floor":12.0,"gold_loss":0.0,"damage_taken":0.0},{"cards_removed":["Strike_R"],"damage_healed":0.0,"max_hp_gain":0.0,"max_hp_loss":0.0,"gold_gain":0.0,"event_name":"Beggar","player_choice":"Gave Gold","floor":20.0,"gold_loss":75.0,"damage_taken":0.0},{"damage_healed":0.0,"max_hp_gain":0.0,"max_hp_loss":0.0,"gold_gain":0.0,"event_name":"The Mausoleum","player_choice":"Opened","floor":21.0,"gold_loss":0.0,"damage_taken":0.0,"relics_obtained":["Blood Vial"],"cards_obtained":["Writhe"]},{"damage_healed":0.0,"max_hp_gain":0.0,"max_hp_loss":0.0,"gold_gain":0.0,"event_name":"The Library","player_choice":"Read","floor":25.0,"gold_loss":0.0,"damage_taken":0.0,"cards_obtained":["Whirlwind"]},{"damage_healed":0.0,"max_hp_gain":0.0,"max_hp_loss":0.0,"gold_gain":0.0,"cards_transformed":["Rupture"],"event_name":"Transmorgrifier","player_choice":"Transformed","floor":30.0,"gold_loss":0.0,"damage_taken":0.0,"cards_obtained":["Corruption"]},{"damage_healed":0.0,"max_hp_gain":0.0,"max_hp_loss":0.0,"gold_gain":0.0,"event_name":"Tomb of Lord Red Mask","player_choice":"Paid","floor":38.0,"gold_loss":287.0,"damage_taken":0.0,"relics_obtained":["Red Mask"]}],"is_beta":false,"boss_relics":[{"not_picked":["Lizard Tail","Calling Bell"],"picked":"Philosopher\u0027s Stone"},{"not_picked":["Runic Cube","White Beast Statue"],"picked":"Fusion Hammer"}],"items_purged_floors":[5],"is_endless":false,"potions_floor_spawned":[6,8,14,23,28,31,35,37,42,44,46],"ascension_level":3}