{"gold_per_floor":[116,135,153,153,58,85,100,100,100,114,114,148,173,188,188,285,285,305,305,321,334,350,350,350,350,399,399,104,115,215,40,40,141,141,159,178,178],"floor_reached":37,"playtime":2645,"items_purged":["Strike_B","Strike_B"],"score":381,"play_id":"5fb47362-df06-4bc3-abae-4202a1303120","local_time":"20190410230032","is_ascension_mode":false,"campfire_choices":[{"data":"Zap","floor":8,"key":"SMITH"},{"data":"Rip and Tear","floor":11,"key":"SMITH"},{"floor":15,"key":"REST"},{"data":"Defragment","floor":23,"key":"SMITH"},{"data":"Creative AI","floor":24,"key":"SMITH"},{"data":"Self Repair","floor":25,"key":"SMITH"},{"data":"Heatsinks","floor":27,"key":"SMITH"},{"floor":32,"key":"REST"}],"neow_cost":"NONE","seed_source_timestamp":76432279777749,"circlet_count":0,"master_deck":["Strike_B","Strike_B+1","Defend_B+1","Defend_B","Defend_B","Defend_B","Zap+1","Dualcast","Steam","Compile Driver+1","Sweeping Beam","Coolheaded","Self Repair+1","Conserve Battery+1","Rip and Tear+1","Cold Snap","Heatsinks+1","Self Repair","Creative AI+1","Defragment+1","Hologram+1","Capacitor","Loop+1","Chill","Echo Form","Seek","Double Energy","Defragment"],"relics":["Cracked Core","WingedGreaves","Nunchaku","Girya","Whetstone","Odd Mushroom","Runic Dome","War Paint","Art of War","Ginger","Pantograph"],"potions_floor_usage":[6,12,30,30,30,37],"damage_taken":[{"damage":1,"enemies":"Jaw Worm","floor":1,"turns":3},{"damage":0,"enemies":"2 Louse","floor":2,"turns":3},{"damage":0,"enemies":"Cultist","floor":3,"turns":2},{"damage":21,"enemies":"Lagavulin","floor":6,"turns":7},{"damage":5,"enemies":"Large Slime","floor":7,"turns":5},{"damage":0,"enemies":"Blue Slaver","floor":10,"turns":4},{"damage":24,"enemies":"Gremlin Nob","floor":12,"turns":4},{"damage":6,"enemies":"The Mushroom Lair","floor":13,"turns":4},{"damage":2,"enemies":"2 Fungi Beasts","floor":14,"turns":2},{"damage":33,"enemies":"Slime Boss","floor":16,"turns":9},{"damage":12,"enemies":"Chosen","floor":18,"turns":6},{"damage":18,"enemies":"Spheric Guardian","floor":20,"turns":5},{"damage":16,"enemies":"Cultist and Chosen","floor":21,"turns":6},{"damage":49,"enemies":"Snake Plant","floor":22,"turns":7},{"damage":7,"enemies":"Chosen and Byrds","floor":29,"turns":6},{"damage":26,"enemies":"Colosseum Slavers","floor":30,"turns":4},{"damage":18,"enemies":"Colosseum Nobs","floor":30,"turns":4},{"damage":31,"enemies":"Collector","floor":33,"turns":10},{"damage":7,"enemies":"Orb Walker","floor":35,"turns":5},{"damage":48,"enemies":"3 Darklings","floor":36,"turns":6},{"damage":64,"enemies":"2 Orb Walkers","floor":37,"turns":3}],"seed_played":"-3140135790797978212","potions_obtained":[{"floor":3,"key":"Energy Potion"},{"floor":6,"key":"SteroidPotion"},{"floor":7,"key":"Energy Potion"},{"floor":14,"key":"Dexterity Potion"},{"floor":20,"key":"Weak Potion"},{"floor":30,"key":"Strength Potion"},{"floor":35,"key":"SkillPotion"}],"is_trial":false,"path_per_floor":["M","M","M","?","$","E","M","R","T","M","R","E","?","M","R","B",null,"M","?","M","M","M","R","R","R","T","R","$","M","?","$","R","B",null,"M","M","?"],"character_chosen":"DEFECT","items_purchased":["Fire Potion","Coolheaded","Art of War","Capacitor","Echo Form"],"campfire_rested":2,"item_purchase_floors":[5,5,28,28,31],"current_hp_per_floor":[81,81,81,69,69,48,50,50,50,57,57,40,41,46,70,44,82,82,82,78,76,41,41,41,41,41,41,41,51,41,41,65,68,82,82,51,0],"gold":178,"neow_bonus":"TEN_PERCENT_HP_BONUS","is_prod":false,"is_daily":false,"chose_seed":false,"campfire_upgraded":6,"win_rate":0,"timestamp":1554962432,"path_taken":["M","M","M","?","$","E","M","R","T","M","R","E","?","M","R","BOSS","M","?","M","?","M","R","R","R","T","R","$","M","?","$","R","BOSS","M","M","?"],"build_version":"2019-01-23","purchased_purges":2,"victory":false,"max_hp_per_floor":[82,82,82,82,82,82,82,82,82,82,82,82,82,82,82,82,82,82,82,82,82,82,82,82,82,82,82,82,82,82,82,82,82,82,82,82,82],"card_choices":[{"not_picked":["Turbo","Force Field"],"picked":"Steam","floor":1},{"not_picked":["Recycle","Redo"],"picked":"Compile Driver","floor":2},{"not_picked":["Tempest","Coolheaded"],"picked":"Sweeping Beam","floor":3},{"not_picked":["Stack","All For One"],"picked":"Self Repair","floor":6},{"not_picked":["Consume","Compile Driver"],"picked":"Conserve Battery","floor":7},{"not_picked":["Fusion","Rebound"],"picked":"Rip and Tear","floor":10},{"not_picked":["Capacitor","Compile Driver"],"picked":"Cold Snap","floor":12},{"not_picked":["Cold Snap","Turbo"],"picked":"Heatsinks","floor":13},{"not_picked":["Coolheaded","Beam Cell"],"picked":"Self Repair","floor":14},{"not_picked":["Thunder Strike","Machine Learning"],"picked":"Creative AI","floor":16},{"not_picked":["Sweeping Beam+1","Redo","Steam"],"picked":"SKIP","floor":18},{"not_picked":["Stack","Redo","Sweeping Beam"],"picked":"SKIP","floor":20},{"not_picked":["White Noise+1","Doom and Gloom"],"picked":"Defragment","floor":21},{"not_picked":["FTL+1","Steam"],"picked":"Hologram+1","floor":22},{"not_picked":["Heatsinks","Redo"],"picked":"Loop+1","floor":29},{"not_picked":["Streamline+1","Cold Snap"],"picked":"Chill","floor":30},{"not_picked":["Hyperbeam","Creative AI"],"picked":"Seek","floor":33},{"not_picked":["Steam","Heatsinks"],"picked":"Double Energy","floor":35},{"not_picked":["Go for the Eyes+1","Barrage+1"],"picked":"Defragment","floor":36}],"player_experience":696129,"relics_obtained":[{"floor":6,"key":"Nunchaku"},{"floor":9,"key":"Girya"},{"floor":12,"key":"Whetstone"},{"floor":13,"key":"Odd Mushroom"},{"floor":26,"key":"War Paint"},{"floor":30,"key":"Ginger"},{"floor":30,"key":"Pantograph"}],"event_choices":[{"damage_healed":0,"gold_gain":0,"player_choice":"Success","damage_taken":12,"relics_obtained":["WingedGreaves"],"max_hp_gain":0,"max_hp_loss":0,"event_name":"Scrap Ooze","floor":4,"gold_loss":0},{"damage_healed":0,"gold_gain":0,"player_choice":"Fought Mushrooms","damage_taken":0,"max_hp_gain":0,"max_hp_loss":0,"event_name":"Mushrooms","floor":13,"gold_loss":0},{"damage_healed":0,"gold_gain":0,"player_choice":"Bought 0 Potions","damage_taken":0,"max_hp_gain":0,"max_hp_loss":0,"event_name":"The Woman in Blue","floor":19,"gold_loss":0},{"damage_healed":0,"gold_gain":0,"player_choice":"Fight","damage_taken":0,"max_hp_gain":0,"max_hp_loss":0,"event_name":"Colosseum","floor":30,"gold_loss":0},{"damage_healed":0,"gold_gain":0,"player_choice":"Fought Nobs","damage_taken":0,"max_hp_gain":0,"max_hp_loss":0,"event_name":"Colosseum","floor":30,"gold_loss":0},{"damage_healed":0,"gold_gain":0,"player_choice":"Fight","damage_taken":0,"max_hp_gain":0,"max_hp_loss":0,"event_name":"Mysterious Sphere","floor":37,"gold_loss":0}],"is_beta":false,"boss_relics":[{"not_picked":["Tiny House","Eternal Feather"],"picked":"Runic Dome"},{"not_picked":["Coffee Dripper","Velvet Choker","Calling Bell"]}],"items_purged_floors":[28,31],"is_endless":false,"potions_floor_spawned":[3,6,7,14,16,20,22,29,30,35],"killed_by":"2 Orb Walkers","ascension_level":0}