{"gold_per_floor":[118,293,309,136,211,211,228,228,228,263,263,228,253,272,272,377,377,317,317,242,242,242,242,242,242,242,242,242,242,242,68,68,68,68,68,48,48,48,48,48,48,48,48,48,48,0,0,0,0,0,0,0,0,0,0],"floor_reached":55,"playtime":2591,"items_purged":["Doubt","Strike_G"],"score":753,"play_id":"e74baf84-1364-48a8-84bf-1a9029cd2102","local_time":"20190613072910","is_ascension_mode":false,"campfire_choices":[{"data":"Discovery","floor":6.0,"key":"SMITH"},{"data":"Deadly Poison","floor":8.0,"key":"SMITH"},{"floor":11.0,"key":"REST"},{"data":"Noxious Fumes","floor":15.0,"key":"SMITH"},{"data":"Adrenaline","floor":23.0,"key":"SMITH"},{"floor":25.0,"key":"REST"},{"data":"Neutralize","floor":29.0,"key":"SMITH"},{"floor":32.0,"key":"REST"},{"data":"Catalyst","floor":41.0,"key":"SMITH"},{"data":"Adrenaline","floor":47.0,"key":"SMITH"},{"floor":49.0,"key":"RECALL"},{"data":"Survivor","floor":52.0,"key":"SMITH"}],"neow_cost":"NONE","seed_source_timestamp":0,"circlet_count":0,"master_deck":["Defend_G","Defend_G+1","Defend_G","Defend_G+1","Defend_G","Strike_G","Strike_G","Strike_G","Survivor+1","Neutralize+1","Deadly Poison+1","Discovery+1","Noxious Fumes+1","Poisoned Stab+1","Adrenaline+1","Deflect+1","Acrobatics+1","Blur+1","Catalyst+1","Adrenaline+1","Deadly Poison+1"],"special_seed":0,"relics":["Ring of the Snake","NeowsBlessing","Molten Egg 2","Shuriken","Orichalcum","Ectoplasm","Pen Nib","Singing Bowl","Lizard Tail","Art of War","SsserpentHead","Oddly Smooth Stone","War Paint","Calipers"],"potions_floor_usage":[55],"damage_taken":[{"damage":0.0,"enemies":"Small Slimes","floor":1.0,"turns":1.0},{"damage":0.0,"enemies":"2 Louse","floor":3.0,"turns":1.0},{"damage":0.0,"enemies":"Jaw Worm","floor":7.0,"turns":1.0},{"damage":32.0,"enemies":"3 Sentries","floor":10.0,"turns":7.0},{"damage":13.0,"enemies":"Lagavulin","floor":13.0,"turns":4.0},{"damage":0.0,"enemies":"Lots of Slimes","floor":14.0,"turns":2.0},{"damage":13.0,"enemies":"The Guardian","floor":16.0,"turns":7.0},{"damage":16.0,"enemies":"2 Thieves","floor":18.0,"turns":4.0},{"damage":3.0,"enemies":"Shell Parasite","floor":19.0,"turns":4.0},{"damage":5.0,"enemies":"Shelled Parasite and Fungi","floor":24.0,"turns":4.0},{"damage":3.0,"enemies":"Centurion and Healer","floor":27.0,"turns":6.0},{"damage":23.0,"enemies":"Sentry and Sphere","floor":30.0,"turns":5.0},{"damage":30.0,"enemies":"Champ","floor":33.0,"turns":11.0},{"damage":7.0,"enemies":"Orb Walker","floor":35.0,"turns":5.0},{"damage":5.0,"enemies":"3 Darklings","floor":37.0,"turns":6.0},{"damage":0.0,"enemies":"Nemesis","floor":40.0,"turns":7.0},{"damage":0.0,"enemies":"Spire Growth","floor":42.0,"turns":2.0},{"damage":4.0,"enemies":"Sphere and 2 Shapes","floor":45.0,"turns":5.0},{"damage":0.0,"enemies":"3 Darklings","floor":48.0,"turns":4.0},{"damage":82.0,"enemies":"Time Eater","floor":50.0,"turns":14.0},{"damage":51.0,"enemies":"Shield and Spear","floor":54.0,"turns":8.0},{"damage":83,"enemies":"The Heart","floor":55,"turns":6}],"seed_played":"212273891511351043","potions_obtained":[{"floor":1.0,"key":"LiquidBronze"},{"floor":10.0,"key":"Poison Potion"},{"floor":13.0,"key":"Energy Potion"},{"floor":14.0,"key":"AttackPotion"},{"floor":18.0,"key":"FearPotion"},{"floor":19.0,"key":"Energy Potion"},{"floor":30.0,"key":"Explosive Potion"},{"floor":33.0,"key":"FairyPotion"},{"floor":36.0,"key":"SkillPotion"},{"floor":48.0,"key":"SneckoOil"}],"is_trial":false,"path_per_floor":["M","?","M","$","?","R","M","R","T","E","R","?","E","M","R","B",null,"M","M","?","?","T","R","M","R","T","M","T","R","M","$","R","B",null,"M","?","M","T","?","E","R","M","T","?","M","$","R","M","R","B",null,"R","$","E","B"],"character_chosen":"THE_SILENT","items_purchased":["Discovery","Catalyst","PowerPotion"],"campfire_rested":3,"item_purchase_floors":[4,31,46],"current_hp_per_floor":[70,70,70,70,59,59,59,59,59,27,48,65,52,52,52,39,70,54,51,51,38,38,38,33,55,55,54,54,54,31,31,54,24,77,72,72,69,69,69,71,71,71,71,71,69,69,69,71,71,8,87,87,87,38,0],"gold":0,"neow_bonus":"THREE_ENEMY_KILL","is_prod":false,"is_daily":false,"chose_seed":false,"campfire_upgraded":8,"win_rate":0,"timestamp":1560403750,"path_taken":["M","?","M","$","?","R","M","R","T","E","R","?","E","?","R","BOSS","M","?","?","?","?","R","M","R","T","M","?","R","M","$","R","BOSS","M","?","?","?","?","E","R","?","T","?","M","$","R","M","R","BOSS","R","$","E","BOSS"],"build_version":"2019-01-23","purchased_purges":2,"victory":false,"max_hp_per_floor":[70,70,70,70,70,70,70,70,70,70,70,70,70,70,70,70,70,70,70,70,75,75,75,75,75,75,77,77,77,77,77,77,77,77,79,79,81,81,81,83,83,83,83,83,85,85,85,87,87,87,87,87,87,89,89],"card_choices":[{"not_picked":["Accuracy","Slice"],"picked":"Deadly Poison","floor":1.0},{"not_picked":["Blade Dance","Sucker Punch","Outmaneuver"],"picked":"SKIP","floor":3.0},{"not_picked":["Sucker Punch","Tools of the Trade"],"picked":"Noxious Fumes","floor":7.0},{"not_picked":["Bane+1","Bullet Time"],"picked":"Poisoned Stab+1","floor":10.0},{"not_picked":["Blade Dance","Prepared","Slice+1"],"picked":"SKIP","floor":13.0},{"not_picked":["Outmaneuver","Dagger Spray+1","Dagger Throw+1"],"picked":"SKIP","floor":14.0},{"not_picked":["Malaise","Wraith Form v2"],"picked":"Adrenaline","floor":16.0},{"not_picked":["Flechettes+1","Setup+1"],"picked":"Deflect+1","floor":18.0},{"not_picked":["Flying Knee+1","Quick Slash+1"],"picked":"Acrobatics+1","floor":19.0},{"not_picked":["Dagger Spray+1","PiercingWail","Poisoned Stab+1"],"picked":"SKIP","floor":24.0},{"not_picked":["Blade Dance","Deadly Poison","Backflip"],"picked":"Singing Bowl","floor":27.0},{"not_picked":["Dodge and Roll","Bane+1"],"picked":"Blur+1","floor":30.0},{"not_picked":["Unload+1","Malaise"],"picked":"Adrenaline","floor":33.0},{"not_picked":["Leg Sweep","Calculated Gamble+1","PiercingWail"],"picked":"Singing Bowl","floor":35.0},{"not_picked":["Dodge and Roll","Backstab+1","Acrobatics+1"],"picked":"Singing Bowl","floor":37.0},{"not_picked":["Reflex","Crippling Poison","Well Laid Plans+1"],"picked":"Singing Bowl","floor":40.0},{"not_picked":["Outmaneuver","Flying Knee+1"],"picked":"Deadly Poison+1","floor":42.0},{"not_picked":["Calculated Gamble+1","Flying Knee+1","Quick Slash+1"],"picked":"Singing Bowl","floor":45.0},{"not_picked":["Prepared+1","Terror+1","Riddle With Holes+1"],"picked":"Singing Bowl","floor":48.0},{"not_picked":["Phantasmal Killer","Prepared","Reflex+1"],"picked":"Singing Bowl","floor":54.0}],"player_experience":263748,"relics_obtained":[{"floor":9.0,"key":"Molten Egg 2"},{"floor":10.0,"key":"Shuriken"},{"floor":13.0,"key":"Orichalcum"},{"floor":22.0,"key":"Pen Nib"},{"floor":26.0,"key":"Singing Bowl"},{"floor":38.0,"key":"Art of War"},{"floor":40.0,"key":"Oddly Smooth Stone"},{"floor":43.0,"key":"War Paint"},{"floor":54.0,"key":"Calipers"}],"event_choices":[{"damage_healed":0.0,"max_hp_gain":0.0,"max_hp_loss":0.0,"gold_gain":175.0,"event_name":"Liars Game","player_choice":"AGREE","floor":2.0,"gold_loss":0.0,"damage_taken":0.0,"cards_obtained":["Doubt"]},{"damage_healed":0.0,"max_hp_gain":0.0,"max_hp_loss":0.0,"gold_gain":75.0,"event_name":"World of Goop","player_choice":"Gather Gold","floor":5.0,"gold_loss":0.0,"damage_taken":11.0},{"damage_healed":17.0,"max_hp_gain":0.0,"max_hp_loss":0.0,"gold_gain":0.0,"event_name":"The Cleric","player_choice":"Healed","floor":12.0,"gold_loss":35.0,"damage_taken":0.0},{"cards_removed":["Strike_G"],"damage_healed":0.0,"max_hp_gain":0.0,"max_hp_loss":0.0,"gold_gain":0.0,"event_name":"Beggar","player_choice":"Gave Gold","floor":20.0,"gold_loss":75.0,"damage_taken":0.0},{"damage_healed":0.0,"max_hp_gain":5.0,"max_hp_loss":0.0,"gold_gain":0.0,"event_name":"Forgotten Altar","player_choice":"Shed Blood","floor":21.0,"gold_loss":0.0,"damage_taken":18.0},{"damage_healed":0.0,"max_hp_gain":0.0,"max_hp_loss":0.0,"gold_gain":0.0,"event_name":"The Woman in Blue","player_choice":"Bought 1 Potion","floor":36.0,"gold_loss":0.0,"damage_taken":0.0},{"damage_healed":0.0,"max_hp_gain":0.0,"max_hp_loss":0.0,"gold_gain":0.0,"event_name":"FaceTrader","player_choice":"Trade","floor":39.0,"gold_loss":0.0,"damage_taken":0.0,"relics_obtained":["SsserpentHead"]},{"damage_healed":0.0,"max_hp_gain":0.0,"max_hp_loss":0.0,"gold_gain":0.0,"event_name":"Mysterious Sphere","player_choice":"Ignored","floor":44.0,"gold_loss":0.0,"damage_taken":0.0}],"is_beta":false,"boss_relics":[{"not_picked":["Calling Bell","Ring of the Serpent"],"picked":"Ectoplasm"},{"not_picked":["White Beast Statue","Snecko Eye"],"picked":"Lizard Tail"}],"items_purged_floors":[4,31],"is_endless":false,"potions_floor_spawned":[1,10,13,14,18,19,30,33,35,48],"killed_by":"The Heart","ascension_level":0}