{"gold_per_floor":[18,18,35,35,35,35,68,68,146,158,158,158,172,183,183,257,257,267,267,191,191,207,234,234,234],"floor_reached":25,"playtime":1463,"items_purged":[],"score":441,"play_id":"c33aaa62-38da-4e64-93fc-91d6f7ab4a3e","local_time":"20190613173059","is_ascension_mode":true,"campfire_choices":[{"data":"Disarm","floor":6,"key":"SMITH"},{"data":"Feed","floor":12,"key":"SMITH"},{"data":"Bash","floor":15,"key":"SMITH"},{"data":"Rupture","floor":24,"key":"SMITH"}],"neow_cost":"NO_GOLD","seed_source_timestamp":2280962469997983,"circlet_count":0,"master_deck":["AscendersBane","Bash+1","Disarm+1","Iron Wave","Feed+1","Power Through","Disarm","Fiend Fire","Sword Boomerang","Wild Strike","Seeing Red","Barricade","Burning Pact","Combust","Battle Trance","Metallicize","Rupture+1","Inflame","Flame Barrier","Flex+1","Evolve"],"relics":["Burning Blood","StoneCalendar","NlothsMask","Dream Catcher","Pandora\u0027s Box","Pen Nib"],"potions_floor_usage":[13,16,18,22,23],"damage_taken":[{"damage":25,"enemies":"Jaw Worm","floor":1,"turns":7},{"damage":8,"enemies":"Cultist","floor":3,"turns":4},{"damage":27,"enemies":"Lagavulin","floor":7,"turns":8},{"damage":0,"enemies":"2 Louse","floor":10,"turns":7},{"damage":14,"enemies":"Large Slime","floor":13,"turns":7},{"damage":2,"enemies":"3 Louse","floor":14,"turns":4},{"damage":41,"enemies":"Hexaghost","floor":16,"turns":17},{"damage":23,"enemies":"Chosen","floor":18,"turns":6},{"damage":31,"enemies":"2 Thieves","floor":22,"turns":4},{"damage":26,"enemies":"Gremlin Leader","floor":23,"turns":7},{"damage":78,"enemies":"Slavers","floor":25,"turns":4}],"seed_played":"2182360285255459938","potions_obtained":[{"floor":1,"key":"Swift Potion"},{"floor":10,"key":"Dexterity Potion"},{"floor":16,"key":"SpeedPotion"},{"floor":18,"key":"Regen Potion"},{"floor":19,"key":"Fire Potion"}],"is_trial":false,"path_per_floor":["M","?","M","$","?","R","E","?","T","M","?","R","M","M","R","B",null,"M","?","$","?","M","E","R","E"],"character_chosen":"IRONCLAD","items_purchased":["Flame Barrier"],"campfire_rested":0,"item_purchase_floors":[20],"current_hp_per_floor":[49,49,47,47,47,47,26,26,26,35,40,40,36,44,44,9,71,58,58,58,95,74,69,69,0],"gold":234,"neow_bonus":"ONE_RARE_RELIC","is_prod":false,"is_daily":false,"chose_seed":false,"campfire_upgraded":4,"win_rate":0,"timestamp":1560457859,"path_taken":["M","?","?","$","?","R","E","?","T","M","?","R","M","M","R","BOSS","M","?","?","?","M","E","R","E"],"build_version":"2019-01-23","purchased_purges":0,"victory":false,"max_hp_per_floor":[75,75,75,75,75,75,75,75,75,78,83,83,87,91,91,91,91,95,95,95,95,99,99,99,99],"card_choices":[{"not_picked":["Fire Breathing","Reckless Charge"],"picked":"Disarm","floor":1},{"not_picked":["Evolve","Heavy Blade"],"picked":"Iron Wave","floor":3},{"not_picked":["Sword Boomerang","Burning Pact"],"picked":"Feed","floor":7},{"not_picked":["True Grit","Flex"],"picked":"Power Through","floor":10},{"not_picked":["Twin Strike","Shrug It Off","Entrench"],"picked":"SKIP","floor":13},{"not_picked":["Whirlwind","Havoc"],"picked":"Disarm","floor":14},{"not_picked":["Barricade","Limit Break"],"picked":"Fiend Fire","floor":16},{"not_picked":["Reckless Charge","Sword Boomerang"],"picked":"Inflame","floor":18},{"not_picked":["Shrug It Off","Sword Boomerang"],"picked":"Flex+1","floor":22},{"not_picked":["Fiend Fire","Dual Wield"],"picked":"Evolve","floor":23}],"player_experience":1022751,"relics_obtained":[{"floor":7,"key":"Dream Catcher"},{"floor":23,"key":"Pen Nib"}],"event_choices":[{"damage_healed":0,"gold_gain":0,"player_choice":"Trade","damage_taken":0,"relics_obtained":["NlothsMask"],"max_hp_gain":0,"max_hp_loss":0,"event_name":"FaceTrader","floor":2,"gold_loss":0},{"damage_healed":0,"gold_gain":0,"player_choice":"Ignored","damage_taken":0,"max_hp_gain":0,"max_hp_loss":0,"event_name":"Liars Game","floor":5,"gold_loss":0},{"damage_healed":0,"gold_gain":0,"player_choice":"Ignored","damage_taken":0,"max_hp_gain":0,"max_hp_loss":0,"event_name":"Golden Idol","floor":8,"gold_loss":0},{"damage_healed":0,"gold_gain":0,"player_choice":"Donut","damage_taken":0,"max_hp_gain":5,"max_hp_loss":0,"event_name":"Big Fish","floor":11,"gold_loss":0},{"damage_healed":0,"gold_gain":0,"player_choice":"Got Potions","damage_taken":0,"max_hp_gain":0,"max_hp_loss":0,"event_name":"Lab","floor":19,"gold_loss":0},{"damage_healed":37,"gold_gain":0,"player_choice":"Full Heal","damage_taken":0,"max_hp_gain":0,"max_hp_loss":0,"event_name":"Wheel of Change","floor":21,"gold_loss":0}],"is_beta":false,"boss_relics":[{"not_picked":["Fusion Hammer","White Beast Statue"],"picked":"Pandora\u0027s Box"}],"items_purged_floors":[],"is_endless":false,"potions_floor_spawned":[1,10,16,18],"killed_by":"Slavers","ascension_level":18}