{"gold_per_floor":[110,121,134,134,154,154,188,199,224,235,235,260,240,259,259,354,354,371,384,384,384],"floor_reached":21,"playtime":629,"items_purged":[],"score":193,"play_id":"b0ce00b2-4198-4e64-8266-d8c61e2a10a5","local_time":"20190422143316","is_ascension_mode":false,"campfire_choices":[{"data":"Bash","floor":6,"key":"SMITH"},{"floor":11,"key":"REST"},{"floor":15,"key":"REST"}],"neow_cost":"NONE","seed_source_timestamp":999835193609409,"circlet_count":0,"master_deck":["Strike_R","Strike_R","Strike_R","Strike_R","Strike_R","Defend_R","Defend_R","Defend_R","Defend_R","Bash+1"],"relics":["Burning Blood","NeowsBlessing","Champion Belt","Orichalcum","Blood Vial","Orrery"],"potions_floor_usage":[7,12,21],"damage_taken":[{"damage":0,"enemies":"Cultist","floor":1,"turns":1},{"damage":0,"enemies":"Jaw Worm","floor":2,"turns":1},{"damage":0,"enemies":"2 Louse","floor":3,"turns":1},{"damage":8,"enemies":"Red Slaver","floor":5,"turns":4},{"damage":14,"enemies":"Gremlin Nob","floor":7,"turns":3},{"damage":7,"enemies":"Looter","floor":8,"turns":4},{"damage":13,"enemies":"Exordium Wildlife","floor":10,"turns":5},{"damage":26,"enemies":"Lagavulin","floor":12,"turns":6},{"damage":10,"enemies":"Large Slime","floor":14,"turns":6},{"damage":61,"enemies":"The Guardian","floor":16,"turns":13},{"damage":30,"enemies":"Shell Parasite","floor":18,"turns":7},{"damage":12,"enemies":"Chosen","floor":19,"turns":6},{"damage":70,"enemies":"3 Cultists","floor":21,"turns":7}],"seed_played":"-269400197542369790","potions_obtained":[{"floor":1,"key":"Block Potion"},{"floor":3,"key":"Swift Potion"},{"floor":4,"key":"Fire Potion"},{"floor":4,"key":"EntropicBrew"},{"floor":8,"key":"FearPotion"},{"floor":13,"key":"Regen Potion"},{"floor":16,"key":"PowerPotion"},{"floor":19,"key":"PowerPotion"}],"is_trial":false,"path_per_floor":["M","M","M","?","M","R","E","M","T","M","R","E","?","M","R","B",null,"M","M","?","M"],"character_chosen":"IRONCLAD","items_purchased":[],"campfire_rested":2,"item_purchase_floors":[],"current_hp_per_floor":[80,80,80,80,78,78,70,69,69,62,80,60,60,58,80,25,80,56,52,52,0],"gold":384,"neow_bonus":"THREE_ENEMY_KILL","is_prod":false,"is_daily":false,"chose_seed":false,"campfire_upgraded":1,"win_rate":0,"timestamp":1555936396,"path_taken":["M","M","?","?","?","R","E","M","T","M","R","E","?","?","R","BOSS","M","M","?","M"],"build_version":"2019-01-23","purchased_purges":0,"victory":false,"max_hp_per_floor":[80,80,80,80,80,80,80,80,80,80,80,80,80,80,80,80,80,80,80,80,80],"card_choices":[{"not_picked":["Seeing Red","True Grit","Flex"],"picked":"SKIP","floor":1},{"not_picked":["Heavy Blade","Cleave","Combust"],"picked":"SKIP","floor":2},{"not_picked":["Second Wind","Perfected Strike","Iron Wave"],"picked":"SKIP","floor":3},{"not_picked":["Armaments","Ghostly Armor","Flex"],"picked":"SKIP","floor":5},{"not_picked":["Rage","Corruption","Twin Strike"],"picked":"SKIP","floor":7},{"not_picked":["Inflame","Anger","Shockwave"],"picked":"SKIP","floor":8},{"not_picked":["Blood for Blood","Headbutt","Thunderclap"],"picked":"SKIP","floor":10},{"not_picked":["Intimidate","Disarm","Twin Strike"],"picked":"SKIP","floor":12},{"not_picked":["Flex","Sentinel","Headbutt"],"picked":"SKIP","floor":14},{"not_picked":["Feed","Dual Wield","Perfected Strike"],"picked":"SKIP","floor":18},{"not_picked":["Anger","Pommel Strike","Cleave+1"],"picked":"SKIP","floor":19}],"player_experience":141983,"relics_obtained":[{"floor":7,"key":"Champion Belt"},{"floor":9,"key":"Orichalcum"},{"floor":12,"key":"Blood Vial"}],"event_choices":[{"damage_healed":0,"gold_gain":0,"player_choice":"Got Potions","damage_taken":0,"max_hp_gain":0,"max_hp_loss":0,"event_name":"Lab","floor":4,"gold_loss":0},{"damage_healed":0,"gold_gain":0,"player_choice":"Bought 1 Potion","damage_taken":0,"max_hp_gain":0,"max_hp_loss":0,"event_name":"The Woman in Blue","floor":13,"gold_loss":0},{"damage_healed":0,"gold_gain":0,"player_choice":"Ignored","damage_taken":0,"max_hp_gain":0,"max_hp_loss":0,"event_name":"Ghosts","floor":20,"gold_loss":0}],"is_beta":false,"boss_relics":[{"not_picked":["Coffee Dripper","Eternal Feather"],"picked":"Orrery"}],"items_purged_floors":[],"is_endless":false,"potions_floor_spawned":[1,3,8,10,16,19],"killed_by":"3 Cultists","ascension_level":0}