{"gold_per_floor":[113,130,141,141,154,169,169,197,197,228,248,248,248,248,248,248],"floor_reached":16,"playtime":665,"items_purged":[],"score":146,"play_id":"b4f75baf-6ceb-4b02-9fd9-0271d4a07e43","local_time":"20190603064708","is_ascension_mode":true,"campfire_choices":[{"data":"Glacier","floor":7,"key":"SMITH"},{"floor":15,"key":"REST"}],"neow_cost":"TEN_PERCENT_HP_LOSS","seed_source_timestamp":1379136990786909,"circlet_count":0,"master_deck":["Strike_B","Strike_B","Strike_B","Strike_B","Defend_B","Defend_B","Defend_B","Defend_B","Zap+1","Dualcast","Ball Lightning","Streamline","Compile Driver","Glacier+1","Coolheaded"],"relics":["Cracked Core","Ice Cream","Bird Faced Urn","Mummified Hand","Nunchaku","Meat on the Bone"],"potions_floor_usage":[16],"damage_taken":[{"damage":0,"enemies":"Small Slimes","floor":1,"turns":4},{"damage":0,"enemies":"Cultist","floor":2,"turns":2},{"damage":0,"enemies":"Jaw Worm","floor":3,"turns":3},{"damage":2,"enemies":"2 Fungi Beasts","floor":5,"turns":3},{"damage":11,"enemies":"Exordium Wildlife","floor":6,"turns":3},{"damage":6,"enemies":"Lagavulin","floor":8,"turns":5},{"damage":22,"enemies":"3 Sentries","floor":10,"turns":5},{"damage":8,"enemies":"Lots of Slimes","floor":11,"turns":5},{"damage":37,"enemies":"Slime Boss","floor":16,"turns":6}],"seed_played":"-744745997695838971","potions_obtained":[{"floor":3,"key":"Weak Potion"},{"floor":8,"key":"Regen Potion"},{"floor":11,"key":"FocusPotion"}],"is_trial":false,"path_per_floor":["M","M","M","?","M","M","R","E","T","E","M","T","?","?","R","B"],"character_chosen":"DEFECT","items_purchased":[],"campfire_rested":1,"item_purchase_floors":[],"current_hp_per_floor":[68,68,68,68,66,55,55,49,49,27,19,19,19,16,36,0],"gold":248,"neow_bonus":"ONE_RARE_RELIC","is_prod":false,"is_daily":false,"chose_seed":false,"campfire_upgraded":1,"win_rate":0,"timestamp":1559555228,"path_taken":["M","M","M","?","?","M","R","E","T","E","M","?","?","?","R","BOSS"],"build_version":"2019-01-23","purchased_purges":0,"victory":false,"max_hp_per_floor":[68,68,68,68,68,68,68,68,68,68,68,68,68,68,68,68],"card_choices":[{"not_picked":["Gash","Consume"],"picked":"Ball Lightning","floor":1},{"not_picked":["Rip and Tear","Barrage","Chaos"],"picked":"SKIP","floor":2},{"not_picked":["Sweeping Beam","Go for the Eyes"],"picked":"Streamline","floor":3},{"not_picked":["Go for the Eyes","Streamline"],"picked":"Compile Driver","floor":5},{"not_picked":["Barrage","Scrape"],"picked":"Glacier","floor":6},{"not_picked":["Turbo","Storm"],"picked":"Coolheaded","floor":8},{"not_picked":["Stack","Blizzard","Compile Driver"],"picked":"SKIP","floor":10},{"not_picked":["Streamline","Ball Lightning","Steam"],"picked":"SKIP","floor":11}],"player_experience":879495,"relics_obtained":[{"floor":8,"key":"Bird Faced Urn"},{"floor":9,"key":"Mummified Hand"},{"floor":10,"key":"Nunchaku"}],"event_choices":[{"damage_healed":0,"gold_gain":0,"player_choice":"Upgraded","damage_taken":0,"max_hp_gain":0,"max_hp_loss":0,"event_name":"Upgrade Shrine","floor":4,"gold_loss":0,"cards_upgraded":["Zap"]},{"damage_healed":0,"gold_gain":0,"player_choice":"Ignored","damage_taken":0,"max_hp_gain":0,"max_hp_loss":0,"event_name":"Golden Idol","floor":13,"gold_loss":0},{"damage_healed":0,"gold_gain":0,"player_choice":"Success","damage_taken":3,"relics_obtained":["Meat on the Bone"],"max_hp_gain":0,"max_hp_loss":0,"event_name":"Scrap Ooze","floor":14,"gold_loss":0}],"is_beta":false,"boss_relics":[],"items_purged_floors":[],"is_endless":false,"potions_floor_spawned":[3,8,11],"killed_by":"Slime Boss","ascension_level":6}