{"gold_per_floor":[209,41,41,58,75,106,106,106,129,157,171,171,122,122,122,225,225,236,187,205,205,205,205,233,233,233,233],"floor_reached":27,"playtime":1333,"items_purged":[],"score":402,"play_id":"65275c98-352d-4b86-8add-0a673827181f","local_time":"20190321174854","is_ascension_mode":true,"campfire_choices":[{"floor":8.0,"key":"REST"},{"floor":12.0,"key":"REST"},{"data":"Uppercut","floor":15.0,"key":"SMITH"},{"floor":23,"key":"REST"},{"floor":25,"key":"REST"}],"neow_cost":"NONE","seed_source_timestamp":0,"circlet_count":0,"master_deck":["Strike_R+1","Strike_R+1","Strike_R+1","Defend_R+1","Defend_R+1","Defend_R+1","Bash","The Bomb","Uppercut+1","Sword Boomerang","Shrug It Off","Burning Pact","Pommel Strike+1","Demon Form","Searing Blow+1","Battle Trance+1","Armaments","Spot Weakness","Rupture","Limit Break"],"special_seed":0,"relics":["Burning Blood","Bag of Preparation","Molten Egg 2","PreservedInsect","Dream Catcher","Astrolabe","Thread and Needle","Sundial"],"potions_floor_usage":[24],"damage_taken":[{"damage":9.0,"enemies":"Jaw Worm","floor":1.0,"turns":4.0},{"damage":5.0,"enemies":"Small Slimes","floor":4.0,"turns":3.0},{"damage":1.0,"enemies":"Cultist","floor":5.0,"turns":3.0},{"damage":44.0,"enemies":"Gremlin Nob","floor":6.0,"turns":5.0},{"damage":15.0,"enemies":"3 Sentries","floor":10.0,"turns":3.0},{"damage":8.0,"enemies":"3 Louse","floor":11.0,"turns":5.0},{"damage":0.0,"enemies":"Slime Boss","floor":16.0,"turns":6.0},{"damage":32.0,"enemies":"Chosen","floor":18.0,"turns":5.0},{"damage":30.0,"enemies":"Spheric Guardian","floor":20.0,"turns":4.0},{"damage":37,"enemies":"Slavers","floor":24,"turns":3},{"damage":50,"enemies":"Book of Stabbing","floor":27,"turns":5}],"seed_played":"-1407843463110678245","potions_obtained":[{"floor":6.0,"key":"GamblersBrew"},{"floor":18.0,"key":"EntropicBrew"}],"is_trial":false,"path_per_floor":["M","$","?","M","M","E","?","R","T","E","M","R","$","?","R","B",null,"M","$","M","?","?","R","E","R","T","E"],"character_chosen":"IRONCLAD","items_purchased":["The Bomb","AttackPotion","Armaments"],"campfire_rested":4,"item_purchase_floors":[2,13,19],"current_hp_per_floor":[69,69,62,63,68,30,12,36,36,27,25,49,49,80,80,80,80,54,54,30,30,30,54,23,47,47,0],"gold":233,"neow_bonus":"HUNDRED_GOLD","is_prod":false,"is_daily":false,"chose_seed":false,"campfire_upgraded":1,"win_rate":0,"timestamp":1553215734,"path_taken":["M","$","?","M","M","E","?","R","T","E","M","R","?","?","R","BOSS","M","$","M","?","?","R","E","R","T","E"],"build_version":"2019-01-23","purchased_purges":0,"victory":false,"max_hp_per_floor":[80,80,80,80,80,80,80,80,80,80,80,80,80,80,80,80,80,80,80,80,80,80,80,80,80,80,80],"card_choices":[{"not_picked":["Havoc","Dropkick"],"picked":"Perfected Strike","floor":1.0},{"not_picked":["Clash","Sever Soul"],"picked":"Uppercut","floor":4.0},{"not_picked":["Perfected Strike","Dual Wield"],"picked":"Sword Boomerang","floor":5.0},{"not_picked":["Cleave","Combust"],"picked":"Shrug It Off","floor":6.0},{"not_picked":["Havoc","Bloodletting"],"picked":"Power Through","floor":10.0},{"not_picked":["Whirlwind+1","Sentinel"],"picked":"Burning Pact","floor":11.0},{"not_picked":["Combust","Headbutt+1"],"picked":"Pommel Strike+1","floor":12.0},{"not_picked":["Bludgeon+1","Feed+1"],"picked":"Demon Form","floor":16.0},{"not_picked":["Flex","Clothesline+1","Sword Boomerang+1"],"picked":"SKIP","floor":18.0},{"not_picked":["Battle Trance","Feel No Pain"],"picked":"Spot Weakness","floor":20.0},{"not_picked":["Iron Wave+1","Flex"],"picked":"Limit Break","floor":23},{"not_picked":["Warcry","Reckless Charge+1","Twin Strike+1"],"picked":"SKIP","floor":24}],"player_experience":627464,"relics_obtained":[{"floor":6.0,"key":"Bag of Preparation"},{"floor":9.0,"key":"PreservedInsect"},{"floor":10.0,"key":"Dream Catcher"},{"floor":24,"key":"Thread and Needle"},{"floor":26,"key":"Sundial"}],"event_choices":[{"cards_removed":["Strike_R"],"damage_healed":0.0,"max_hp_gain":0.0,"max_hp_loss":0.0,"gold_gain":0.0,"event_name":"Golden Wing","player_choice":"Card Removal","floor":3.0,"gold_loss":0.0,"damage_taken":7.0},{"damage_healed":0.0,"max_hp_gain":0.0,"max_hp_loss":0.0,"gold_gain":0.0,"event_name":"Scrap Ooze","player_choice":"Success","floor":7.0,"gold_loss":0.0,"damage_taken":18.0,"relics_obtained":["Molten Egg 2"]},{"cards_removed":["Power Through"],"damage_healed":31.0,"max_hp_gain":0.0,"max_hp_loss":0.0,"gold_gain":0.0,"event_name":"Bonfire Elementals","player_choice":"Offered Uncommon","floor":14.0,"gold_loss":0.0,"damage_taken":0.0},{"damage_healed":0.0,"max_hp_gain":0.0,"max_hp_loss":0.0,"gold_gain":0.0,"event_name":"Back to Basics","player_choice":"Simplicity","floor":21.0,"gold_loss":0.0,"damage_taken":0.0,"cards_upgraded":["Strike_R","Strike_R","Strike_R","Defend_R","Defend_R","Defend_R"]},{"damage_healed":0.0,"max_hp_gain":0.0,"max_hp_loss":0.0,"gold_gain":0.0,"cards_transformed":["Brutality"],"event_name":"Transmorgrifier","player_choice":"Transformed","floor":22.0,"gold_loss":0.0,"damage_taken":0.0,"cards_obtained":["Rupture"]}],"is_beta":false,"boss_relics":[{"not_picked":["Runic Cube","Cursed Key"],"picked":"Astrolabe"}],"items_purged_floors":[],"is_endless":false,"potions_floor_spawned":[6,18],"killed_by":"Book of Stabbing","ascension_level":8}