{"gold_per_floor":[114,134,134,148,161,192,192,367,449,468,493,505,517],"floor_reached":13,"playtime":1061,"items_purged":[],"score":95,"play_id":"fda36897-971f-4e0f-b072-a50533317d43","local_time":"20190102230808","is_ascension_mode":false,"campfire_choices":[{"data":"Wraith Form v2","floor":7,"key":"SMITH"}],"neow_cost":"CURSE","seed_source_timestamp":264703050567450,"circlet_count":0,"master_deck":["Defend_G","Defend_G","Defend_G","Defend_G","Defend_G","Strike_G","Strike_G","Strike_G","Strike_G","Strike_G","Survivor","Neutralize","Injury","Caltrops","Crippling Poison","Wraith Form v2+1","Poisoned Stab","PiercingWail","Blade Dance","Doubt","Backflip","Dodge and Roll"],"relics":["Ring of the Snake","Dead Branch","Sundial","Tiny Chest","MawBank"],"potions_floor_usage":[6,11],"damage_taken":[{"damage":4,"enemies":"Jaw Worm","floor":1,"turns":7},{"damage":1,"enemies":"Cultist","floor":2,"turns":5},{"damage":6,"enemies":"Small Slimes","floor":4,"turns":3},{"damage":0,"enemies":"Exordium Wildlife","floor":5,"turns":5},{"damage":10,"enemies":"Gremlin Nob","floor":6,"turns":6},{"damage":5,"enemies":"Looter","floor":10,"turns":4},{"damage":19,"enemies":"Lagavulin","floor":11,"turns":8},{"damage":29,"enemies":"Large Slime","floor":13,"turns":7}],"seed_played":"2185482277752362286","potions_obtained":[{"floor":4,"key":"PowerPotion"},{"floor":6,"key":"Weak Potion"},{"floor":10,"key":"SpeedPotion"},{"floor":11,"key":"EssenceOfSteel"}],"is_trial":false,"path_per_floor":["M","M","?","M","M","E","R","?","T","M","E","T","M"],"character_chosen":"THE_SILENT","items_purchased":[],"campfire_rested":0,"item_purchase_floors":[],"current_hp_per_floor":[66,65,65,59,59,49,49,49,49,44,25,25,0],"gold":517,"neow_bonus":"ONE_RARE_RELIC","is_prod":false,"is_daily":false,"chose_seed":false,"campfire_upgraded":1,"win_rate":0,"timestamp":1546499288,"path_taken":["M","M","?","M","?","E","R","?","T","M","E","?","M"],"build_version":"2018-12-20","purchased_purges":0,"victory":false,"max_hp_per_floor":[70,70,70,70,70,70,70,70,70,70,70,70,70],"card_choices":[{"not_picked":["Acrobatics","Slice"],"picked":"Caltrops","floor":1},{"not_picked":["Setup","Backstab"],"picked":"Crippling Poison","floor":2},{"not_picked":["Deflect","Expertise"],"picked":"Poisoned Stab","floor":4},{"not_picked":["Calculated Gamble","Prepared"],"picked":"PiercingWail","floor":5},{"not_picked":["Outmaneuver","Expertise"],"picked":"Blade Dance","floor":6},{"not_picked":["Deadly Poison","Sucker Punch"],"picked":"Backflip","floor":10},{"not_picked":["Sucker Punch","Deadly Poison"],"picked":"Dodge and Roll","floor":11}],"player_experience":496269,"relics_obtained":[{"floor":6,"key":"Sundial"},{"floor":9,"key":"Tiny Chest"},{"floor":11,"key":"MawBank"}],"event_choices":[{"damage_healed":0,"gold_gain":0,"player_choice":"1 cards matched","damage_taken":0,"max_hp_gain":0,"max_hp_loss":0,"event_name":"Match and Keep!","floor":3,"gold_loss":0,"cards_obtained":["Wraith Form v2"]},{"damage_healed":0,"gold_gain":175,"player_choice":"AGREE","damage_taken":0,"max_hp_gain":0,"max_hp_loss":0,"event_name":"Liars Game","floor":8,"gold_loss":0,"cards_obtained":["Doubt"]}],"is_beta":false,"boss_relics":[],"items_purged_floors":[],"is_endless":false,"potions_floor_spawned":[4,6,10,11],"killed_by":"Large Slime","ascension_level":0}