{"gold_per_floor":[114,127,146,44,14,14,26,26,26,51,69,95,95,107,107,182,182,197,27,43,62,81,81,108,108,108,142,156,172,172,271,271,271],"floor_reached":33,"playtime":2465,"items_purged":["Strike_G","Strike_G"],"score":518,"play_id":"d12e79eb-7f25-4af2-ac64-e5630c9bc54f","local_time":"20190622094152","is_ascension_mode":true,"campfire_choices":[{"data":"Neutralize","floor":6.0,"key":"SMITH"},{"data":"Dagger Spray","floor":15.0,"key":"SMITH"},{"data":"Burst","floor":23.0,"key":"SMITH"},{"floor":25.0,"key":"REST"},{"data":"Catalyst","floor":30.0,"key":"SMITH"},{"floor":32.0,"key":"REST"}],"neow_cost":"NONE","seed_source_timestamp":146889934963,"circlet_count":0,"master_deck":["AscendersBane","Defend_G","Defend_G","Defend_G","Defend_G","Defend_G","Survivor","Neutralize+1","Slice","Caltrops","Flying Knee","Well Laid Plans","Dagger Throw","Backflip","Crippling Poison+1","Dagger Spray+1","Burst+1","Backflip+1","A Thousand Cuts+1","Heel Hook+1","Catalyst+1","Leg Sweep+1","PiercingWail+1","Backflip+1","Blur","Backflip+1"],"special_seed":0,"relics":["Ring of the Snake","Bag of Marbles","Shuriken","Boot","Meat on the Bone","Astrolabe","Letter Opener","Matryoshka","Vajra"],"potions_floor_usage":[33],"damage_taken":[{"damage":0.0,"enemies":"2 Louse","floor":1.0,"turns":4.0},{"damage":7.0,"enemies":"Small Slimes","floor":2.0,"turns":5.0},{"damage":0.0,"enemies":"Cultist","floor":3.0,"turns":4.0},{"damage":0.0,"enemies":"Looter","floor":5.0,"turns":4.0},{"damage":9.0,"enemies":"3 Louse","floor":7.0,"turns":4.0},{"damage":26.0,"enemies":"Gremlin Nob","floor":10.0,"turns":4.0},{"damage":1.0,"enemies":"Large Slime","floor":11.0,"turns":5.0},{"damage":10.0,"enemies":"Lagavulin","floor":12.0,"turns":5.0},{"damage":0.0,"enemies":"Looter","floor":14.0,"turns":3.0},{"damage":2.0,"enemies":"Slime Boss","floor":16.0,"turns":7.0},{"damage":5.0,"enemies":"Shell Parasite","floor":18.0,"turns":4.0},{"damage":18.0,"enemies":"Spheric Guardian","floor":20.0,"turns":5.0},{"damage":12.0,"enemies":"Chosen and Byrds","floor":21.0,"turns":7.0},{"damage":2.0,"enemies":"Centurion and Healer","floor":22.0,"turns":7.0},{"damage":28.0,"enemies":"Book of Stabbing","floor":24.0,"turns":8.0},{"damage":29.0,"enemies":"Slavers","floor":27.0,"turns":4.0},{"damage":14.0,"enemies":"Snecko","floor":28.0,"turns":6.0},{"damage":12.0,"enemies":"3 Cultists","floor":29.0,"turns":4.0},{"damage":71,"enemies":"Champ","floor":33,"turns":15}],"seed_played":"-7497549052777877347","potions_obtained":[{"floor":1.0,"key":"SkillPotion"},{"floor":3.0,"key":"AttackPotion"},{"floor":10.0,"key":"GhostInAJar"},{"floor":12.0,"key":"Fire Potion"},{"floor":16.0,"key":"FearPotion"},{"floor":20.0,"key":"AttackPotion"},{"floor":21.0,"key":"Weak Potion"},{"floor":22.0,"key":"Strength Potion"}],"is_trial":false,"path_per_floor":["M","M","M","$","M","R","M","?","T","E","M","E","?","M","R","B",null,"M","$","M","M","M","R","E","R","T","E","M","M","R","?","R","B"],"character_chosen":"THE_SILENT","items_purchased":["Flying Knee","Catalyst"],"campfire_rested":2,"item_purchase_floors":[4,19],"current_hp_per_floor":[70,63,63,63,63,63,54,51,51,25,24,14,14,26,26,36,67,62,62,44,44,42,42,26,49,49,32,30,30,30,30,53,0],"gold":271,"neow_bonus":"TEN_PERCENT_HP_BONUS","is_prod":false,"is_daily":false,"chose_seed":false,"campfire_upgraded":4,"win_rate":0,"timestamp":1561214512,"path_taken":["M","M","M","$","M","R","M","?","T","E","M","E","?","M","R","BOSS","M","$","M","M","?","R","E","R","T","E","M","M","R","?","R","BOSS"],"build_version":"2019-01-23","purchased_purges":2,"victory":false,"max_hp_per_floor":[77,77,77,77,77,77,77,77,77,77,77,77,77,77,77,77,77,77,77,77,77,77,77,77,77,77,77,77,77,77,77,77,77],"card_choices":[{"not_picked":["Blade Dance","Bouncing Flask","Underhanded Strike"],"picked":"SKIP","floor":1.0},{"not_picked":["Choke","Escape Plan"],"picked":"Slice","floor":2.0},{"not_picked":["Outmaneuver","Slice"],"picked":"Caltrops","floor":3.0},{"not_picked":["Deflect","Quick Slash","Distraction"],"picked":"SKIP","floor":5.0},{"not_picked":["Bullet Time","Quick Slash"],"picked":"Well Laid Plans","floor":7.0},{"not_picked":["Accuracy","Heel Hook"],"picked":"Dagger Throw","floor":10.0},{"not_picked":["Heel Hook","PiercingWail"],"picked":"Backflip","floor":11.0},{"not_picked":["Blade Dance","Dagger Throw"],"picked":"Crippling Poison","floor":12.0},{"not_picked":["Underhanded Strike","Quick Slash"],"picked":"Dagger Spray","floor":14.0},{"not_picked":["Venomology","Phantasmal Killer"],"picked":"Burst","floor":16.0},{"not_picked":["Heel Hook","Deflect","Flechettes"],"picked":"SKIP","floor":18.0},{"not_picked":["Dagger Spray","Sucker Punch"],"picked":"Leg Sweep+1","floor":20.0},{"not_picked":["Reflex","Skewer","Leg Sweep"],"picked":"SKIP","floor":21.0},{"not_picked":["Outmaneuver","Concentrate","Sucker Punch"],"picked":"SKIP","floor":22.0},{"not_picked":["Predator","Envenom"],"picked":"PiercingWail+1","floor":24.0},{"not_picked":["Backstab","Glass Knife"],"picked":"Backflip+1","floor":27.0},{"not_picked":["Dagger Spray","Concentrate"],"picked":"Blur","floor":28.0},{"not_picked":["Predator","Outmaneuver"],"picked":"Backflip+1","floor":29.0}],"player_experience":111439,"relics_obtained":[{"floor":9.0,"key":"Shuriken"},{"floor":10.0,"key":"Boot"},{"floor":12.0,"key":"Meat on the Bone"},{"floor":24.0,"key":"Letter Opener"},{"floor":26.0,"key":"Matryoshka"},{"floor":27.0,"key":"Vajra"}],"event_choices":[{"damage_healed":0.0,"max_hp_gain":0.0,"max_hp_loss":0.0,"gold_gain":0.0,"event_name":"Scrap Ooze","player_choice":"Success","floor":8.0,"gold_loss":0.0,"damage_taken":3.0,"relics_obtained":["Bag of Marbles"]},{"damage_healed":0.0,"max_hp_gain":0.0,"max_hp_loss":0.0,"gold_gain":0.0,"event_name":"Accursed Blacksmith","player_choice":"Forge","floor":13.0,"gold_loss":0.0,"damage_taken":0.0,"cards_upgraded":["Crippling Poison"]},{"damage_healed":0.0,"max_hp_gain":0.0,"max_hp_loss":0.0,"gold_gain":99.0,"event_name":"Nest","player_choice":"Stole From Cult","floor":31.0,"gold_loss":0.0,"damage_taken":0.0}],"is_beta":false,"boss_relics":[{"not_picked":["Snecko Eye","Black Star"],"picked":"Astrolabe"}],"items_purged_floors":[4,19],"is_endless":false,"potions_floor_spawned":[1,3,10,12,16,20,21,22],"killed_by":"Champ","ascension_level":13}