{"gold_per_floor":[114,127,143,68,86,86,113,113,137,137,154,180,180,194,194,194],"floor_reached":16,"playtime":586,"items_purged":["Defend_R"],"score":207,"play_id":"455e45dc-f97f-4150-b936-4b787a1a575a","local_time":"20190520095555","is_ascension_mode":true,"campfire_choices":[{"data":"Armaments","floor":6,"key":"SMITH"},{"data":"Body Slam","floor":8,"key":"SMITH"},{"data":"Infernal Blade","floor":13,"key":"SMITH"},{"floor":15,"key":"REST"}],"neow_cost":"NONE","seed_source_timestamp":180953573603906,"circlet_count":0,"master_deck":["AscendersBane","Strike_R","Strike_R","Strike_R","Strike_R","Strike_R","Defend_R","Defend_R","Bash","Iron Wave","Infernal Blade+1","Armaments+1","Body Slam+1","Rampage","Clash","Spot Weakness","Ghostly Armor"],"relics":["Burning Blood","Strawberry","Red Skull","Blood Vial"],"potions_floor_usage":[5,5,7],"damage_taken":[{"damage":4,"enemies":"Small Slimes","floor":1,"turns":4},{"damage":1,"enemies":"Cultist","floor":2,"turns":3},{"damage":3,"enemies":"2 Louse","floor":3,"turns":3},{"damage":12,"enemies":"Large Slime","floor":5,"turns":3},{"damage":16,"enemies":"Gremlin Nob","floor":7,"turns":5},{"damage":12,"enemies":"Looter","floor":11,"turns":3},{"damage":25,"enemies":"Lagavulin","floor":12,"turns":5},{"damage":31,"enemies":"Exordium Wildlife","floor":14,"turns":4},{"damage":54,"enemies":"Slime Boss","floor":16,"turns":7}],"seed_played":"-5524411858013644050","potions_obtained":[{"floor":2,"key":"AttackPotion"},{"floor":3,"key":"Weak Potion"},{"floor":5,"key":"Weak Potion"}],"is_trial":false,"path_per_floor":["M","M","M","$","M","R","E","R","T","?","M","E","R","M","R","B"],"character_chosen":"IRONCLAD","items_purchased":[],"campfire_rested":1,"item_purchase_floors":[],"current_hp_per_floor":[70,75,75,75,69,69,66,66,66,66,60,41,41,18,42,0],"gold":194,"neow_bonus":"TRANSFORM_CARD","is_prod":false,"is_daily":false,"chose_seed":false,"campfire_upgraded":3,"win_rate":0,"timestamp":1558356955,"path_taken":["M","M","M","$","M","R","E","R","T","?","M","E","R","M","R","BOSS"],"build_version":"2019-01-23","purchased_purges":1,"victory":false,"max_hp_per_floor":[75,75,75,75,75,75,82,82,82,82,82,82,82,82,82,82],"card_choices":[{"not_picked":["Heavy Blade","Blood for Blood"],"picked":"Infernal Blade","floor":1},{"not_picked":["Perfected Strike","Iron Wave"],"picked":"Armaments","floor":2},{"not_picked":["Bloodletting","Pommel Strike","Pummel"],"picked":"SKIP","floor":3},{"not_picked":["Seeing Red","Sword Boomerang"],"picked":"Body Slam","floor":5},{"not_picked":["Limit Break","Iron Wave"],"picked":"Rampage","floor":7},{"not_picked":["Body Slam","Clothesline"],"picked":"Clash","floor":11},{"not_picked":["Metallicize","Feed"],"picked":"Spot Weakness","floor":12},{"not_picked":["Heavy Blade","Battle Trance"],"picked":"Ghostly Armor","floor":14}],"player_experience":769174,"relics_obtained":[{"floor":7,"key":"Strawberry"},{"floor":9,"key":"Red Skull"},{"floor":12,"key":"Blood Vial"}],"event_choices":[{"damage_healed":0,"gold_gain":0,"player_choice":"Ignored","damage_taken":0,"max_hp_gain":0,"max_hp_loss":0,"event_name":"Liars Game","floor":10,"gold_loss":0}],"is_beta":false,"boss_relics":[],"items_purged_floors":[4],"is_endless":false,"potions_floor_spawned":[2,3,5],"killed_by":"Slime Boss","ascension_level":17}