{"gold_per_floor":[110,110,185,199,124,152,152,182,182,182,82,82,111,131,131,131],"floor_reached":16,"playtime":310,"items_purged":["Defend_R","Defend_R"],"score":141,"play_id":"12ccbd4a-4d58-4fe5-b196-138f40ae4f8d","local_time":"20190501084514","is_ascension_mode":false,"campfire_choices":[{"data":"Bash","floor":7,"key":"SMITH"},{"floor":10,"key":"REST"},{"floor":12,"key":"REST"},{"floor":15,"key":"REST"}],"neow_cost":"NONE","seed_source_timestamp":1756858399381885,"circlet_count":0,"master_deck":["Strike_R","Strike_R","Strike_R","Strike_R","Strike_R+1","Defend_R","Defend_R+1","Bash+1"],"relics":["Burning Blood","NeowsBlessing","Blood Vial","Centennial Puzzle","Letter Opener","Meat on the Bone"],"potions_floor_usage":[8],"damage_taken":[{"damage":0,"enemies":"2 Louse","floor":1,"turns":1},{"damage":0,"enemies":"Jaw Worm","floor":4,"turns":1},{"damage":0,"enemies":"3 Sentries","floor":6,"turns":1},{"damage":36,"enemies":"Lagavulin","floor":8,"turns":5},{"damage":24,"enemies":"Gremlin Nob","floor":13,"turns":4},{"damage":0,"enemies":"Cultist","floor":14,"turns":2},{"damage":76,"enemies":"Slime Boss","floor":16,"turns":10}],"seed_played":"-3408213017513702878","potions_obtained":[{"floor":1,"key":"FearPotion"},{"floor":6,"key":"Swift Potion"},{"floor":14,"key":"SteroidPotion"}],"is_trial":false,"path_per_floor":["M","?","?","M","$","E","R","E","T","R","$","R","E","M","R","B"],"character_chosen":"IRONCLAD","items_purchased":[],"campfire_rested":3,"item_purchase_floors":[],"current_hp_per_floor":[80,64,56,62,62,68,68,40,40,64,64,80,62,70,80,4],"gold":131,"neow_bonus":"THREE_ENEMY_KILL","is_prod":false,"is_daily":false,"chose_seed":false,"campfire_upgraded":1,"win_rate":0,"timestamp":1556693114,"path_taken":["M","?","?","?","$","E","R","E","T","R","$","R","E","M","R","BOSS"],"build_version":"2019-01-23","purchased_purges":2,"victory":false,"max_hp_per_floor":[80,80,80,80,80,80,80,80,80,80,80,80,80,80,80,80],"card_choices":[{"not_picked":["Whirlwind","Pummel","Iron Wave"],"picked":"SKIP","floor":1},{"not_picked":["Clothesline","Sever Soul","Thunderclap"],"picked":"SKIP","floor":4},{"not_picked":["Fire Breathing","Pommel Strike","Clothesline"],"picked":"SKIP","floor":6},{"not_picked":["Uppercut","Body Slam","Infernal Blade"],"picked":"SKIP","floor":8},{"not_picked":["Wild Strike","Reaper","Flex"],"picked":"SKIP","floor":13},{"not_picked":["True Grit","Power Through","Bloodletting"],"picked":"SKIP","floor":14}],"player_experience":156393,"relics_obtained":[{"floor":6,"key":"Blood Vial"},{"floor":8,"key":"Centennial Puzzle"},{"floor":9,"key":"Letter Opener"},{"floor":13,"key":"Meat on the Bone"}],"event_choices":[{"damage_healed":0,"gold_gain":0,"player_choice":"Entered Light","damage_taken":16,"max_hp_gain":0,"max_hp_loss":0,"event_name":"Shining Light","floor":2,"gold_loss":0,"cards_upgraded":["Strike_R","Defend_R"]},{"damage_healed":0,"gold_gain":75,"player_choice":"Touch","damage_taken":8,"max_hp_gain":0,"max_hp_loss":0,"event_name":"FaceTrader","floor":3,"gold_loss":0}],"is_beta":false,"boss_relics":[],"items_purged_floors":[5,11],"is_endless":false,"potions_floor_spawned":[1,6,14],"killed_by":"Slime Boss","ascension_level":0}