{"gold_per_floor":[116,135,149,160,160,199,199,232,232,232,246,246,265,290,290,419,419,442,457,457],"floor_reached":20,"playtime":2814,"items_purged":[],"score":291,"play_id":"07204bbe-c88b-46cd-af2c-3cf7c21e5e26","local_time":"20190619205640","is_ascension_mode":true,"campfire_choices":[{"floor":7.0,"key":"REST"},{"floor":12.0,"key":"REST"},{"floor":15.0,"key":"REST"}],"neow_cost":"NONE","seed_source_timestamp":0,"circlet_count":0,"master_deck":["AscendersBane","Defend_G","Defend_G","Defend_G","Defend_G","Defend_G","Strike_G","Strike_G","Strike_G","Strike_G","Survivor","Neutralize","Deadly Poison","All Out Attack","Deadly Poison","Footwork","Escape Plan","Escape Plan","Crippling Poison","Deflect","Venomology","PiercingWail+1","Noxious Fumes"],"special_seed":0,"relics":["Ring of the Snake","Golden Idol","Incense Burner","Nunchaku","Unceasing Top","Fusion Hammer"],"potions_floor_usage":[18,18,19],"damage_taken":[{"damage":1.0,"enemies":"Small Slimes","floor":1.0,"turns":6.0},{"damage":1.0,"enemies":"Jaw Worm","floor":2.0,"turns":3.0},{"damage":1.0,"enemies":"Cultist","floor":3.0,"turns":3.0},{"damage":8.0,"enemies":"Gremlin Gang","floor":4.0,"turns":4.0},{"damage":33.0,"enemies":"Lagavulin","floor":6.0,"turns":7.0},{"damage":36.0,"enemies":"Gremlin Nob","floor":8.0,"turns":5.0},{"damage":0.0,"enemies":"3 Louse","floor":11.0,"turns":3.0},{"damage":10.0,"enemies":"2 Fungi Beasts","floor":13.0,"turns":3.0},{"damage":1.0,"enemies":"Exordium Thugs","floor":14.0,"turns":4.0},{"damage":17.0,"enemies":"Hexaghost","floor":16.0,"turns":9.0},{"damage":19,"enemies":"Chosen","floor":18,"turns":8},{"damage":11,"enemies":"Spheric Guardian","floor":19,"turns":6},{"damage":25,"enemies":"Snecko","floor":20,"turns":3}],"seed_played":"-2625200475468010168","potions_obtained":[{"floor":1.0,"key":"EssenceOfSteel"},{"floor":2.0,"key":"LiquidBronze"},{"floor":11.0,"key":"SteroidPotion"},{"floor":14.0,"key":"Weak Potion"},{"floor":16.0,"key":"Fire Potion"},{"floor":18,"key":"SpeedPotion"}],"is_trial":false,"path_per_floor":["M","M","M","M","?","E","R","E","T","?","M","R","M","M","R","B",null,"M","M","M"],"character_chosen":"THE_SILENT","items_purchased":[],"campfire_rested":3,"item_purchase_floors":[],"current_hp_per_floor":[62,61,60,52,52,19,38,2,2,2,2,21,11,10,29,12,52,33,22,0],"gold":457,"neow_bonus":"THREE_CARDS","is_prod":false,"is_daily":false,"chose_seed":false,"campfire_upgraded":0,"win_rate":0,"timestamp":1561003000,"path_taken":["M","M","M","M","?","E","R","E","T","?","?","R","M","M","R","BOSS","M","?","M"],"build_version":"2019-01-23","purchased_purges":0,"victory":false,"max_hp_per_floor":[70,70,70,70,65,65,65,65,65,65,65,65,65,65,65,65,65,65,65,65],"card_choices":[{"not_picked":["Slice","Dagger Throw"],"picked":"Deadly Poison","floor":0.0},{"not_picked":["Dagger Spray","Backstab"],"picked":"All Out Attack","floor":1.0},{"not_picked":["Slice","Finisher"],"picked":"Deadly Poison","floor":2.0},{"not_picked":["Slice","Calculated Gamble"],"picked":"Footwork","floor":3.0},{"not_picked":["Sucker Punch","Finisher","Outmaneuver"],"picked":"SKIP","floor":4.0},{"not_picked":["Deadly Poison","Distraction"],"picked":"Escape Plan","floor":6.0},{"not_picked":["All Out Attack","Endless Agony"],"picked":"Escape Plan","floor":8.0},{"not_picked":["Masterful Stab","Outmaneuver"],"picked":"Crippling Poison","floor":11.0},{"not_picked":["Predator","Sucker Punch","Heel Hook"],"picked":"SKIP","floor":13.0},{"not_picked":["Slice","Cloak And Dagger"],"picked":"Deflect","floor":14.0},{"not_picked":["Unload","Grand Finale"],"picked":"Venomology","floor":16.0},{"not_picked":["Quick Slash+1","Dagger Spray"],"picked":"PiercingWail+1","floor":18},{"not_picked":["Deadly Poison","Distraction"],"picked":"Noxious Fumes","floor":19}],"player_experience":782532,"relics_obtained":[{"floor":6.0,"key":"Incense Burner"},{"floor":8.0,"key":"Nunchaku"},{"floor":9.0,"key":"Unceasing Top"}],"event_choices":[{"damage_healed":0.0,"max_hp_gain":0.0,"max_hp_loss":5.0,"gold_gain":0.0,"event_name":"Golden Idol","player_choice":"Lose Max HP","floor":5.0,"gold_loss":0.0,"damage_taken":0.0,"relics_obtained":["Golden Idol"]},{"cards_removed":["Strike_G"],"damage_healed":0.0,"max_hp_gain":0.0,"max_hp_loss":0.0,"gold_gain":0.0,"event_name":"Purifier","player_choice":"Purged","floor":10.0,"gold_loss":0.0,"damage_taken":0.0}],"is_beta":false,"boss_relics":[{"not_picked":["Runic Dome","Calling Bell"],"picked":"Fusion Hammer"}],"items_purged_floors":[],"is_endless":false,"potions_floor_spawned":[1,2,11,14,16,18],"killed_by":"Snecko","ascension_level":11}