{"gold_per_floor":[210,160,235,248,264,264,44,56,56,26,26,40,40,50,50,153,153,166,186,186,204,104,104,104,104,104,104,124,137,236,248,248,248],"floor_reached":33,"playtime":1175,"items_purged":["Strike_B","Strike_B"],"score":239,"play_id":"4719e3fb-c00f-4cf6-a9f9-67aed0aacfa6","local_time":"20190421122914","is_ascension_mode":false,"campfire_choices":[{"data":"Gash","floor":6.0,"key":"SMITH"},{"data":"Zap","floor":11.0,"key":"SMITH"},{"data":"Dualcast","floor":13.0,"key":"SMITH"},{"data":"Coolheaded","floor":15.0,"key":"SMITH"},{"floor":23,"key":"REST"},{"floor":25,"key":"REST"},{"floor":32,"key":"REST"}],"neow_cost":"NONE","seed_source_timestamp":0,"circlet_count":0,"master_deck":["Strike_B","Strike_B","Defend_B","Defend_B","Defend_B","Zap+1","Dualcast+1","Coolheaded+1","Gash+1"],"special_seed":0,"relics":["Cracked Core","Boot","Emotion Chip","Sozu","Nunchaku"],"potions_floor_usage":[21],"damage_taken":[{"damage":6.0,"enemies":"Jaw Worm","floor":1.0,"turns":3.0},{"damage":0.0,"enemies":"2 Louse","floor":4.0,"turns":2.0},{"damage":0.0,"enemies":"Cultist","floor":5.0,"turns":4.0},{"damage":8.0,"enemies":"Blue Slaver","floor":8.0,"turns":3.0},{"damage":1.0,"enemies":"Red Slaver","floor":12.0,"turns":3.0},{"damage":4.0,"enemies":"Exordium Thugs","floor":14.0,"turns":4.0},{"damage":24,"enemies":"Slime Boss","floor":16,"turns":11},{"damage":6,"enemies":"Chosen","floor":18,"turns":6},{"damage":14,"enemies":"Spheric Guardian","floor":19,"turns":4},{"damage":31,"enemies":"Colosseum Slavers","floor":20,"turns":5},{"damage":19,"enemies":"Shelled Parasite and Fungi","floor":21,"turns":5},{"damage":26,"enemies":"Cultist and Chosen","floor":28,"turns":9},{"damage":6,"enemies":"Centurion and Healer","floor":29,"turns":9},{"damage":8,"enemies":"3 Cultists","floor":31,"turns":6},{"damage":77,"enemies":"Automaton","floor":33,"turns":6}],"seed_played":"-6698614220709986049","potions_obtained":[{"floor":8.0,"key":"SteroidPotion"},{"floor":10.0,"key":"Dexterity Potion"},{"floor":10.0,"key":"Dexterity Potion"},{"floor":12.0,"key":"Block Potion"}],"is_trial":false,"path_per_floor":["M","?","?","M","M","R","$","M","T","?","R","M","R","M","R","B",null,"M","M","?","M","$","R","$","R","T","?","M","M","?","M","R","B"],"character_chosen":"DEFECT","items_purchased":["Boot"],"campfire_rested":3,"item_purchase_floors":[7],"current_hp_per_floor":[69,69,62,62,62,62,62,54,54,54,54,53,53,49,49,25,75,69,55,24,5,5,27,27,49,49,74,48,42,42,34,56,0],"gold":248,"neow_bonus":"HUNDRED_GOLD","is_prod":false,"is_daily":false,"chose_seed":false,"campfire_upgraded":4,"win_rate":0,"timestamp":1555842554,"path_taken":["M","?","?","?","M","R","$","M","T","?","R","M","R","M","R","BOSS","M","M","?","M","?","R","$","R","T","?","M","?","?","M","R","BOSS"],"build_version":"2019-01-23","purchased_purges":2,"victory":false,"max_hp_per_floor":[75,75,75,75,75,75,75,75,75,75,75,75,75,75,75,75,75,75,75,75,75,75,75,75,75,75,75,75,75,75,75,75,75],"card_choices":[{"not_picked":["Cold Snap","Rebound","Barrage"],"picked":"SKIP","floor":1.0},{"not_picked":["FTL","Compile Driver"],"picked":"Coolheaded","floor":4.0},{"not_picked":["Sweeping Beam","FTL"],"picked":"Gash","floor":5.0},{"not_picked":["Compile Driver","Double Energy","Capacitor"],"picked":"SKIP","floor":8.0},{"not_picked":["Sunder","Chaos","Static Discharge"],"picked":"SKIP","floor":12.0},{"not_picked":["Reprogram","Conserve Battery","Redo"],"picked":"SKIP","floor":14.0},{"not_picked":["Storm","Sweeping Beam","Rebound"],"picked":"SKIP","floor":18},{"not_picked":["Barrage","Redo","Melter"],"picked":"SKIP","floor":19},{"not_picked":["Hologram+1","Melter","Turbo"],"picked":"SKIP","floor":21},{"not_picked":["BootSequence","Leap","Hologram+1"],"picked":"SKIP","floor":28},{"not_picked":["Sweeping Beam+1","Lockon","Rebound"],"picked":"SKIP","floor":29},{"not_picked":["Consume+1","Go for the Eyes","Redo"],"picked":"SKIP","floor":31}],"player_experience":135350,"relics_obtained":[{"floor":9.0,"key":"Emotion Chip"},{"floor":26,"key":"Nunchaku"}],"event_choices":[{"cards_removed":["Defend_B"],"damage_healed":0.0,"max_hp_gain":0.0,"max_hp_loss":0.0,"gold_gain":0.0,"event_name":"The Cleric","player_choice":"Card Removal","floor":2.0,"gold_loss":50.0,"damage_taken":0.0},{"damage_healed":0.0,"max_hp_gain":0.0,"max_hp_loss":0.0,"gold_gain":75.0,"event_name":"FaceTrader","player_choice":"Touch","floor":3.0,"gold_loss":0.0,"damage_taken":7.0},{"damage_healed":0.0,"max_hp_gain":0.0,"max_hp_loss":0.0,"gold_gain":0.0,"event_name":"The Woman in Blue","player_choice":"Bought 2 Potions","floor":10.0,"gold_loss":0.0,"damage_taken":0.0},{"damage_healed":0,"gold_gain":0,"player_choice":"Fight","damage_taken":0,"max_hp_gain":0,"max_hp_loss":0,"event_name":"Colosseum","floor":20,"gold_loss":0},{"damage_healed":0,"gold_gain":0,"player_choice":"Fled From Nobs","damage_taken":0,"max_hp_gain":0,"max_hp_loss":0,"event_name":"Colosseum","floor":20,"gold_loss":0},{"damage_healed":25,"gold_gain":0,"player_choice":"Heal","damage_taken":0,"max_hp_gain":0,"max_hp_loss":0,"event_name":"The Library","floor":27,"gold_loss":0},{"damage_healed":0,"gold_gain":99,"player_choice":"Stole From Cult","damage_taken":0,"max_hp_gain":0,"max_hp_loss":0,"event_name":"Nest","floor":30,"gold_loss":0}],"is_beta":false,"boss_relics":[{"not_picked":["Ectoplasm","Fusion Hammer"],"picked":"Sozu"}],"items_purged_floors":[7,22],"is_endless":false,"potions_floor_spawned":[8,12,18,21,28],"killed_by":"Automaton","ascension_level":0}