{"gold_per_floor":[114,114,125,50,60,85,85,32,32,49,82,99,99,110,110,214,214,233,233,233,133,133,133,8,8,8,24,24,24,24,34,34,132,132,151,166,177,0,13,13,13,13,88,103,138,138,151,151,151,151],"floor_reached":50,"playtime":2766,"items_purged":["Defend_B","Defend_B","Strike_B","Strike_B"],"score":505,"play_id":"49531dda-a059-4ce3-a504-89749468cdbd","local_time":"20190421185721","is_ascension_mode":false,"campfire_choices":[{"data":"Zap","floor":7,"key":"SMITH"},{"floor":15,"key":"REST"},{"floor":23,"key":"RECALL"},{"data":"Coolheaded","floor":25,"key":"SMITH"},{"data":"Dualcast","floor":30,"key":"SMITH"},{"data":"Capacitor","floor":32,"key":"SMITH"},{"floor":40,"key":"REST"},{"data":"Gash","floor":42,"key":"SMITH"},{"floor":49,"key":"REST"}],"neow_cost":"NONE","seed_source_timestamp":272389176575037,"circlet_count":0,"master_deck":["Strike_B","Defend_B","Defend_B","Zap+1","Dualcast+1","Coolheaded+1","Static Discharge","Gash+1","Glacier","Sweeping Beam","BootSequence","Leap","Core Surge","Scrape+1","RitualDagger","Capacitor+1","Sweeping Beam+1","Machine Learning","Go for the Eyes","FTL+1","Gash+1","Gash+1","Steam Power+1","Beam Cell"],"relics":["Cracked Core","Anchor","Shuriken","Dodecahedron","Nuclear Battery","Pear","Nunchaku","Inserter","Mercury Hourglass","Frozen Egg 2"],"potions_floor_usage":[10,16,16,16,16,16,20,31,33,45,50],"damage_taken":[{"damage":0,"enemies":"Small Slimes","floor":1,"turns":2},{"damage":0,"enemies":"Cultist","floor":3,"turns":4},{"damage":0,"enemies":"2 Louse","floor":5,"turns":2},{"damage":23,"enemies":"3 Sentries","floor":6,"turns":9},{"damage":0,"enemies":"2 Fungi Beasts","floor":10,"turns":4},{"damage":24,"enemies":"Lagavulin","floor":11,"turns":8},{"damage":0,"enemies":"Exordium Wildlife","floor":12,"turns":4},{"damage":0,"enemies":"Looter","floor":14,"turns":2},{"damage":3,"enemies":"Slime Boss","floor":16,"turns":8},{"damage":0,"enemies":"Chosen","floor":18,"turns":6},{"damage":3,"enemies":"Colosseum Slavers","floor":20,"turns":5},{"damage":10,"enemies":"Spheric Guardian","floor":27,"turns":3},{"damage":6,"enemies":"3 Cultists","floor":31,"turns":6},{"damage":33,"enemies":"Automaton","floor":33,"turns":10},{"damage":18,"enemies":"3 Darklings","floor":35,"turns":6},{"damage":0,"enemies":"3 Shapes","floor":36,"turns":3},{"damage":29,"enemies":"Writhing Mass","floor":37,"turns":7},{"damage":9,"enemies":"3 Darklings","floor":39,"turns":5},{"damage":15,"enemies":"Spire Growth","floor":44,"turns":4},{"damage":15,"enemies":"Nemesis","floor":45,"turns":5},{"damage":17,"enemies":"Maw","floor":47,"turns":7},{"damage":43,"enemies":"Awakened One","floor":50,"turns":7}],"seed_played":"-5776267459492036689","potions_obtained":[{"floor":3,"key":"Swift Potion"},{"floor":11,"key":"EssenceOfSteel"},{"floor":12,"key":"EntropicBrew"},{"floor":16,"key":"AttackPotion"},{"floor":27,"key":"Block Potion"},{"floor":31,"key":"Block Potion"},{"floor":39,"key":"Fire Potion"},{"floor":44,"key":"SteroidPotion"},{"floor":47,"key":"Explosive Potion"}],"is_trial":false,"path_per_floor":["M","?","M","$","M","E","R","$","T","M","E","M","?","M","R","B",null,"M","?","?","$","?","R","$","R","T","M","?","?","R","M","R","B",null,"M","M","M","$","M","R","?","R","T","M","E","$","M","$","R","B"],"character_chosen":"DEFECT","items_purchased":["Gash","Gash"],"campfire_rested":3,"item_purchase_floors":[8,38],"current_hp_per_floor":[75,75,75,75,75,52,52,52,52,52,28,28,33,33,57,54,80,80,80,77,77,71,71,71,71,81,71,71,71,71,65,65,32,90,72,72,43,43,34,61,61,61,61,46,31,31,14,14,41,0],"gold":151,"neow_bonus":"RANDOM_COMMON_RELIC","is_prod":false,"is_daily":false,"chose_seed":false,"campfire_upgraded":5,"win_rate":0,"timestamp":1555883841,"path_taken":["M","?","?","$","M","E","R","$","T","M","E","M","?","M","R","BOSS","M","?","?","?","?","R","$","R","T","M","?","?","R","M","R","BOSS","M","M","M","$","M","R","?","R","T","M","E","?","M","$","R","BOSS"],"build_version":"2019-01-23","purchased_purges":4,"victory":false,"max_hp_per_floor":[75,75,75,75,75,75,75,75,75,75,75,75,80,80,80,80,80,80,80,80,80,80,80,80,80,90,90,90,90,90,90,90,90,90,90,90,90,90,90,90,90,90,90,90,90,90,90,90,90,90],"card_choices":[{"not_picked":["Stack","Steam"],"picked":"Coolheaded","floor":1},{"not_picked":["Aggregate","Hologram","Turbo"],"picked":"SKIP","floor":3},{"not_picked":["Storm","Genetic Algorithm","Compile Driver"],"picked":"SKIP","floor":5},{"not_picked":["Double Energy","Redo"],"picked":"Static Discharge","floor":6},{"not_picked":["Rip and Tear","Barrage"],"picked":"Glacier","floor":10},{"not_picked":["Biased Cognition","Machine Learning"],"picked":"Sweeping Beam","floor":11},{"not_picked":["Steam","Turbo"],"picked":"BootSequence","floor":12},{"not_picked":["Go for the Eyes","Rebound"],"picked":"Leap","floor":14},{"not_picked":["Thunder Strike","Reboot"],"picked":"Core Surge","floor":16},{"not_picked":["Compile Driver","Melter+1"],"picked":"Scrape+1","floor":18},{"not_picked":["Beam Cell","Skim"],"picked":"Capacitor","floor":27},{"not_picked":["Tempest","Double Energy"],"picked":"Sweeping Beam+1","floor":31},{"not_picked":["Buffer","Creative AI"],"picked":"Machine Learning","floor":33},{"not_picked":["Rip and Tear","Capacitor+1"],"picked":"Go for the Eyes","floor":35},{"not_picked":["Rebound+1","Stack"],"picked":"FTL+1","floor":36},{"not_picked":["Static Discharge","Cold Snap+1"],"picked":"Gash+1","floor":37},{"not_picked":["Go for the Eyes","Turbo+1"],"picked":"Steam Power+1","floor":39},{"not_picked":["Tempest+1","Compile Driver"],"picked":"Beam Cell","floor":44},{"not_picked":["Steam+1","Core Surge","Ball Lightning"],"picked":"SKIP","floor":45},{"not_picked":["Rebound","Turbo+1","Lockon+1"],"picked":"SKIP","floor":47}],"player_experience":632960,"relics_obtained":[{"floor":6,"key":"Shuriken"},{"floor":11,"key":"Dodecahedron"},{"floor":26,"key":"Pear"},{"floor":43,"key":"Mercury Hourglass"},{"floor":45,"key":"Frozen Egg 2"}],"event_choices":[{"cards_removed":["Strike_B"],"damage_healed":0,"gold_gain":0,"player_choice":"Offered Basic","damage_taken":0,"max_hp_gain":0,"max_hp_loss":0,"event_name":"Bonfire Elementals","floor":2,"gold_loss":0},{"damage_healed":0,"gold_gain":0,"player_choice":"Donut","damage_taken":0,"max_hp_gain":5,"max_hp_loss":0,"event_name":"Big Fish","floor":13,"gold_loss":0},{"damage_healed":0,"gold_gain":0,"player_choice":"Ignored","damage_taken":0,"max_hp_gain":0,"max_hp_loss":0,"event_name":"Ghosts","floor":19,"gold_loss":0},{"damage_healed":0,"gold_gain":0,"player_choice":"Fight","damage_taken":0,"max_hp_gain":0,"max_hp_loss":0,"event_name":"Colosseum","floor":20,"gold_loss":0},{"damage_healed":0,"gold_gain":0,"player_choice":"Fled From Nobs","damage_taken":0,"max_hp_gain":0,"max_hp_loss":0,"event_name":"Colosseum","floor":20,"gold_loss":0},{"damage_healed":0,"gold_gain":0,"player_choice":"Joined the Cult","damage_taken":6,"max_hp_gain":0,"max_hp_loss":0,"event_name":"Nest","floor":22,"gold_loss":0,"cards_obtained":["RitualDagger"]},{"damage_healed":0,"gold_gain":0,"player_choice":"Opened","damage_taken":0,"relics_obtained":["Nunchaku"],"max_hp_gain":0,"max_hp_loss":0,"event_name":"The Mausoleum","floor":28,"gold_loss":0},{"damage_healed":0,"gold_gain":0,"player_choice":"Ignored","damage_taken":0,"max_hp_gain":0,"max_hp_loss":0,"event_name":"Vampires","floor":29,"gold_loss":0},{"damage_healed":0,"gold_gain":0,"player_choice":"Upgraded","damage_taken":0,"max_hp_gain":0,"max_hp_loss":0,"event_name":"Upgrade Shrine","floor":41,"gold_loss":0,"cards_upgraded":["Gash"]}],"is_beta":false,"boss_relics":[{"not_picked":["Eternal Feather","Astrolabe"],"picked":"Nuclear Battery"},{"not_picked":["Cursed Key","White Beast Statue"],"picked":"Inserter"}],"items_purged_floors":[4,21,24,38],"is_endless":false,"potions_floor_spawned":[3,11,12,16,27,31,39,44,47],"killed_by":"Awakened One","ascension_level":0}