{"gold_per_floor":[109,126,201,201,44,71,88,98,123,142,177,189,189,202,202,304,304],"floor_reached":17,"playtime":867,"items_purged":["Strike_R"],"score":169,"play_id":"df283428-54b5-444e-8de6-7ab755c440c5","local_time":"20190324175346","is_ascension_mode":false,"campfire_choices":[{"data":"Hemokinesis","floor":13,"key":"SMITH"},{"floor":15,"key":"REST"}],"neow_cost":"NONE","seed_source_timestamp":409085150003770,"circlet_count":0,"master_deck":["Strike_R","Strike_R","Defend_R+1","Defend_R","Defend_R","Defend_R","Bash","Demon Form+1","Seeing Red","Iron Wave","Hemokinesis+1","Second Wind","Anger","Evolve","Infernal Blade","Rampage","Reaper"],"relics":["Burning Blood","Red Skull","Art of War","Oddly Smooth Stone","Empty Cage"],"potions_floor_usage":[16],"damage_taken":[{"damage":10,"enemies":"Jaw Worm","floor":1,"turns":4},{"damage":7,"enemies":"Small Slimes","floor":2,"turns":4},{"damage":26,"enemies":"Gremlin Nob","floor":6,"turns":4},{"damage":3,"enemies":"2 Louse","floor":7,"turns":2},{"damage":3,"enemies":"Red Slaver","floor":8,"turns":3},{"damage":7,"enemies":"Exordium Wildlife","floor":10,"turns":4},{"damage":16,"enemies":"Lagavulin","floor":11,"turns":6},{"damage":1,"enemies":"Blue Slaver","floor":12,"turns":3},{"damage":7,"enemies":"Red Slaver","floor":14,"turns":2},{"damage":43,"enemies":"The Guardian","floor":16,"turns":7}],"seed_played":"-984114425656968484","potions_obtained":[{"floor":1,"key":"PowerPotion"},{"floor":2,"key":"Explosive Potion"},{"floor":8,"key":"LiquidBronze"},{"floor":14,"key":"FairyPotion"},{"floor":16,"key":"Dexterity Potion"}],"is_trial":false,"path_per_floor":["M","M","?","?","$","E","M","M","T","M","E","M","R","M","R","B",null],"character_chosen":"IRONCLAD","items_purchased":["Hemokinesis"],"campfire_rested":1,"item_purchase_floors":[5],"current_hp_per_floor":[76,75,64,48,48,28,31,34,34,33,23,28,28,27,51,14,80],"gold":304,"neow_bonus":"ONE_RANDOM_RARE_CARD","is_prod":false,"is_daily":false,"chose_seed":false,"campfire_upgraded":1,"win_rate":0,"timestamp":1553475226,"path_taken":["M","M","?","?","$","E","M","M","T","M","E","M","R","M","R","BOSS"],"build_version":"2019-01-23","purchased_purges":1,"victory":false,"max_hp_per_floor":[80,80,80,80,80,80,80,80,80,80,80,80,80,80,80,80,80],"card_choices":[{"not_picked":["Reckless Charge","Headbutt"],"picked":"Seeing Red","floor":1},{"not_picked":["Headbutt","Corruption"],"picked":"Iron Wave","floor":2},{"not_picked":["Flex","Perfected Strike"],"picked":"Second Wind","floor":6},{"not_picked":["Pommel Strike","Havoc"],"picked":"Anger","floor":7},{"not_picked":["Reckless Charge","Clothesline"],"picked":"Evolve","floor":8},{"not_picked":["True Grit","Clash"],"picked":"Infernal Blade","floor":10},{"not_picked":["Hemokinesis","Feel No Pain"],"picked":"Rampage","floor":11},{"not_picked":["Dropkick","Flex","Juggernaut"],"picked":"SKIP","floor":12},{"not_picked":["Wild Strike","Thunderclap","Searing Blow"],"picked":"SKIP","floor":14},{"not_picked":["Brutality","Offering"],"picked":"Reaper","floor":16}],"player_experience":640944,"relics_obtained":[{"floor":6,"key":"Red Skull"},{"floor":9,"key":"Art of War"},{"floor":11,"key":"Oddly Smooth Stone"}],"event_choices":[{"damage_healed":0,"gold_gain":75,"player_choice":"Gather Gold","damage_taken":11,"max_hp_gain":0,"max_hp_loss":0,"event_name":"World of Goop","floor":3,"gold_loss":0},{"damage_healed":0,"gold_gain":0,"player_choice":"Entered Light","damage_taken":16,"max_hp_gain":0,"max_hp_loss":0,"event_name":"Shining Light","floor":4,"gold_loss":0,"cards_upgraded":["Demon Form","Defend_R"]}],"is_beta":false,"boss_relics":[{"not_picked":["Fusion Hammer","Orrery"],"picked":"Empty Cage"}],"items_purged_floors":[5],"is_endless":false,"potions_floor_spawned":[1,2,8,12,14,16],"ascension_level":0}