{"gold_per_floor":[111,111,186,40,57,57,67,86,86,105,119,147,157,190,190,290,290,275,375,386,74,74,74,129,56,56,56,71,71,87,87,87,183,183,200,200,200,214,226,226,256,256],"floor_reached":42,"playtime":3294,"items_purged":[],"score":556,"play_id":"a4502726-5b28-41d5-8867-1d7b44aa138c","local_time":"20190530194328","is_ascension_mode":true,"campfire_choices":[{"data":"Coolheaded","floor":6,"key":"SMITH"},{"data":"Rainbow","floor":15,"key":"SMITH"},{"floor":23,"key":"RECALL"},{"floor":29,"key":"REST"},{"floor":32,"key":"REST"},{"floor":40,"key":"REST"}],"neow_cost":"CURSE","seed_source_timestamp":1077489018233597,"circlet_count":0,"master_deck":["Zap","Dualcast","Core Surge","Coolheaded+1","Capacitor","Cold Snap","Cold Snap","Chill","Echo Form","Rainbow+1","Creative AI","Barrage+1","Static Discharge+1","Sweeping Beam","Mayhem+1","Defragment+1","BootSequence","Fission","Beam Cell","All For One","Conserve Battery","Reprogram","Melter","Multi-Cast","Sweeping Beam","Redo+1","Darkness","Rainbow","Blizzard+1","Skim+1"],"relics":["Cracked Core","Happy Flower","Bag of Preparation","Pear","Juzu Bracelet","Sozu","Mango","Frozen Egg 2","Oddly Smooth Stone","Tiny Chest","Mercury Hourglass","MutagenicStrength","Pandora\u0027s Box","Centennial Puzzle"],"potions_floor_usage":[12,14,16,18,19],"damage_taken":[{"damage":9,"enemies":"Jaw Worm","floor":1,"turns":3},{"damage":0,"enemies":"2 Louse","floor":5,"turns":3},{"damage":5,"enemies":"Small Slimes","floor":7,"turns":3},{"damage":1,"enemies":"Blue Slaver","floor":8,"turns":4},{"damage":2,"enemies":"3 Louse","floor":10,"turns":4},{"damage":1,"enemies":"Large Slime","floor":11,"turns":7},{"damage":22,"enemies":"Gremlin Nob","floor":12,"turns":6},{"damage":8,"enemies":"Lots of Slimes","floor":13,"turns":4},{"damage":0,"enemies":"3 Sentries","floor":14,"turns":7},{"damage":5,"enemies":"The Guardian","floor":16,"turns":9},{"damage":11,"enemies":"2 Thieves","floor":18,"turns":4},{"damage":13,"enemies":"Colosseum Slavers","floor":19,"turns":5},{"damage":22,"enemies":"Colosseum Nobs","floor":19,"turns":4},{"damage":15,"enemies":"Spheric Guardian","floor":20,"turns":5},{"damage":34,"enemies":"Slavers","floor":24,"turns":7},{"damage":21,"enemies":"Shelled Parasite and Fungi","floor":28,"turns":7},{"damage":16,"enemies":"Centurion and Healer","floor":30,"turns":7},{"damage":44,"enemies":"Automaton","floor":33,"turns":8},{"damage":32,"enemies":"3 Shapes","floor":35,"turns":6},{"damage":2,"enemies":"3 Darklings","floor":38,"turns":5},{"damage":56,"enemies":"Writhing Mass","floor":39,"turns":5},{"damage":5,"enemies":"Reptomancer","floor":41,"turns":4},{"damage":42,"enemies":"Jaw Worm Horde","floor":42,"turns":2}],"seed_played":"1618065593238234028","potions_obtained":[{"floor":1,"key":"Regen Potion"},{"floor":10,"key":"Fire Potion"},{"floor":12,"key":"Fire Potion"},{"floor":14,"key":"Energy Potion"},{"floor":16,"key":"GamblersBrew"}],"is_trial":false,"path_per_floor":["M","?","?","$","M","R","M","M","T","M","M","E","M","E","R","B",null,"M","?","M","$","?","R","E","$","T","T","M","R","M","?","R","B",null,"M","?","?","M","M","R","E","M"],"character_chosen":"DEFECT","items_purchased":["Happy Flower","Oddly Smooth Stone","Mayhem+1","Defragment+1"],"campfire_rested":3,"item_purchase_floors":[4,21,21,25],"current_hp_per_floor":[66,59,48,48,48,48,43,42,42,40,39,41,33,33,33,28,85,74,53,38,38,71,71,37,37,37,37,16,45,29,29,58,14,99,67,67,67,65,9,38,33,0],"gold":256,"neow_bonus":"THREE_RARE_CARDS","is_prod":false,"is_daily":false,"chose_seed":false,"campfire_upgraded":2,"win_rate":0,"timestamp":1559256208,"path_taken":["M","?","?","$","M","R","M","M","T","M","M","E","M","E","R","BOSS","M","?","M","$","?","R","E","$","T","?","M","R","M","?","R","BOSS","M","?","?","M","M","R","E","M"],"build_version":"2019-01-23","purchased_purges":0,"victory":false,"max_hp_per_floor":[75,75,75,75,75,75,75,75,75,75,75,85,85,85,85,85,85,85,99,99,99,99,99,99,99,99,99,99,99,99,99,99,99,99,99,99,99,99,99,99,99,99],"card_choices":[{"not_picked":["Amplify","Seek"],"picked":"Core Surge","floor":0},{"not_picked":["Conserve Battery","Streamline"],"picked":"Coolheaded","floor":1},{"not_picked":["Steam","Scrape"],"picked":"Capacitor","floor":5},{"not_picked":["Rebound","Hologram"],"picked":"Cold Snap","floor":7},{"not_picked":["Turbo","Aggregate"],"picked":"Cold Snap","floor":8},{"not_picked":["Auto Shields","Reprogram"],"picked":"Chill","floor":10},{"not_picked":["Coolheaded","Compile Driver","Ball Lightning"],"picked":"SKIP","floor":11},{"not_picked":["Double Energy","BootSequence"],"picked":"Echo Form","floor":12},{"not_picked":["Barrage","Cold Snap","Capacitor"],"picked":"SKIP","floor":13},{"not_picked":["Ball Lightning","Steam"],"picked":"Rainbow","floor":14},{"not_picked":["Machine Learning","Echo Form"],"picked":"Creative AI","floor":16},{"not_picked":["Gash","Steam Power"],"picked":"Barrage+1","floor":18},{"not_picked":["Doom and Gloom+1","Reinforced Body"],"picked":"Static Discharge","floor":19},{"not_picked":["Hologram","Leap"],"picked":"Sweeping Beam","floor":20},{"not_picked":["Undo","Aggregate","Cold Snap+1"],"picked":"SKIP","floor":24},{"not_picked":["Stack+1","Leap+1","Double Energy"],"picked":"SKIP","floor":28},{"not_picked":["Aggregate","Thunder Strike"],"picked":"BootSequence","floor":30},{"not_picked":["All For One","Hyperbeam"],"picked":"Fission","floor":33},{"not_picked":["Chill","Ball Lightning"],"picked":"Redo+1","floor":35},{"not_picked":["Barrage+1","Rebound"],"picked":"Blizzard+1","floor":38},{"not_picked":["Chill","Streamline+1","Coolheaded+1"],"picked":"SKIP","floor":39},{"not_picked":["Leap","Stack"],"picked":"Skim+1","floor":41}],"player_experience":828978,"relics_obtained":[{"floor":9,"key":"Bag of Preparation"},{"floor":12,"key":"Pear"},{"floor":14,"key":"Juzu Bracelet"},{"floor":19,"key":"Mango"},{"floor":19,"key":"Frozen Egg 2"},{"floor":24,"key":"Tiny Chest"},{"floor":27,"key":"Mercury Hourglass"},{"floor":41,"key":"Centennial Puzzle"}],"event_choices":[{"cards_removed":["Injury"],"damage_healed":0,"gold_gain":0,"player_choice":"Card Removal","damage_taken":7,"max_hp_gain":0,"max_hp_loss":0,"event_name":"Golden Wing","floor":2,"gold_loss":0},{"damage_healed":0,"gold_gain":75,"player_choice":"Gather Gold","damage_taken":11,"max_hp_gain":0,"max_hp_loss":0,"event_name":"World of Goop","floor":3,"gold_loss":0},{"damage_healed":0,"gold_gain":0,"player_choice":"Fight","damage_taken":0,"max_hp_gain":0,"max_hp_loss":0,"event_name":"Colosseum","floor":19,"gold_loss":0},{"damage_healed":0,"gold_gain":0,"player_choice":"Fought Nobs","damage_taken":0,"max_hp_gain":0,"max_hp_loss":0,"event_name":"Colosseum","floor":19,"gold_loss":0},{"damage_healed":33,"gold_gain":0,"player_choice":"Heal","damage_taken":0,"max_hp_gain":0,"max_hp_loss":0,"event_name":"The Library","floor":22,"gold_loss":0},{"damage_healed":0,"gold_gain":0,"player_choice":"Inject Mutagens","damage_taken":0,"relics_obtained":["MutagenicStrength"],"max_hp_gain":0,"max_hp_loss":0,"event_name":"Drug Dealer","floor":31,"gold_loss":0},{"damage_healed":0,"gold_gain":0,"player_choice":"2 cards matched","damage_taken":0,"max_hp_gain":0,"max_hp_loss":0,"event_name":"Match and Keep!","floor":36,"gold_loss":0,"cards_obtained":["Darkness","Rainbow"]},{"cards_removed":["Scrape"],"damage_healed":0,"gold_gain":0,"player_choice":"Removed Attack","damage_taken":0,"max_hp_gain":0,"max_hp_loss":0,"event_name":"Falling","floor":37,"gold_loss":0}],"is_beta":false,"boss_relics":[{"not_picked":["Eternal Feather","Orrery"],"picked":"Sozu"},{"not_picked":["Astrolabe","Runic Pyramid"],"picked":"Pandora\u0027s Box"}],"items_purged_floors":[],"is_endless":false,"potions_floor_spawned":[1,10,12,14,16,20,28,30,33,35,41],"killed_by":"Jaw Worm Horde","ascension_level":2}