{"gold_per_floor":[119,119,138,22,37,69,69,94,94,94,122,37,52,70,70,174,174,189,35,35,51,62,62,162,178,178,208,226,243,243,261,261,356,356,370,370,383,55,74,74,106,120,120,120,220,59,59,78,78,78],"floor_reached":51,"playtime":6091,"items_purged":["Strike_R"],"score":769,"play_id":"ec258df2-391f-4d59-aeb6-88135711afa9","local_time":"20181230160848","is_ascension_mode":false,"campfire_choices":[{"data":"Battle Trance","floor":10.0,"key":"SMITH"},{"data":"Body Slam","floor":15.0,"key":"SMITH"},{"data":"Shockwave","floor":23.0,"key":"SMITH"},{"floor":32.0,"key":"REST"},{"floor":40.0,"key":"REST"},{"floor":47,"key":"REST"},{"floor":49,"key":"REST"}],"neow_cost":"NONE","seed_source_timestamp":0,"circlet_count":0,"master_deck":["Strike_R","Strike_R","Strike_R","Strike_R","Defend_R","Defend_R","Defend_R","Defend_R","Bash","Berserk","Battle Trance+1","Rage","Shockwave+1","Anger","Sword Boomerang","Impervious","Body Slam+1","Finesse","Iron Wave","Feed","Second Wind","RitualDagger","Fire Breathing","Thunderclap","True Grit","Headbutt","Brutality","Pommel Strike","Pommel Strike+1","Rage+1","Rupture","Parasite","Flame Barrier","Dual Wield+1","Entrench+1","Apotheosis","Panacea","Bandage Up","Twin Strike+1","Flash of Steel","Metallicize","Iron Wave","Body Slam+1","Hemokinesis"],"special_seed":0,"relics":["Burning Blood","FossilizedHelix","Kunai","Thread and Needle","Self Forming Clay","Dream Catcher","Mark of Pain","Turnip","Mercury Hourglass","Bottled Flame","Oddly Smooth Stone","Fusion Hammer","Bottled Lightning","Pocketwatch","Darkstone Periapt","Prayer Wheel"],"potions_floor_usage":[50,50,50],"damage_taken":[{"damage":11.0,"enemies":"2 Louse","floor":1.0,"turns":3.0},{"damage":0.0,"enemies":"Cultist","floor":3.0,"turns":3.0},{"damage":0.0,"enemies":"Small Slimes","floor":5.0,"turns":3.0},{"damage":12.0,"enemies":"3 Sentries","floor":6.0,"turns":8.0},{"damage":27.0,"enemies":"Lagavulin","floor":8.0,"turns":6.0},{"damage":5.0,"enemies":"3 Sentries","floor":11.0,"turns":9.0},{"damage":6.0,"enemies":"3 Louse","floor":13.0,"turns":3.0},{"damage":0.0,"enemies":"Large Slime","floor":14.0,"turns":5.0},{"damage":41.0,"enemies":"Hexaghost","floor":16.0,"turns":11.0},{"damage":0.0,"enemies":"Chosen","floor":18.0,"turns":3.0},{"damage":0.0,"enemies":"Shell Parasite","floor":21.0,"turns":3.0},{"damage":10.0,"enemies":"Snake Plant","floor":22.0,"turns":5.0},{"damage":0.0,"enemies":"Colosseum Slavers","floor":24.0,"turns":7.0},{"damage":34.0,"enemies":"Colosseum Nobs","floor":24.0,"turns":6.0},{"damage":15.0,"enemies":"3 Cultists","floor":25.0,"turns":5.0},{"damage":11.0,"enemies":"Gremlin Leader","floor":27.0,"turns":5.0},{"damage":0.0,"enemies":"Centurion and Healer","floor":28.0,"turns":5.0},{"damage":0.0,"enemies":"Shelled Parasite and Fungi","floor":29.0,"turns":2.0},{"damage":14.0,"enemies":"Cultist and Chosen","floor":31.0,"turns":8.0},{"damage":6.0,"enemies":"Collector","floor":33.0,"turns":8.0},{"damage":0.0,"enemies":"Orb Walker","floor":35.0,"turns":3.0},{"damage":5.0,"enemies":"3 Shapes","floor":37.0,"turns":3.0},{"damage":23.0,"enemies":"Writhing Mass","floor":39.0,"turns":5.0},{"damage":23.0,"enemies":"Reptomancer","floor":41.0,"turns":6.0},{"damage":4.0,"enemies":"Spire Growth","floor":42.0,"turns":4.0},{"damage":3,"enemies":"Mind Bloom Boss Battle","floor":45,"turns":5},{"damage":26,"enemies":"Jaw Worm Horde","floor":48,"turns":5},{"damage":37,"enemies":"Awakened One","floor":50,"turns":10}],"seed_played":"-65129424814659277","potions_obtained":[{"floor":3.0,"key":"AttackPotion"},{"floor":6.0,"key":"Explosive Potion"},{"floor":8.0,"key":"GamblersBrew"},{"floor":11.0,"key":"Regen Potion"},{"floor":14.0,"key":"SneckoOil"},{"floor":16.0,"key":"LiquidBronze"},{"floor":18.0,"key":"Dexterity Potion"},{"floor":21.0,"key":"EssenceOfSteel"},{"floor":29.0,"key":"Energy Potion"},{"floor":41.0,"key":"Weak Potion"},{"floor":45,"key":"Weak Potion"},{"floor":48,"key":"Strength Potion"}],"is_trial":false,"path_per_floor":["M","?","M","$","M","E","$","E","T","R","E","$","M","M","R","B",null,"M","$","?","M","M","R","?","M","T","E","M","M","?","M","R","B",null,"M","?","M","$","M","R","E","M","T","?","?","$","R","M","R","B",null],"character_chosen":"IRONCLAD","items_purchased":["Rage","Shockwave","Finesse","Inflame","Bottled Lightning","Rupture","Flash of Steel","Metallicize"],"campfire_rested":4,"item_purchase_floors":[4,4,12,19,38,38,46,46],"current_hp_per_floor":[75,75,80,80,80,74,74,53,53,53,54,54,54,60,60,40,80,83,83,77,83,79,79,58,49,49,44,53,62,44,39,69,69,100,103,103,106,106,92,109,92,94,94,84,95,95,113,97,117,92],"gold":78,"neow_bonus":"ONE_RANDOM_RARE_CARD","is_prod":false,"is_daily":false,"chose_seed":false,"campfire_upgraded":3,"win_rate":0,"timestamp":1546214928,"path_taken":["M","?","M","?","M","E","$","E","T","R","E","$","M","M","R","BOSS","M","$","?","M","M","R","?","M","T","E","M","M","?","M","R","BOSS","M","?","M","$","M","R","E","M","T","?","?","?","R","M","R","BOSS"],"build_version":"2018-12-20","purchased_purges":1,"victory":true,"max_hp_per_floor":[80,80,80,80,80,80,80,80,80,80,80,80,80,80,80,80,80,83,83,83,83,83,83,86,86,86,86,89,92,97,100,100,100,100,103,103,106,106,109,109,109,109,109,109,113,113,113,117,117,117],"card_choices":[{"not_picked":["Warcry","Dual Wield"],"picked":"Power Through","floor":1.0},{"not_picked":["Ghostly Armor","Dropkick"],"picked":"Battle Trance","floor":3.0},{"not_picked":["Evolve","Dropkick"],"picked":"Anger","floor":5.0},{"not_picked":["Hemokinesis","Body Slam"],"picked":"Sword Boomerang","floor":6.0},{"not_picked":["Body Slam","Heavy Blade"],"picked":"Impervious","floor":8.0},{"not_picked":["Warcry","Wild Strike"],"picked":"Body Slam","floor":11.0},{"not_picked":["Warcry","Battle Trance","Clothesline"],"picked":"SKIP","floor":13.0},{"not_picked":["Body Slam","Wild Strike"],"picked":"Iron Wave","floor":14.0},{"not_picked":["Berserk","Fiend Fire"],"picked":"Feed","floor":16.0},{"not_picked":["Twin Strike","Havoc"],"picked":"Second Wind","floor":18.0},{"not_picked":["Sword Boomerang","Clothesline","Body Slam"],"picked":"SKIP","floor":21.0},{"not_picked":["Heavy Blade","Sever Soul","Havoc"],"picked":"SKIP","floor":22.0},{"not_picked":["Heavy Blade+1","Clothesline"],"picked":"Fire Breathing","floor":24.0},{"not_picked":["Havoc+1","Bludgeon"],"picked":"Thunderclap","floor":25.0},{"not_picked":["Warcry","Perfected Strike"],"picked":"True Grit","floor":27.0},{"not_picked":["Clothesline+1","Ghostly Armor"],"picked":"Headbutt","floor":28.0},{"not_picked":["Wild Strike","Pommel Strike"],"picked":"Brutality","floor":29.0},{"not_picked":["Armaments","Heavy Blade"],"picked":"Pommel Strike","floor":31.0},{"not_picked":["Sword Boomerang+1","Flex"],"picked":"Pommel Strike+1","floor":35.0},{"not_picked":["Pummel+1","Ghostly Armor+1"],"picked":"Rage+1","floor":37.0},{"not_picked":["Pummel+1","Intimidate"],"picked":"Flame Barrier","floor":39.0},{"not_picked":["Body Slam+1","Corruption+1"],"picked":"Dual Wield+1","floor":40.0},{"not_picked":["Headbutt","Searing Blow","Clash"],"picked":"SKIP","floor":41.0},{"not_picked":["Pummel","Fire Breathing+1"],"picked":"Entrench+1","floor":42.0},{"not_picked":["Mind Blast","Dark Shackles"],"picked":"Apotheosis","floor":44},{"not_picked":["Magnetism","Sadistic Nature"],"picked":"Panacea","floor":44},{"not_picked":["Apotheosis","Impatience"],"picked":"Bandage Up","floor":44},{"not_picked":["Flex+1","Perfected Strike"],"picked":"Twin Strike+1","floor":45},{"not_picked":["Wild Strike+1","Clothesline+1"],"picked":"Iron Wave","floor":47},{"not_picked":["Clothesline+1","Reaper"],"picked":"Body Slam+1","floor":48},{"not_picked":["Pummel","Clothesline+1"],"picked":"Hemokinesis","floor":48}],"player_experience":487675,"relics_obtained":[{"floor":6.0,"key":"Kunai"},{"floor":8.0,"key":"Thread and Needle"},{"floor":9.0,"key":"Self Forming Clay"},{"floor":11.0,"key":"Dream Catcher"},{"floor":24.0,"key":"Turnip"},{"floor":24.0,"key":"Mercury Hourglass"},{"floor":26.0,"key":"Bottled Flame"},{"floor":27.0,"key":"Oddly Smooth Stone"},{"floor":41.0,"key":"Pocketwatch"},{"floor":43,"key":"Darkstone Periapt"},{"floor":45,"key":"Prayer Wheel"}],"event_choices":[{"cards_removed":["Power Through"],"damage_healed":0.0,"max_hp_gain":0.0,"max_hp_loss":0.0,"gold_gain":0.0,"event_name":"WeMeetAgain","player_choice":"Gave Card","floor":2.0,"gold_loss":0.0,"damage_taken":0.0,"relics_obtained":["FossilizedHelix"]},{"damage_healed":0.0,"max_hp_gain":0.0,"max_hp_loss":0.0,"gold_gain":0.0,"event_name":"Nest","player_choice":"Joined the Cult","floor":20.0,"gold_loss":0.0,"damage_taken":6.0,"cards_obtained":["RitualDagger"]},{"damage_healed":0.0,"max_hp_gain":0.0,"max_hp_loss":0.0,"gold_gain":0.0,"event_name":"Colosseum","player_choice":"Fight","floor":24.0,"gold_loss":0.0,"damage_taken":0.0},{"damage_healed":0.0,"max_hp_gain":0.0,"max_hp_loss":0.0,"gold_gain":0.0,"event_name":"Colosseum","player_choice":"Fought Nobs","floor":24.0,"gold_loss":0.0,"damage_taken":0.0},{"damage_healed":0.0,"max_hp_gain":5.0,"max_hp_loss":0.0,"gold_gain":0.0,"event_name":"Forgotten Altar","player_choice":"Shed Blood","floor":30.0,"gold_loss":0.0,"damage_taken":23.0},{"cards_removed":["Inflame"],"damage_healed":0.0,"max_hp_gain":0.0,"max_hp_loss":0.0,"gold_gain":0.0,"event_name":"Falling","player_choice":"Removed Power","floor":36.0,"gold_loss":0.0,"damage_taken":0.0},{"damage_healed":0,"gold_gain":0,"player_choice":"Memory 3","damage_taken":10,"max_hp_gain":0,"max_hp_loss":0,"event_name":"SensoryStone","floor":44,"gold_loss":0},{"damage_healed":0,"gold_gain":0,"player_choice":"Fight","damage_taken":0,"max_hp_gain":0,"max_hp_loss":0,"event_name":"MindBloom","floor":45,"gold_loss":0}],"is_beta":false,"boss_relics":[{"not_picked":["Calling Bell","Black Blood"],"picked":"Mark of Pain"},{"not_picked":["Black Star","Cursed Key"],"picked":"Fusion Hammer"}],"items_purged_floors":[19],"is_endless":false,"potions_floor_spawned":[3,6,8,11,14,16,18,21,24,29,41,45,48],"ascension_level":0}