{"gold_per_floor":[116,191,210,210,135,164,164,180,180,180,195,195,209,223,223,223],"floor_reached":16,"playtime":217,"items_purged":["Defend_R"],"score":127,"play_id":"590f8599-313f-4607-9cc0-56bc21d57876","local_time":"20190416193641","is_ascension_mode":false,"campfire_choices":[{"data":"Bash","floor":7.0,"key":"SMITH"},{"data":"Flex","floor":10.0,"key":"SMITH"},{"data":"Strike_R","floor":12.0,"key":"SMITH"},{"data":"Sever Soul","floor":15.0,"key":"SMITH"}],"neow_cost":"NONE","seed_source_timestamp":499991207150143,"circlet_count":0,"master_deck":["Strike_R","Strike_R","Strike_R+1","Strike_R","Strike_R","Defend_R","Defend_R","Defend_R","Bash+1","Flex+1","Sever Soul+1"],"special_seed":0,"relics":["Burning Blood","NeowsBlessing","Toxic Egg 2","Bag of Marbles"],"potions_floor_usage":[16],"damage_taken":[{"damage":0.0,"enemies":"2 Louse","floor":1.0,"turns":1.0},{"damage":0.0,"enemies":"Jaw Worm","floor":3.0,"turns":1.0},{"damage":0.0,"enemies":"Gremlin Nob","floor":6.0,"turns":1.0},{"damage":6.0,"enemies":"Cultist","floor":8.0,"turns":3.0},{"damage":18.0,"enemies":"Lots of Slimes","floor":11.0,"turns":4.0},{"damage":7.0,"enemies":"Blue Slaver","floor":13.0,"turns":2.0},{"damage":12.0,"enemies":"3 Louse","floor":14.0,"turns":2.0},{"damage":61,"enemies":"The Guardian","floor":16,"turns":7}],"seed_played":"-2384006749736985589","potions_obtained":[{"floor":8.0,"key":"GamblersBrew"},{"floor":13.0,"key":"SkillPotion"}],"is_trial":false,"path_per_floor":["M","?","M","?","$","E","R","M","T","R","M","R","M","M","R","B"],"character_chosen":"IRONCLAD","items_purchased":[],"campfire_rested":0,"item_purchase_floors":[],"current_hp_per_floor":[80,69,75,75,75,80,80,80,80,80,68,68,67,61,61,0],"gold":223,"neow_bonus":"THREE_ENEMY_KILL","is_prod":false,"is_daily":false,"chose_seed":false,"campfire_upgraded":4,"win_rate":0,"timestamp":1555436201,"path_taken":["M","?","M","?","?","E","R","?","T","R","M","R","?","M","R","BOSS"],"build_version":"2019-01-23","purchased_purges":1,"victory":false,"max_hp_per_floor":[80,80,80,80,80,80,80,80,80,80,80,80,80,80,80,80],"card_choices":[{"not_picked":["Fire Breathing","Sever Soul"],"picked":"Flex","floor":1.0},{"not_picked":["Body Slam","Wild Strike","Reckless Charge"],"picked":"SKIP","floor":3.0},{"not_picked":["Blood for Blood","Twin Strike","True Grit"],"picked":"SKIP","floor":6.0},{"not_picked":["Perfected Strike","Ghostly Armor+1","Clothesline"],"picked":"SKIP","floor":8.0},{"not_picked":["Armaments+1","Pummel","Wild Strike"],"picked":"SKIP","floor":11.0},{"not_picked":["Perfected Strike","Entrench+1","Ghostly Armor+1"],"picked":"SKIP","floor":13.0},{"not_picked":["Body Slam","Power Through+1"],"picked":"Sever Soul","floor":14.0}],"player_experience":117080,"relics_obtained":[{"floor":6.0,"key":"Toxic Egg 2"},{"floor":9.0,"key":"Bag of Marbles"}],"event_choices":[{"damage_healed":0.0,"max_hp_gain":0.0,"max_hp_loss":0.0,"gold_gain":75.0,"event_name":"World of Goop","player_choice":"Gather Gold","floor":2.0,"gold_loss":0.0,"damage_taken":11.0},{"damage_healed":0.0,"max_hp_gain":0.0,"max_hp_loss":0.0,"gold_gain":0.0,"event_name":"Liars Game","player_choice":"Ignored","floor":4.0,"gold_loss":0.0,"damage_taken":0.0}],"is_beta":false,"boss_relics":[],"items_purged_floors":[5],"is_endless":false,"potions_floor_spawned":[8,13],"killed_by":"The Guardian","ascension_level":0}