{"gold_per_floor":[115,115,115,40,115,115,148,148,148,148,158,158,168,68,68,68],"floor_reached":16,"playtime":473,"items_purged":["Strike_R","Defend_R"],"score":96,"play_id":"d3af6afb-95db-492c-9cca-6814b3ba7475","local_time":"20190411181040","is_ascension_mode":false,"campfire_choices":[{"data":"Strike_R","floor":6.0,"key":"SMITH"},{"data":"Shrug It Off","floor":8.0,"key":"SMITH"},{"data":"Strike_R","floor":10.0,"key":"SMITH"},{"data":"Strike_R","floor":12.0,"key":"SMITH"},{"floor":15.0,"key":"REST"}],"neow_cost":"NONE","seed_source_timestamp":62570085654855,"circlet_count":0,"master_deck":["Strike_R+1","Strike_R","Strike_R+1","Strike_R+1","Defend_R","Defend_R","Defend_R","Shrug It Off+1"],"special_seed":0,"relics":["Burning Blood","Omamori","Boot"],"potions_floor_usage":[16,16],"damage_taken":[{"damage":10.0,"enemies":"Small Slimes","floor":1.0,"turns":3.0},{"damage":52.0,"enemies":"3 Sentries","floor":7.0,"turns":16.0},{"damage":0.0,"enemies":"Jaw Worm","floor":11.0,"turns":4.0},{"damage":1.0,"enemies":"Cultist","floor":13.0,"turns":3.0},{"damage":64,"enemies":"Slime Boss","floor":16,"turns":10}],"seed_played":"-2207088437514490505","potions_obtained":[{"floor":11.0,"key":"SkillPotion"},{"floor":13.0,"key":"FearPotion"}],"is_trial":false,"path_per_floor":["M","?","?","$","?","R","E","R","T","R","M","R","M","$","R","B"],"character_chosen":"IRONCLAD","items_purchased":[],"campfire_rested":1,"item_purchase_floors":[],"current_hp_per_floor":[84,89,82,82,71,71,25,25,25,25,31,31,36,36,63,0],"gold":68,"neow_bonus":"TEN_PERCENT_HP_BONUS","is_prod":false,"is_daily":false,"chose_seed":false,"campfire_upgraded":4,"win_rate":0,"timestamp":1554999040,"path_taken":["M","?","?","?","?","R","E","R","T","R","M","R","?","$","R","BOSS"],"build_version":"2019-01-23","purchased_purges":2,"victory":false,"max_hp_per_floor":[88,93,93,93,93,93,93,93,93,93,93,93,93,93,93,93],"card_choices":[{"not_picked":["Twin Strike","True Grit","Whirlwind"],"picked":"SKIP","floor":1.0},{"not_picked":["Rupture","Wild Strike"],"picked":"Shrug It Off","floor":7.0},{"not_picked":["Feel No Pain","Seeing Red","Wild Strike"],"picked":"SKIP","floor":11.0},{"not_picked":["Thunderclap","Fire Breathing","Pommel Strike"],"picked":"SKIP","floor":13.0}],"player_experience":110166,"relics_obtained":[{"floor":7.0,"key":"Omamori"},{"floor":9.0,"key":"Boot"}],"event_choices":[{"damage_healed":0.0,"max_hp_gain":5.0,"max_hp_loss":0.0,"gold_gain":0.0,"event_name":"Big Fish","player_choice":"Donut","floor":2.0,"gold_loss":0.0,"damage_taken":0.0},{"cards_removed":["Bash"],"damage_healed":0.0,"max_hp_gain":0.0,"max_hp_loss":0.0,"gold_gain":0.0,"event_name":"Golden Wing","player_choice":"Card Removal","floor":3.0,"gold_loss":0.0,"damage_taken":7.0},{"damage_healed":0.0,"max_hp_gain":0.0,"max_hp_loss":0.0,"gold_gain":75.0,"event_name":"World of Goop","player_choice":"Gather Gold","floor":5.0,"gold_loss":0.0,"damage_taken":11.0}],"is_beta":false,"boss_relics":[],"items_purged_floors":[4,14],"is_endless":false,"potions_floor_spawned":[11,13],"killed_by":"Slime Boss","ascension_level":0}