{"gold_per_floor":[111,111,111,64,78,78,109,109,109,142,142,93,93,119,119,119],"floor_reached":16,"playtime":904,"items_purged":[],"score":209,"play_id":"176378a4-466a-4e7e-b049-c8e1c9d66e4f","local_time":"20190611183348","is_ascension_mode":true,"campfire_choices":[{"data":"Tactician","floor":6,"key":"SMITH"},{"data":"Tools of the Trade","floor":8,"key":"SMITH"},{"data":"Acrobatics","floor":15,"key":"SMITH"}],"neow_cost":"NONE","seed_source_timestamp":2112492926344659,"circlet_count":0,"master_deck":["AscendersBane","Defend_G","Defend_G","Defend_G","Defend_G","Defend_G","Strike_G","Strike_G","Strike_G","Strike_G","Strike_G","Survivor","Neutralize+1","Backflip","Tactician+1","Acrobatics+1","Sucker Punch","Tools of the Trade+1"],"relics":["Ring of the Snake","NeowsBlessing","Paper Crane","Singing Bowl","Ancient Tea Set","Pen Nib"],"potions_floor_usage":[10],"damage_taken":[{"damage":0,"enemies":"2 Louse","floor":1,"turns":1},{"damage":0,"enemies":"Small Slimes","floor":5,"turns":1},{"damage":0,"enemies":"3 Sentries","floor":7,"turns":1},{"damage":33,"enemies":"Lagavulin","floor":10,"turns":15},{"damage":10,"enemies":"3 Sentries","floor":14,"turns":11},{"damage":42,"enemies":"The Guardian","floor":16,"turns":8}],"seed_played":"2164983204229117106","potions_obtained":[{"floor":7,"key":"GhostInAJar"},{"floor":14,"key":"Regen Potion"}],"is_trial":false,"path_per_floor":["M","?","?","$","M","R","E","R","T","E","$","?","?","E","R","B"],"character_chosen":"THE_SILENT","items_purchased":["Acrobatics"],"campfire_rested":0,"item_purchase_floors":[4],"current_hp_per_floor":[63,63,63,63,63,63,63,63,63,32,32,32,37,29,29,0],"gold":119,"neow_bonus":"THREE_ENEMY_KILL","is_prod":false,"is_daily":false,"chose_seed":false,"campfire_upgraded":3,"win_rate":0,"timestamp":1560288828,"path_taken":["M","?","?","$","?","R","E","R","T","E","?","?","?","E","R","BOSS"],"build_version":"2019-01-23","purchased_purges":0,"victory":false,"max_hp_per_floor":[70,70,70,70,70,70,70,70,70,72,72,72,77,79,79,79],"card_choices":[{"not_picked":["Dodge and Roll","Blade Dance"],"picked":"Backflip","floor":1},{"not_picked":["Deflect","Blur"],"picked":"Sucker Punch","floor":5},{"not_picked":["Choke","Flechettes"],"picked":"Tools of the Trade","floor":7},{"not_picked":["Backstab","Cloak And Dagger","Quick Slash"],"picked":"Singing Bowl","floor":10},{"not_picked":["Slice","Quick Slash","Catalyst"],"picked":"Singing Bowl","floor":14}],"player_experience":990461,"relics_obtained":[{"floor":7,"key":"Paper Crane"},{"floor":9,"key":"Singing Bowl"},{"floor":10,"key":"Ancient Tea Set"},{"floor":14,"key":"Pen Nib"}],"event_choices":[{"damage_healed":0,"gold_gain":0,"player_choice":"Grow","damage_taken":0,"max_hp_gain":0,"max_hp_loss":0,"event_name":"Living Wall","floor":2,"gold_loss":0,"cards_upgraded":["Neutralize"]},{"damage_healed":0,"gold_gain":0,"player_choice":"1 cards matched","damage_taken":0,"max_hp_gain":0,"max_hp_loss":0,"event_name":"Match and Keep!","floor":3,"gold_loss":0,"cards_obtained":["Tactician"]},{"damage_healed":0,"gold_gain":0,"player_choice":"Left Gold","damage_taken":0,"max_hp_gain":0,"max_hp_loss":0,"event_name":"World of Goop","floor":12,"gold_loss":49},{"damage_healed":0,"gold_gain":0,"player_choice":"Donut","damage_taken":0,"max_hp_gain":5,"max_hp_loss":0,"event_name":"Big Fish","floor":13,"gold_loss":0}],"is_beta":false,"boss_relics":[],"items_purged_floors":[],"is_endless":false,"potions_floor_spawned":[7,14],"killed_by":"The Guardian","ascension_level":10}