{"gold_per_floor":[115,115,115,190,115,133,163,197,221,253,281,308,320,232,232,232],"floor_reached":16,"playtime":283,"items_purged":["Defend_R","Defend_R"],"score":100,"play_id":"b6492246-3754-4ddb-848a-28e30422b598","local_time":"20190424221609","is_ascension_mode":false,"campfire_choices":[{"floor":13,"key":"REST"},{"floor":15,"key":"REST"}],"neow_cost":"NONE","seed_source_timestamp":1200756453028554,"circlet_count":0,"master_deck":["Strike_R","Strike_R","Strike_R","Strike_R","Strike_R","Defend_R","Bash","Double Tap","Shrug It Off"],"relics":["Burning Blood","Bag of Marbles","MawBank"],"potions_floor_usage":[6,12],"damage_taken":[{"damage":11,"enemies":"Jaw Worm","floor":1,"turns":2},{"damage":0,"enemies":"2 Louse","floor":6,"turns":2},{"damage":34,"enemies":"Gremlin Nob","floor":8,"turns":5},{"damage":4,"enemies":"Small Slimes","floor":10,"turns":5},{"damage":12,"enemies":"Exordium Wildlife","floor":11,"turns":3},{"damage":20,"enemies":"Exordium Thugs","floor":12,"turns":4},{"damage":59,"enemies":"Hexaghost","floor":16,"turns":6}],"seed_played":"1546973450603798924","potions_obtained":[{"floor":6,"key":"Fruit Juice"},{"floor":11,"key":"EssenceOfSteel"}],"is_trial":false,"path_per_floor":["M","?","?","?","$","M","?","E","T","M","M","M","R","$","R","B"],"character_chosen":"IRONCLAD","items_purchased":[],"campfire_rested":2,"item_purchase_floors":[],"current_hp_per_floor":[75,80,80,69,69,80,80,52,52,54,48,34,61,61,88,29],"gold":232,"neow_bonus":"ONE_RANDOM_RARE_CARD","is_prod":false,"is_daily":false,"chose_seed":false,"campfire_upgraded":0,"win_rate":0,"timestamp":1556136969,"path_taken":["M","?","?","?","$","?","?","E","T","M","M","M","R","?","R","BOSS"],"build_version":"2019-01-23","purchased_purges":2,"victory":false,"max_hp_per_floor":[80,85,85,85,85,90,90,90,90,90,90,90,90,90,90,90],"card_choices":[{"not_picked":["Warcry","Armaments","Evolve"],"picked":"SKIP","floor":1},{"not_picked":["Flame Barrier","Flex","Clothesline"],"picked":"SKIP","floor":6},{"not_picked":["Body Slam","Disarm"],"picked":"Shrug It Off","floor":8},{"not_picked":["Infernal Blade","Twin Strike","Dual Wield"],"picked":"SKIP","floor":10},{"not_picked":["Armaments","Carnage","Feed"],"picked":"SKIP","floor":11},{"not_picked":["Searing Blow","Rage","Headbutt"],"picked":"SKIP","floor":12}],"player_experience":148634,"relics_obtained":[{"floor":8,"key":"Bag of Marbles"},{"floor":9,"key":"MawBank"}],"event_choices":[{"damage_healed":0,"gold_gain":0,"player_choice":"Donut","damage_taken":0,"max_hp_gain":5,"max_hp_loss":0,"event_name":"Big Fish","floor":2,"gold_loss":0},{"cards_removed":["Defend_R"],"damage_healed":0,"gold_gain":0,"player_choice":"Forget","damage_taken":0,"max_hp_gain":0,"max_hp_loss":0,"event_name":"Living Wall","floor":3,"gold_loss":0},{"damage_healed":0,"gold_gain":75,"player_choice":"Gather Gold","damage_taken":11,"max_hp_gain":0,"max_hp_loss":0,"event_name":"World of Goop","floor":4,"gold_loss":0},{"damage_healed":0,"gold_gain":30,"player_choice":"Searched \u00271\u0027 times","damage_taken":0,"max_hp_gain":0,"max_hp_loss":0,"event_name":"Dead Adventurer","floor":7,"gold_loss":0}],"is_beta":false,"boss_relics":[],"items_purged_floors":[5,14],"is_endless":false,"potions_floor_spawned":[6,11],"killed_by":"Hexaghost","ascension_level":0}