{"gold_per_floor":[117,117,134,134,147,147,190,190,190,140,159,180,211,265,265,265],"floor_reached":16,"playtime":808,"items_purged":["Strike_R"],"score":160,"play_id":"f1b0ce6b-c7d9-469e-9a46-4bb3220151e4","local_time":"20190424232344","is_ascension_mode":true,"campfire_choices":[{"data":"Uppercut","floor":6.0,"key":"SMITH"},{"floor":8.0,"key":"REST"},{"floor":15,"key":"REST"}],"neow_cost":"NONE","seed_source_timestamp":96883504412089,"circlet_count":0,"master_deck":["Strike_R","Strike_R","Strike_R","Strike_R","Defend_R","Defend_R","Defend_R","Defend_R","Bash","Corruption","Sword Boomerang","Uppercut+1","Iron Wave","Pummel","Shrug It Off","Flame Barrier"],"special_seed":0,"relics":["Burning Blood","Golden Idol","Dodecahedron","Smiling Mask","Bottled Tornado"],"potions_floor_usage":[16],"damage_taken":[{"damage":10.0,"enemies":"Small Slimes","floor":1.0,"turns":4.0},{"damage":9.0,"enemies":"2 Louse","floor":3.0,"turns":3.0},{"damage":12.0,"enemies":"Jaw Worm","floor":5.0,"turns":3.0},{"damage":55.0,"enemies":"Lagavulin","floor":7.0,"turns":8.0},{"damage":6.0,"enemies":"2 Fungi Beasts","floor":11.0,"turns":3.0},{"damage":3.0,"enemies":"Lots of Slimes","floor":12.0,"turns":7.0},{"damage":32,"enemies":"3 Sentries","floor":13,"turns":10},{"damage":38,"enemies":"Hexaghost","floor":16,"turns":9}],"seed_played":"-521527995488099440","potions_obtained":[{"floor":3.0,"key":"SkillPotion"},{"floor":7.0,"key":"Poison Potion"}],"is_trial":false,"path_per_floor":["M","?","M","?","M","R","E","R","T","$","M","M","E","?","R","B"],"character_chosen":"IRONCLAD","items_purchased":[],"campfire_rested":2,"item_purchase_floors":[],"current_hp_per_floor":[68,73,70,70,64,64,15,38,38,38,38,41,15,15,38,0],"gold":265,"neow_bonus":"THREE_CARDS","is_prod":false,"is_daily":false,"chose_seed":false,"campfire_upgraded":1,"win_rate":0,"timestamp":1556173424,"path_taken":["M","?","M","?","M","R","E","R","T","$","M","M","E","?","R","BOSS"],"build_version":"2019-01-23","purchased_purges":1,"victory":false,"max_hp_per_floor":[80,85,85,79,79,79,79,79,79,79,79,79,79,79,79,79],"card_choices":[{"not_picked":["Clothesline","Intimidate"],"picked":"Corruption","floor":0.0},{"not_picked":["Ghostly Armor","Infernal Blade"],"picked":"Sword Boomerang","floor":1.0},{"not_picked":["Wild Strike","Clothesline"],"picked":"Uppercut","floor":3.0},{"not_picked":["Rage","Flex"],"picked":"Iron Wave","floor":5.0},{"not_picked":["Clash","Intimidate"],"picked":"Pummel","floor":7.0},{"not_picked":["Havoc","Pummel"],"picked":"Shrug It Off","floor":11.0},{"not_picked":["Shrug It Off","Perfected Strike"],"picked":"Flame Barrier","floor":12.0},{"not_picked":["Bludgeon","Anger","Headbutt"],"picked":"SKIP","floor":13}],"player_experience":731063,"relics_obtained":[{"floor":7.0,"key":"Dodecahedron"},{"floor":9.0,"key":"Smiling Mask"},{"floor":13,"key":"Bottled Tornado"}],"event_choices":[{"damage_healed":0.0,"max_hp_gain":5.0,"max_hp_loss":0.0,"gold_gain":0.0,"event_name":"Big Fish","player_choice":"Donut","floor":2.0,"gold_loss":0.0,"damage_taken":0.0},{"damage_healed":0.0,"max_hp_gain":0.0,"max_hp_loss":6.0,"gold_gain":0.0,"event_name":"Golden Idol","player_choice":"Lose Max HP","floor":4.0,"gold_loss":0.0,"damage_taken":0.0,"relics_obtained":["Golden Idol"]},{"damage_healed":0,"gold_gain":54,"player_choice":"Gained Gold","damage_taken":0,"max_hp_gain":0,"max_hp_loss":0,"event_name":"Golden Wing","floor":14,"gold_loss":0}],"is_beta":false,"boss_relics":[],"items_purged_floors":[10],"is_endless":false,"potions_floor_spawned":[3,7],"killed_by":"Hexaghost","ascension_level":9}