{"gold_per_floor":[113,113,123,14,29,29,62,79,129,129,129,142,142,70,70,173,173,191,191,38,58,58,89,89,99,99,99],"floor_reached":27,"playtime":1346,"items_purged":["Parasite"],"score":313,"play_id":"ed7399f4-0e73-4197-826c-edd768209680","local_time":"20190604112625","is_ascension_mode":true,"campfire_choices":[{"floor":6,"key":"DIG"},{"floor":10,"key":"DIG"},{"floor":15,"key":"REST"},{"floor":24,"key":"REST"}],"neow_cost":"CURSE","seed_source_timestamp":1481610544191041,"circlet_count":0,"master_deck":["Zap","Dualcast","Gash","Leap","Defragment","Gash","Loop","Reinforced Body","Reinforced Body","Echo Form","Chaos","Lockon","Thunder Strike","Darkness","Barrage","Machine Learning","Reinforced Body","Darkness+1","Compile Driver"],"relics":["Cracked Core","Shovel","Singing Bowl","Potion Belt","Bronze Scales","Sundial","Pandora\u0027s Box","Toxic Egg 2","Oddly Smooth Stone","Meat on the Bone","Cables"],"potions_floor_usage":[7,13,18,23,27],"damage_taken":[{"damage":6,"enemies":"2 Louse","floor":1,"turns":3},{"damage":0,"enemies":"Cultist","floor":3,"turns":3},{"damage":5,"enemies":"Small Slimes","floor":5,"turns":3},{"damage":32,"enemies":"3 Sentries","floor":7,"turns":7},{"damage":9,"enemies":"Red Slaver","floor":8,"turns":3},{"damage":30,"enemies":"Gremlin Gang","floor":12,"turns":4},{"damage":0,"enemies":"Lagavulin","floor":13,"turns":5},{"damage":16,"enemies":"Hexaghost","floor":16,"turns":10},{"damage":2,"enemies":"3 Byrds","floor":18,"turns":1},{"damage":10,"enemies":"Chosen","floor":21,"turns":5},{"damage":31,"enemies":"Gremlin Leader","floor":23,"turns":8},{"damage":36,"enemies":"Centurion and Healer","floor":25,"turns":6},{"damage":30,"enemies":"Masked Bandits","floor":27,"turns":3}],"seed_played":"4546005333397275663","potions_obtained":[{"floor":1,"key":"FearPotion"},{"floor":2,"key":"SmokeBomb"},{"floor":2,"key":"Regen Potion"},{"floor":12,"key":"Fire Potion"},{"floor":16,"key":"PowerPotion"},{"floor":23,"key":"SneckoOil"}],"is_trial":false,"path_per_floor":["M","?","M","$","M","R","E","M","T","R","?","M","E","$","R","B",null,"M","T","$","M","?","E","R","M","T","?"],"character_chosen":"DEFECT","items_purchased":["Defragment","Reinforced Body","Oddly Smooth Stone"],"campfire_rested":2,"item_purchase_floors":[4,14,20],"current_hp_per_floor":[62,62,62,62,57,57,40,31,31,31,31,3,3,3,25,9,58,58,58,58,48,48,29,51,29,29,0],"gold":99,"neow_bonus":"ONE_RARE_RELIC","is_prod":false,"is_daily":false,"chose_seed":false,"campfire_upgraded":0,"win_rate":0,"timestamp":1559658385,"path_taken":["M","?","?","$","M","R","E","M","T","R","?","M","E","$","R","BOSS","M","?","$","?","?","E","R","M","T","?"],"build_version":"2019-01-23","purchased_purges":1,"victory":false,"max_hp_per_floor":[75,75,75,72,72,72,72,72,72,72,72,74,74,74,74,74,74,76,76,76,76,76,76,76,78,78,78],"card_choices":[{"not_picked":["Beam Cell","Rebound"],"picked":"Gash","floor":1},{"not_picked":["Turbo","Compile Driver"],"picked":"Leap","floor":3},{"not_picked":["Cold Snap","Hello World"],"picked":"Gash","floor":5},{"not_picked":["Sweeping Beam","Force Field"],"picked":"Loop","floor":7},{"not_picked":["Turbo","Barrage"],"picked":"Reinforced Body","floor":8},{"not_picked":["Cold Snap","Compile Driver","Rebound"],"picked":"Singing Bowl","floor":12},{"not_picked":["Thunder Strike","Core Surge"],"picked":"Echo Form","floor":16},{"not_picked":["BootSequence","Rebound","Steam"],"picked":"Singing Bowl","floor":18},{"not_picked":["Undo+1","Go for the Eyes"],"picked":"Darkness+1","floor":21},{"not_picked":["Steam+1","Streamline"],"picked":"Compile Driver","floor":23},{"not_picked":["Reprogram+1","Conserve Battery+1","Beam Cell"],"picked":"Singing Bowl","floor":25}],"player_experience":899173,"relics_obtained":[{"floor":6,"key":"Singing Bowl"},{"floor":7,"key":"Potion Belt"},{"floor":9,"key":"Bronze Scales"},{"floor":10,"key":"Sundial"},{"floor":19,"key":"Toxic Egg 2"},{"floor":23,"key":"Cables"}],"event_choices":[{"damage_healed":0,"gold_gain":0,"player_choice":"Got Potions","damage_taken":0,"max_hp_gain":0,"max_hp_loss":0,"event_name":"Lab","floor":2,"gold_loss":0},{"cards_removed":["Strike_B"],"damage_healed":0,"gold_gain":0,"player_choice":"Offered Basic","damage_taken":0,"max_hp_gain":0,"max_hp_loss":0,"event_name":"Bonfire Elementals","floor":11,"gold_loss":0},{"damage_healed":0,"gold_gain":0,"player_choice":"Opened","damage_taken":0,"relics_obtained":["Meat on the Bone"],"max_hp_gain":0,"max_hp_loss":0,"event_name":"The Mausoleum","floor":22,"gold_loss":0},{"damage_healed":0,"gold_gain":0,"player_choice":"Fought Bandits","damage_taken":0,"max_hp_gain":0,"max_hp_loss":0,"event_name":"Masked Bandits","floor":27,"gold_loss":0}],"is_beta":false,"boss_relics":[{"not_picked":["Runic Dome","Eternal Feather"],"picked":"Pandora\u0027s Box"}],"items_purged_floors":[4],"is_endless":false,"potions_floor_spawned":[1,12,16,23],"killed_by":"Masked Bandits","ascension_level":6}