{"gold_per_floor":[117,117,142,69,92,127,127,150,176,212,244,272,284,309,321,463,475,500,288,388,513,529,529,569,569,569,569],"floor_reached":27,"playtime":2931,"items_purged":["Strike_R"],"score":243,"play_id":"947dbe3e-25a4-4f61-b5d0-6254328b27e4","local_time":"20180828134933","is_ascension_mode":false,"campfire_choices":[{"data":"Searing Blow+1","floor":7.0,"key":"SMITH"},{"data":"Searing Blow+2","floor":13.0,"key":"SMITH"},{"data":"Searing Blow+3","floor":15.0,"key":"SMITH"},{"floor":23,"key":"REST"},{"data":"Searing Blow+4","floor":25,"key":"SMITH"}],"neow_cost":"NONE","seed_source_timestamp":0,"circlet_count":0,"master_deck":["Strike_R","Strike_R","Strike_R","Strike_R+1","Defend_R","Defend_R","Defend_R","Defend_R","Bash","Double Tap","Entrench","Armaments","Searing Blow+5","Headbutt","Power Through","Power Through","Offering","Flex","Iron Wave","Brutality","Body Slam","Metallicize","Rupture","Shrug It Off","Battle Trance","Armaments"],"special_seed":0,"relics":["Burning Blood","Golden Idol","Whetstone","Bronze Scales","MawBank","Orrery","Pen Nib","Ice Cream","The Courier","Ornamental Fan","Paper Frog"],"potions_floor_usage":[24],"damage_taken":[{"damage":6.0,"enemies":"2 Louse","floor":1.0,"turns":3.0},{"damage":6.0,"enemies":"Jaw Worm","floor":3.0,"turns":3.0},{"damage":5.0,"enemies":"Cultist","floor":5.0,"turns":6.0},{"damage":34.0,"enemies":"Gremlin Nob","floor":6.0,"turns":5.0},{"damage":0.0,"enemies":"Exordium Wildlife","floor":8.0,"turns":3.0},{"damage":13.0,"enemies":"Lagavulin","floor":10.0,"turns":6.0},{"damage":6.0,"enemies":"Large Slime","floor":11.0,"turns":5.0},{"damage":10.0,"enemies":"Looter","floor":12.0,"turns":3.0},{"damage":2.0,"enemies":"Blue Slaver","floor":14.0,"turns":4.0},{"damage":17.0,"enemies":"Hexaghost","floor":16.0,"turns":10.0},{"damage":6.0,"enemies":"3 Byrds","floor":18.0,"turns":2.0},{"damage":26.0,"enemies":"Colosseum Slavers","floor":21.0,"turns":7.0},{"damage":47.0,"enemies":"Colosseum Nobs","floor":21.0,"turns":5.0},{"damage":5.0,"enemies":"2 Thieves","floor":22.0,"turns":4.0},{"damage":30,"enemies":"Book of Stabbing","floor":24,"turns":7},{"damage":21,"enemies":"Cultist and Chosen","floor":27,"turns":6}],"seed_played":"3950386174893231082","potions_obtained":[{"floor":3.0,"key":"Explosive Potion"},{"floor":6.0,"key":"SpeedPotion"},{"floor":10.0,"key":"Strength Potion"},{"floor":12.0,"key":"SpeedPotion"},{"floor":14.0,"key":"SkillPotion"},{"floor":24,"key":"Strength Potion"}],"is_trial":false,"path_per_floor":["M","?","M","$","M","E","R","M","T","E","M","M","R","M","R","B",null,"M","$","?","?","M","R","E","R","T"],"character_chosen":"IRONCLAD","items_purchased":["Searing Blow","Pen Nib"],"campfire_rested":1,"item_purchase_floors":[4,19],"current_hp_per_floor":[80,60,60,60,61,33,33,39,39,32,32,28,28,32,32,21,80,80,80,80,19,20,44,20,20,20,0],"gold":569,"neow_bonus":"ONE_RANDOM_RARE_CARD","is_prod":false,"is_daily":false,"chose_seed":false,"campfire_upgraded":4,"win_rate":0.0,"timestamp":1535489373,"path_taken":["M","?","M","$","M","E","R","M","T","E","M","M","R","M","R","BOSS","M","$","?","?","M","R","E","R","T","M"],"build_version":"2018-08-23v2","purchased_purges":1,"victory":false,"max_hp_per_floor":[80,80,80,80,80,80,80,80,80,80,80,80,80,80,80,80,80,80,80,80,80,80,80,80,80,80,80],"card_choices":[{"not_picked":["Wild Strike","Shrug It Off"],"picked":"Entrench","floor":1.0},{"not_picked":["Havoc","Fire Breathing"],"picked":"Armaments","floor":3.0},{"not_picked":["Whirlwind","Havoc"],"picked":"Headbutt","floor":5.0},{"not_picked":["Juggernaut","Clothesline"],"picked":"Power Through","floor":6.0},{"not_picked":["Havoc","Dual Wield"],"picked":"Power Through","floor":8.0},{"not_picked":["Heavy Blade","Warcry"],"picked":"Offering","floor":10.0},{"not_picked":["Hemokinesis","Whirlwind"],"picked":"Flex","floor":11.0},{"not_picked":["Headbutt","Rupture","Heavy Blade"],"picked":"SKIP","floor":12.0},{"not_picked":["Twin Strike","Uppercut"],"picked":"Iron Wave","floor":14.0},{"not_picked":["Exhume","Fiend Fire"],"picked":"Brutality","floor":16.0},{"not_picked":["Headbutt","True Grit"],"picked":"Body Slam","floor":17.0},{"not_picked":["Headbutt","Clothesline"],"picked":"Metallicize","floor":17.0},{"not_picked":["Uppercut","Feel No Pain"],"picked":"Rupture","floor":17.0},{"not_picked":["Headbutt","Hemokinesis"],"picked":"Shrug It Off","floor":18.0},{"not_picked":["Inflame","Havoc+1"],"picked":"Battle Trance","floor":21.0},{"not_picked":["Entrench","Twin Strike"],"picked":"Armaments","floor":22.0},{"not_picked":["Bludgeon","Shrug It Off","Sever Soul"],"picked":"SKIP","floor":24}],"player_experience":358595,"relics_obtained":[{"floor":6.0,"key":"Whetstone"},{"floor":9.0,"key":"Bronze Scales"},{"floor":10.0,"key":"MawBank"},{"floor":21.0,"key":"Ice Cream"},{"floor":21.0,"key":"The Courier"},{"floor":24,"key":"Ornamental Fan"},{"floor":26,"key":"Paper Frog"}],"event_choices":[{"event_name":"Golden Idol","player_choice":"Take Damage","floor":2.0,"damage_taken":0.0},{"event_name":"Golden Shrine","player_choice":"Pray","floor":20.0,"damage_taken":0.0},{"event_name":"Colosseum","player_choice":"Fight","floor":21.0,"damage_taken":0.0},{"event_name":"Colosseum","player_choice":"Fought Nobs","floor":21.0,"damage_taken":0.0}],"is_beta":false,"boss_relics":[{"not_picked":["Cursed Key","Calling Bell"],"picked":"Orrery"}],"items_purged_floors":[19],"is_endless":false,"potions_floor_spawned":[3,6,10,12,14,24],"killed_by":"Cultist and Chosen","ascension_level":0}