{"gold_per_floor":[17,17,292,312,6,37,37,37,37,48,48,11,23,54,54,153,153,163,177,195,195,213,213,241,241,241,261,286,299,299,299,299,299],"floor_reached":33,"playtime":3775,"items_purged":["Regret"],"score":560,"play_id":"5199a1ee-e007-450d-b1c5-50da416a5983","local_time":"20190618114307","is_ascension_mode":true,"campfire_choices":[{"floor":7,"key":"REST"},{"floor":11,"key":"REST"},{"data":"Cloak And Dagger","floor":15,"key":"SMITH"},{"floor":23,"key":"REST"},{"floor":25,"key":"REST"},{"floor":30,"key":"REST"},{"floor":32,"key":"REST"}],"neow_cost":"NO_GOLD","seed_source_timestamp":71506633672932,"circlet_count":0,"master_deck":["AscendersBane","Survivor","Neutralize","Expertise","Setup","Deadly Poison","Flying Knee","Burst","Flash of Steel","Slice","Endless Agony","Cloak And Dagger+1","Footwork","Night Terror","Glass Knife","Blade Dance","Accuracy","Phantasmal Killer","Wraith Form v2","Slice","Venomology","Accuracy+1","Dash","Cloak And Dagger+1","Backflip","Noxious Fumes+1","Bite","Bite","Bite","Bite","Bite"],"relics":["Ring of the Snake","Membership Card","PreservedInsect","Shuriken","Bag of Marbles","Ancient Tea Set","Pandora\u0027s Box","MutagenicStrength","Paper Crane","The Courier","Snake Skull"],"potions_floor_usage":[16,19,20,22,24,28,28,28,29,33,33],"damage_taken":[{"damage":1,"enemies":"Small Slimes","floor":1,"turns":6},{"damage":5,"enemies":"Cultist","floor":4,"turns":5},{"damage":32,"enemies":"3 Sentries","floor":6,"turns":9},{"damage":3,"enemies":"2 Louse","floor":10,"turns":5},{"damage":3,"enemies":"Blue Slaver","floor":13,"turns":3},{"damage":0,"enemies":"Gremlin Nob","floor":14,"turns":3},{"damage":14,"enemies":"Hexaghost","floor":16,"turns":10},{"damage":20,"enemies":"Shell Parasite","floor":18,"turns":4},{"damage":6,"enemies":"2 Thieves","floor":19,"turns":3},{"damage":12,"enemies":"Snake Plant","floor":20,"turns":6},{"damage":1,"enemies":"Centurion and Healer","floor":22,"turns":3},{"damage":30,"enemies":"Gremlin Leader","floor":24,"turns":4},{"damage":21,"enemies":"Shelled Parasite and Fungi","floor":27,"turns":3},{"damage":0,"enemies":"Slavers","floor":28,"turns":2},{"damage":8,"enemies":"Cultist and Chosen","floor":29,"turns":5},{"damage":82,"enemies":"Automaton","floor":33,"turns":6}],"seed_played":"-302730698051286525","potions_obtained":[{"floor":1,"key":"GhostInAJar"},{"floor":6,"key":"Explosive Potion"},{"floor":20,"key":"SkillPotion"},{"floor":24,"key":"GamblersBrew"}],"is_trial":false,"path_per_floor":["M","?","?","M","$","E","R","?","T","M","R","$","M","E","R","B",null,"M","M","M","?","M","R","E","R","T","M","E","M","R","?","R","B"],"character_chosen":"THE_SILENT","items_purchased":["Membership Card","PreservedInsect","Endless Agony"],"campfire_rested":6,"item_purchase_floors":[5,5,12],"current_hp_per_floor":[62,55,55,50,50,18,39,39,39,36,57,57,54,54,54,40,63,43,37,25,25,24,45,15,36,36,15,15,7,28,28,42,0],"gold":299,"neow_bonus":"TRANSFORM_TWO_CARDS","is_prod":false,"is_daily":false,"chose_seed":false,"campfire_upgraded":1,"win_rate":0,"timestamp":1560868987,"path_taken":["M","?","?","?","$","E","R","?","T","?","R","$","M","E","R","BOSS","M","M","M","?","M","R","E","R","T","M","E","M","R","?","R","BOSS"],"build_version":"2019-01-23","purchased_purges":1,"victory":false,"max_hp_per_floor":[70,70,70,70,70,70,70,70,70,70,70,70,70,70,70,70,70,70,70,70,70,70,70,70,70,70,70,70,70,70,49,49,49],"card_choices":[{"not_picked":["Predator","Prepared"],"picked":"Deadly Poison","floor":1},{"not_picked":["Setup","Quick Slash"],"picked":"Flying Knee","floor":4},{"not_picked":["Well Laid Plans","Reflex","Bouncing Flask"],"picked":"SKIP","floor":6},{"not_picked":["Quick Slash","Backstab"],"picked":"Slice","floor":10},{"not_picked":["Quick Slash","Outmaneuver"],"picked":"Cloak And Dagger","floor":13},{"not_picked":["Deadly Poison","Deflect"],"picked":"Footwork","floor":14},{"not_picked":["Doppelganger","Glass Knife"],"picked":"Night Terror","floor":16},{"not_picked":["Dodge and Roll","Sucker Punch"],"picked":"Accuracy+1","floor":18},{"not_picked":["Prepared","Cloak And Dagger","Dagger Throw"],"picked":"SKIP","floor":19},{"not_picked":["All Out Attack","Sucker Punch+1","Doppelganger"],"picked":"SKIP","floor":20},{"not_picked":["Eviscerate","Quick Slash"],"picked":"Dash","floor":22},{"not_picked":["Blur","Prepared"],"picked":"Cloak And Dagger+1","floor":24},{"not_picked":["Concentrate","Calculated Gamble","Poisoned Stab"],"picked":"SKIP","floor":27},{"not_picked":["PiercingWail","Masterful Stab+1"],"picked":"Backflip","floor":28},{"not_picked":["Acrobatics+1","Backflip"],"picked":"Noxious Fumes+1","floor":29}],"player_experience":1083776,"relics_obtained":[{"floor":6,"key":"Shuriken"},{"floor":9,"key":"Bag of Marbles"},{"floor":14,"key":"Ancient Tea Set"},{"floor":24,"key":"Paper Crane"},{"floor":26,"key":"The Courier"},{"floor":28,"key":"Snake Skull"}],"event_choices":[{"cards_removed":["Defend_G"],"damage_healed":0,"gold_gain":0,"player_choice":"Card Removal","damage_taken":7,"max_hp_gain":0,"max_hp_loss":0,"event_name":"Golden Wing","floor":2,"gold_loss":0},{"damage_healed":0,"gold_gain":275,"player_choice":"Desecrate","damage_taken":0,"max_hp_gain":0,"max_hp_loss":0,"event_name":"Golden Shrine","floor":3,"gold_loss":0,"cards_obtained":["Regret"]},{"damage_healed":0,"gold_gain":0,"player_choice":"2 cards matched","damage_taken":0,"max_hp_gain":0,"max_hp_loss":0,"event_name":"Match and Keep!","floor":8,"gold_loss":0,"cards_obtained":["Burst","Flash of Steel"]},{"damage_healed":0,"gold_gain":0,"player_choice":"Inject Mutagens","damage_taken":0,"relics_obtained":["MutagenicStrength"],"max_hp_gain":0,"max_hp_loss":0,"event_name":"Drug Dealer","floor":21,"gold_loss":0},{"damage_healed":0,"gold_gain":0,"player_choice":"Became a vampire","damage_taken":0,"max_hp_gain":0,"max_hp_loss":21,"event_name":"Vampires","floor":31,"gold_loss":0,"cards_obtained":["Bite","Bite","Bite","Bite","Bite"]}],"is_beta":false,"boss_relics":[{"not_picked":["Empty Cage","Cursed Key"],"picked":"Pandora\u0027s Box"}],"items_purged_floors":[5],"is_endless":false,"potions_floor_spawned":[1,6,10,20,24,29],"killed_by":"Automaton","ascension_level":11}