{"gold_per_floor":[109,126,76,91,91,124,124,137,137,137,147,147,97,172,172,267,267,282,26,36,36,55,55,80,91,91,108,121,121,136,136,136,240,240,257,274,274,374,387,337,337,81,150,150,163,163,163,175,175,175,175,175,22,55,55],"floor_reached":55,"playtime":2678,"items_purged":["Defend_B","Strike_B","Strike_B","Defend_B+1"],"score":689,"play_id":"edd7df96-137e-4c24-afcf-41f721c9cc85","local_time":"20190424103412","is_ascension_mode":false,"campfire_choices":[{"data":"White Noise","floor":7.0,"key":"SMITH"},{"floor":12.0,"key":"REST"},{"data":"Zap","floor":15.0,"key":"SMITH"},{"floor":23.0,"key":"REST"},{"floor":29.0,"key":"REST"},{"data":"Beam Cell","floor":32.0,"key":"SMITH"},{"floor":41,"key":"RECALL"},{"data":"Dualcast","floor":47,"key":"SMITH"},{"data":"Chill","floor":49,"key":"SMITH"},{"data":"Deep Breath","floor":52,"key":"SMITH"}],"neow_cost":"NONE","seed_source_timestamp":0,"circlet_count":0,"master_deck":["Strike_B+1","Strike_B+1","Defend_B+1","Defend_B+1","Zap+1","Dualcast+1","Leap","Gash","Beam Cell+1","White Noise+1","Rip and Tear","Chill+1","Leap","Sweeping Beam+1","Go for the Eyes","Reboot","Static Discharge+1","Deep Breath+1","Static Discharge+1","Gash","Coolheaded+1","Loop+1"],"special_seed":0,"relics":["Cracked Core","Smiling Mask","Singing Bowl","Ornamental Fan","Nuclear Battery","Sling","Mercury Hourglass","Pantograph","Inserter","Thread and Needle","Shuriken","Bronze Scales","DataDisk"],"potions_floor_usage":[50,55],"damage_taken":[{"damage":2.0,"enemies":"2 Louse","floor":1.0,"turns":2.0},{"damage":0.0,"enemies":"Small Slimes","floor":2.0,"turns":3.0},{"damage":6.0,"enemies":"Jaw Worm","floor":4.0,"turns":3.0},{"damage":20.0,"enemies":"Gremlin Nob","floor":6.0,"turns":4.0},{"damage":3.0,"enemies":"Red Slaver","floor":8.0,"turns":3.0},{"damage":0.0,"enemies":"2 Fungi Beasts","floor":11.0,"turns":3.0},{"damage":0.0,"enemies":"Slime Boss","floor":16.0,"turns":6.0},{"damage":15.0,"enemies":"2 Thieves","floor":18.0,"turns":3.0},{"damage":3.0,"enemies":"3 Byrds","floor":20.0,"turns":5.0},{"damage":13.0,"enemies":"Shelled Parasite and Fungi","floor":22.0,"turns":5.0},{"damage":35.0,"enemies":"Gremlin Leader","floor":24.0,"turns":7.0},{"damage":6.0,"enemies":"Centurion and Healer","floor":25.0,"turns":5.0},{"damage":3.0,"enemies":"Snecko","floor":27.0,"turns":5.0},{"damage":25.0,"enemies":"Sentry and Sphere","floor":28.0,"turns":4.0},{"damage":0.0,"enemies":"Chosen and Byrds","floor":30.0,"turns":4.0},{"damage":41.0,"enemies":"Champ","floor":33.0,"turns":9.0},{"damage":27,"enemies":"3 Darklings","floor":35,"turns":4},{"damage":0,"enemies":"3 Shapes","floor":36,"turns":3},{"damage":17,"enemies":"Mind Bloom Boss Battle","floor":38,"turns":7},{"damage":14,"enemies":"Transient","floor":39,"turns":5},{"damage":0,"enemies":"4 Shapes","floor":45,"turns":3},{"damage":15,"enemies":"Maw","floor":48,"turns":5},{"damage":45,"enemies":"Awakened One","floor":50,"turns":9},{"damage":18,"enemies":"Shield and Spear","floor":54,"turns":4},{"damage":110,"enemies":"The Heart","floor":55,"turns":5}],"seed_played":"6629471511694833766","potions_obtained":[{"floor":1.0,"key":"PowerPotion"},{"floor":4.0,"key":"GamblersBrew"},{"floor":8.0,"key":"FearPotion"},{"floor":16.0,"key":"FocusPotion"},{"floor":18.0,"key":"SteroidPotion"},{"floor":20.0,"key":"FocusPotion"},{"floor":24.0,"key":"FearPotion"},{"floor":25.0,"key":"Swift Potion"},{"floor":28.0,"key":"SteroidPotion"},{"floor":35,"key":"Fire Potion"},{"floor":38,"key":"LiquidBronze"}],"is_trial":false,"path_per_floor":["M","M","$","M","?","E","R","M","T","?","M","R","$","?","R","B",null,"M","$","M","$","M","R","E","M","T","M","M","R","M","?","R","B",null,"M","M","?","?","M","$","R","$","T","?","M","?","R","M","R","B",null,"R","$","E","B"],"character_chosen":"DEFECT","items_purchased":["Sling","Shuriken","Bronze Scales"],"campfire_rested":3,"item_purchase_floors":[19,42,53],"current_hp_per_floor":[73,73,73,67,72,52,52,49,49,33,33,57,57,46,46,48,82,67,67,66,66,55,80,47,41,41,38,13,39,41,41,41,25,90,65,65,65,75,61,61,61,61,61,61,61,61,61,46,46,26,89,89,89,71,0],"gold":55,"neow_bonus":"RANDOM_COMMON_RELIC","is_prod":false,"is_daily":false,"chose_seed":false,"campfire_upgraded":6,"win_rate":0,"timestamp":1556112852,"path_taken":["M","M","$","M","?","E","R","M","T","?","M","R","$","?","R","BOSS","M","$","M","$","M","R","E","M","T","M","M","R","M","?","R","BOSS","M","M","?","?","M","$","R","$","T","?","M","?","R","M","R","BOSS","R","$","E","BOSS"],"build_version":"2019-01-23","purchased_purges":4,"victory":false,"max_hp_per_floor":[75,75,75,75,80,80,80,80,80,80,80,80,80,80,80,82,82,82,82,84,84,86,86,88,88,88,88,88,88,90,90,90,90,90,92,92,92,94,94,94,94,94,94,94,94,89,89,89,89,89,89,89,89,89,89],"card_choices":[{"not_picked":["Heatsinks","Genetic Algorithm"],"picked":"Leap","floor":1.0},{"not_picked":["Tempest","Static Discharge"],"picked":"Gash","floor":2.0},{"not_picked":["FTL","Fusion"],"picked":"Beam Cell","floor":4.0},{"not_picked":["Self Repair","Go for the Eyes"],"picked":"White Noise","floor":6.0},{"not_picked":["Rebound","Steam"],"picked":"Rip and Tear","floor":8.0},{"not_picked":["Capacitor","Rebound"],"picked":"Chill","floor":11.0},{"not_picked":["Creative AI","Meteor Strike","Seek"],"picked":"Singing Bowl","floor":16.0},{"not_picked":["Undo","Reprogram"],"picked":"Rip and Tear","floor":18.0},{"not_picked":["Streamline","Hologram","Lockon"],"picked":"Singing Bowl","floor":20.0},{"not_picked":["Cold Snap","Redo","Heatsinks"],"picked":"Singing Bowl","floor":22.0},{"not_picked":["Fusion","Consume","Chill+1"],"picked":"Singing Bowl","floor":24.0},{"not_picked":["Reprogram","Hologram"],"picked":"Leap","floor":25.0},{"not_picked":["Stack","Coolheaded+1"],"picked":"Sweeping Beam+1","floor":27.0},{"not_picked":["Sweeping Beam","Blizzard"],"picked":"Go for the Eyes","floor":28.0},{"not_picked":["Capacitor","Go for the Eyes+1","Sweeping Beam"],"picked":"Singing Bowl","floor":30.0},{"not_picked":["Fission","Seek"],"picked":"Reboot","floor":33.0},{"not_picked":["Redo","Undo+1","Genetic Algorithm"],"picked":"Singing Bowl","floor":35},{"not_picked":["Beam Cell","Rebound+1"],"picked":"Static Discharge+1","floor":36},{"not_picked":["Panacea","Purity"],"picked":"Deep Breath","floor":37},{"not_picked":["Rebound+1","Turbo","Hello World"],"picked":"Singing Bowl","floor":38},{"not_picked":["Redo","Sweeping Beam"],"picked":"Static Discharge+1","floor":39},{"not_picked":["Fission","Conserve Battery"],"picked":"Gash","floor":45},{"not_picked":["Beam Cell","Cold Snap"],"picked":"Coolheaded+1","floor":48},{"not_picked":["Storm","Rebound+1"],"picked":"Loop+1","floor":54}],"player_experience":640150,"relics_obtained":[{"floor":6.0,"key":"Singing Bowl"},{"floor":9.0,"key":"Ornamental Fan"},{"floor":24.0,"key":"Mercury Hourglass"},{"floor":26.0,"key":"Pantograph"},{"floor":38,"key":"Thread and Needle"},{"floor":54,"key":"DataDisk"}],"event_choices":[{"damage_healed":0.0,"max_hp_gain":5.0,"max_hp_loss":0.0,"gold_gain":0.0,"event_name":"Big Fish","player_choice":"Donut","floor":5.0,"gold_loss":0.0,"damage_taken":0.0},{"damage_healed":0.0,"max_hp_gain":0.0,"max_hp_loss":0.0,"gold_gain":0.0,"event_name":"Shining Light","player_choice":"Entered Light","floor":10.0,"gold_loss":0.0,"damage_taken":16.0,"cards_upgraded":["Strike_B","Strike_B"]},{"damage_healed":0.0,"max_hp_gain":0.0,"max_hp_loss":0.0,"gold_gain":75.0,"event_name":"World of Goop","player_choice":"Gather Gold","floor":14.0,"gold_loss":0.0,"damage_taken":11.0},{"damage_healed":0.0,"max_hp_gain":0.0,"max_hp_loss":0.0,"gold_gain":0.0,"event_name":"Back to Basics","player_choice":"Simplicity","floor":31.0,"gold_loss":0.0,"damage_taken":0.0,"cards_upgraded":["Defend_B","Defend_B","Defend_B"]},{"damage_healed":0,"gold_gain":0,"player_choice":"Memory 1","damage_taken":0,"max_hp_gain":0,"max_hp_loss":0,"event_name":"SensoryStone","floor":37,"gold_loss":0},{"damage_healed":0,"gold_gain":0,"player_choice":"Fight","damage_taken":0,"max_hp_gain":0,"max_hp_loss":0,"event_name":"MindBloom","floor":38,"gold_loss":0},{"cards_removed":["Rip and Tear"],"damage_healed":0,"gold_gain":0,"player_choice":"Removed Attack","damage_taken":0,"max_hp_gain":0,"max_hp_loss":0,"event_name":"Falling","floor":44,"gold_loss":0},{"damage_healed":0,"gold_gain":0,"player_choice":"Max HP","damage_taken":0,"max_hp_gain":0,"max_hp_loss":5,"event_name":"Winding Halls","floor":46,"gold_loss":0}],"is_beta":false,"boss_relics":[{"not_picked":["Fusion Hammer","Lizard Tail"],"picked":"Nuclear Battery"},{"not_picked":["Coffee Dripper","Philosopher\u0027s Stone"],"picked":"Inserter"}],"items_purged_floors":[3,13,19,40],"is_endless":false,"potions_floor_spawned":[1,4,8,16,18,20,24,25,28,35,38,45,48],"killed_by":"The Heart","ascension_level":0}