{"gold_per_floor":[113,113,129,149,149,149,149,149,202,202,92,104,123,141,141,246,246,261,176,176,76,76,76,87,87,114,124,143,160,160,180,180,180],"floor_reached":33,"playtime":1248,"items_purged":["Defend_R","Strike_R"],"score":239,"play_id":"d82b1cef-ccad-49d8-a265-29f42f4b7d2c","local_time":"20190430193718","is_ascension_mode":false,"campfire_choices":[{"data":"Bash","floor":6.0,"key":"SMITH"},{"data":"Defend_R","floor":10.0,"key":"SMITH"},{"data":"Dropkick","floor":15.0,"key":"SMITH"},{"floor":23.0,"key":"REST"},{"floor":25.0,"key":"REST"},{"floor":30,"key":"REST"},{"floor":32,"key":"REST"}],"neow_cost":"NONE","seed_source_timestamp":1708594975849149,"circlet_count":0,"master_deck":["Strike_R","Strike_R","Strike_R","Defend_R+1","Bash+1","Dropkick+1","Shrug It Off"],"special_seed":0,"relics":["Burning Blood","NeowsBlessing","Paper Frog","Centennial Puzzle","Pen Nib","Empty Cage","Blood Vial","Smiling Mask"],"potions_floor_usage":[29,33,33],"damage_taken":[{"damage":0.0,"enemies":"Small Slimes","floor":1.0,"turns":1.0},{"damage":0.0,"enemies":"Cultist","floor":3.0,"turns":1.0},{"damage":0.0,"enemies":"2 Louse","floor":4.0,"turns":1.0},{"damage":4.0,"enemies":"Blue Slaver","floor":12.0,"turns":2.0},{"damage":3.0,"enemies":"3 Louse","floor":13.0,"turns":4.0},{"damage":1.0,"enemies":"Exordium Wildlife","floor":14.0,"turns":3.0},{"damage":65.0,"enemies":"Hexaghost","floor":16.0,"turns":10.0},{"damage":4.0,"enemies":"Chosen","floor":18.0,"turns":4.0},{"damage":33.0,"enemies":"Colosseum Slavers","floor":20.0,"turns":5.0},{"damage":38.0,"enemies":"Spheric Guardian","floor":24.0,"turns":7.0},{"damage":36.0,"enemies":"Centurion and Healer","floor":27.0,"turns":4.0},{"damage":33.0,"enemies":"Shelled Parasite and Fungi","floor":28.0,"turns":6.0},{"damage":15,"enemies":"Snecko","floor":29,"turns":3},{"damage":24,"enemies":"Cultist and Chosen","floor":31,"turns":6},{"damage":79,"enemies":"Collector","floor":33,"turns":5}],"seed_played":"5269898515976296659","potions_obtained":[{"floor":3.0,"key":"Weak Potion"},{"floor":12.0,"key":"EssenceOfSteel"},{"floor":16.0,"key":"AttackPotion"},{"floor":18.0,"key":"Ancient Potion"},{"floor":24.0,"key":"PowerPotion"},{"floor":31,"key":"LiquidBronze"}],"is_trial":false,"path_per_floor":["M","?","M","M","?","R","?","T","T","R","$","M","M","M","R","B",null,"M","?","?","$","?","R","M","R","T","M","M","M","R","M","R","B"],"character_chosen":"IRONCLAD","items_purchased":["Dropkick"],"campfire_rested":4,"item_purchase_floors":[11],"current_hp_per_floor":[80,80,80,80,73,73,78,78,78,78,78,80,83,85,85,26,85,85,85,58,58,58,83,53,78,78,50,25,18,43,27,52,0],"gold":180,"neow_bonus":"THREE_ENEMY_KILL","is_prod":false,"is_daily":false,"chose_seed":false,"campfire_upgraded":3,"win_rate":0,"timestamp":1556645838,"path_taken":["M","?","?","M","?","R","?","?","T","R","?","M","M","?","R","BOSS","M","?","?","$","?","R","M","R","T","M","?","M","R","M","R","BOSS"],"build_version":"2019-01-23","purchased_purges":2,"victory":false,"max_hp_per_floor":[80,80,80,80,80,80,85,85,85,85,85,85,85,85,85,85,85,85,85,85,85,85,85,85,85,85,85,85,85,85,85,85,85],"card_choices":[{"not_picked":["Flex","Burning Pact","Anger"],"picked":"SKIP","floor":1.0},{"not_picked":["Warcry","Heavy Blade","Fire Breathing"],"picked":"SKIP","floor":3.0},{"not_picked":["Pommel Strike","Warcry","Iron Wave"],"picked":"SKIP","floor":4.0},{"not_picked":["Power Through","Headbutt","Twin Strike"],"picked":"SKIP","floor":12.0},{"not_picked":["Heavy Blade","Feed"],"picked":"Shrug It Off","floor":13.0},{"not_picked":["Wild Strike","Twin Strike","Power Through"],"picked":"SKIP","floor":14.0},{"not_picked":["Reckless Charge+1","Headbutt+1","Disarm+1"],"picked":"SKIP","floor":18.0},{"not_picked":["Twin Strike","Headbutt+1","Rampage"],"picked":"SKIP","floor":24.0},{"not_picked":["Uppercut","Bloodletting","Brutality"],"picked":"SKIP","floor":27.0},{"not_picked":["Headbutt","Thunderclap+1","Perfected Strike"],"picked":"SKIP","floor":28.0},{"not_picked":["Sword Boomerang","Corruption","Heavy Blade+1"],"picked":"SKIP","floor":29},{"not_picked":["Warcry","Iron Wave","Cleave"],"picked":"SKIP","floor":31}],"player_experience":154574,"relics_obtained":[{"floor":2.0,"key":"Paper Frog"},{"floor":8.0,"key":"Centennial Puzzle"},{"floor":9.0,"key":"Pen Nib"},{"floor":26.0,"key":"Smiling Mask"}],"event_choices":[{"damage_healed":0.0,"max_hp_gain":0.0,"max_hp_loss":0.0,"gold_gain":0.0,"event_name":"Wheel of Change","player_choice":"Relic","floor":2.0,"gold_loss":0.0,"damage_taken":0.0},{"cards_removed":["Defend_R"],"damage_healed":0.0,"max_hp_gain":0.0,"max_hp_loss":0.0,"gold_gain":0.0,"event_name":"Golden Wing","player_choice":"Card Removal","floor":5.0,"gold_loss":0.0,"damage_taken":7.0},{"damage_healed":0.0,"max_hp_gain":5.0,"max_hp_loss":0.0,"gold_gain":0.0,"event_name":"Big Fish","player_choice":"Donut","floor":7.0,"gold_loss":0.0,"damage_taken":0.0},{"damage_healed":0.0,"max_hp_gain":0.0,"max_hp_loss":0.0,"gold_gain":0.0,"event_name":"Addict","player_choice":"Obtained Relic","floor":19.0,"gold_loss":85.0,"damage_taken":0.0,"relics_obtained":["Blood Vial"]},{"damage_healed":0.0,"max_hp_gain":0.0,"max_hp_loss":0.0,"gold_gain":0.0,"event_name":"Colosseum","player_choice":"Fight","floor":20.0,"gold_loss":0.0,"damage_taken":0.0},{"damage_healed":0.0,"max_hp_gain":0.0,"max_hp_loss":0.0,"gold_gain":0.0,"event_name":"Colosseum","player_choice":"Fled From Nobs","floor":20.0,"gold_loss":0.0,"damage_taken":0.0},{"damage_healed":0.0,"max_hp_gain":0.0,"max_hp_loss":0.0,"gold_gain":0.0,"event_name":"Ghosts","player_choice":"Ignored","floor":22.0,"gold_loss":0.0,"damage_taken":0.0}],"is_beta":false,"boss_relics":[{"not_picked":["White Beast Statue","Runic Pyramid"],"picked":"Empty Cage"}],"items_purged_floors":[11,21],"is_endless":false,"potions_floor_spawned":[3,12,16,18,24,31],"killed_by":"Collector","ascension_level":0}