{"path_per_floor":["M","?","M","$","M","R","?","R","T","T","$","E","R","E","R","B",null,"M","?","?","M","?","R","$","R","T","M","M","M","M","M","R","B",null,"M","?","M","M","$","R","$","R","T"],"character_chosen":"IRONCLAD","items_purchased":["Shrug It Off","Inflame","Trip","Inflame","Vajra"],"gold_per_floor":[113,288,301,37,49,49,49,49,74,145,10,43,43,69,69,172,172,190,190,190,200,200,200,75,75,75,86,97,116,130,140,140,242,242,261,261,279,291,142,142,142,142,169],"floor_reached":44,"campfire_rested":2,"playtime":16318,"current_hp_per_floor":[71,71,69,69,75,75,59,59,59,59,59,38,38,44,44,39,80,78,78,56,43,43,43,43,43,43,35,36,43,32,14,30,38,56,22,22,32,27,27,43,43,43,43],"items_purged":["Doubt","Strike_R","Bite_R"],"gold":169,"play_id":"571e88b9-3eae-4373-aa5d-3f597672f257","is_prod":false,"is_daily":false,"is_ascension_mode":false,"campfire_upgraded":7,"path_taken":["M","?","M","$","M","R","?","R","T","?","$","E","R","E","R","BOSS","M","?","?","M","?","R","$","R","T","M","M","M","M","M","R","BOSS","M","?","M","M","?","R","$","R","T","E"],"build_version":"2018-01-25-PROD3","purchased_purges":3,"victory":false,"master_deck":["Defend_R","Defend_R","Defend_R","Defend_R+1","Sword Boomerang+1","Twin Strike","Shrug It Off+1","Inflame+1","Trip+1","Warcry","Inflame+1","Warcry","Burning Pact+1","Reaper","Body Slam+1","Bloodletting+1","Clash+1","Heavy Blade+1","Shrug It Off+1","Bite_R","Bite_R","Bite_R","Bite_R+1","Writhe","Flex","Uppercut+1","Shrug It Off","Limit Break+1","Spot Weakness+1"],"max_hp_per_floor":[80,80,80,80,80,80,80,80,80,80,80,80,80,80,80,80,80,80,80,56,56,56,56,56,56,56,56,56,56,56,56,56,56,56,56,56,56,56,56,56,56,56,56],"relics":["Black Blood","Juzu Bracelet","Pantograph","Du-Vu Doll","Frozen Egg","Astrolabe","Blood Vial","Champion Belt","Vajra","Toxic Egg"],"card_choices":[{"not_picked":["Corruption","Pummel"],"picked":"Sword Boomerang"},{"not_picked":["Second Wind","Fiend Fire"],"picked":"Twin Strike"},{"not_picked":["True Grit","Anger"],"picked":"Warcry"},{"not_picked":["Rupture","Rampage"],"picked":"Warcry"},{"not_picked":["Dropkick","Fiend Fire"],"picked":"Burning Pact"},{"not_picked":["Dark Embrace","Offering"],"picked":"Reaper"},{"not_picked":["Anger","Iron Wave"],"picked":"Heavy Blade"},{"not_picked":["Sword Boomerang","Clash"],"picked":"Flex"},{"not_picked":["Warcry","Perfected Strike"],"picked":"Uppercut"},{"not_picked":["Fire Breathing","Clash"],"picked":"Shrug It Off"},{"not_picked":["Barricade","Fiend Fire"],"picked":"Limit Break"},{"not_picked":["Pommel Strike","Warcry"],"picked":"Spot Weakness"}],"player_experience":117910,"potions_floor_usage":[],"damage_taken":[{"damage":15.0,"enemies":"Blue Slaver","floor":1.0,"turns":6.0},{"damage":8.0,"enemies":"2 Louse","floor":3.0,"turns":3.0},{"damage":0.0,"enemies":"Cultist","floor":5.0,"turns":2.0},{"damage":27.0,"enemies":"3 Sentries","floor":12.0,"turns":7.0},{"damage":0.0,"enemies":"Gremlin Nob","floor":14.0,"turns":2.0},{"damage":36.0,"enemies":"The Guardian","floor":16.0,"turns":9.0},{"damage":18.0,"enemies":"Chosen","floor":18.0,"turns":5.0},{"damage":35.0,"enemies":"2 Thieves","floor":21.0,"turns":5.0},{"damage":21.0,"enemies":"Slaver and Parasite","floor":27.0,"turns":4.0},{"damage":24.0,"enemies":"Centurion and Healer","floor":28.0,"turns":5.0},{"damage":13.0,"enemies":"Snake Plant","floor":29.0,"turns":4.0},{"damage":24.0,"enemies":"Slaver and Parasite","floor":30.0,"turns":4.0},{"damage":36.0,"enemies":"Centurion and Healer","floor":31.0,"turns":7.0},{"damage":29.0,"enemies":"Champ","floor":33.0,"turns":10.0},{"damage":46.0,"enemies":"3 Shapes","floor":35.0,"turns":7.0},{"damage":2,"enemies":"Orb Walker","floor":37,"turns":3},{"damage":56,"enemies":"4 Shapes","floor":38,"turns":8},{"damage":54,"enemies":"2 Orb Walkers","floor":44,"turns":3}],"event_choices":[{"event_name":"Liars Game","player_choice":"agreed","floor":2.0,"damage_taken":0.0},{"event_name":"Shining Light","player_choice":"Entered Light","floor":7.0,"damage_taken":0.0},{"event_name":"The Library","player_choice":"Read","floor":19.0,"damage_taken":0.0},{"event_name":"Vampires","player_choice":"Became a vampire","floor":20.0,"damage_taken":0.0},{"event_name":"The Mausoleum","player_choice":"Yes","floor":22.0,"damage_taken":0.0},{"event_name":"Mysterious Sphere","player_choice":"Ignore","floor":36,"damage_taken":0}],"boss_relics":[],"potions_floor_spawned":[1,5,12,16,30,31],"seed_played":"-4707647027837395655","killed_by":"2 Orb Walkers","ascension_level":0,"is_trial":false}