{"gold_per_floor":[109,109,184,198,19,47,47,47,71,98,98,98,113,138,138,241,241,258,258,276,276,291,291,353,353,376,376,408,408,743,763,763,867,867,882,517,531,545,545,573,573,603,671,671,688,699,726,751,751,751,751,751,55,88,88],"floor_reached":55,"playtime":3019,"items_purged":["Defend_B","Strike_B"],"score":1097,"play_id":"a32ac98c-4223-4237-8f7b-3a6e13136585","local_time":"20190531145540","is_ascension_mode":true,"campfire_choices":[{"data":"White Noise","floor":7,"key":"SMITH"},{"data":"Zap","floor":12,"key":"SMITH"},{"floor":15,"key":"REST"},{"floor":23,"key":"RECALL"},{"floor":25,"key":"REST"},{"data":"Dualcast","floor":27,"key":"SMITH"},{"data":"Fission","floor":32,"key":"SMITH"},{"data":"White Noise","floor":41,"key":"SMITH"},{"floor":44,"key":"REST"},{"data":"Chill","floor":49,"key":"SMITH"},{"data":"Go for the Eyes","floor":52,"key":"SMITH"}],"neow_cost":"NONE","seed_source_timestamp":1146894886215431,"circlet_count":0,"master_deck":["Strike_B","Defend_B","Defend_B","Zap+1","Dualcast+1","Gash","Hologram","BootSequence","White Noise+1","Gash","Go for the Eyes+1","Fission+1","Conserve Battery","Steam","Doom and Gloom+1","Chill+1","White Noise+1","Beam Cell","Gash+1","Steam","White Noise+1","Violence","Go for the Eyes+1","Gash","Beam Cell","Gash","White Noise+1","Go for the Eyes+1","Defragment","Bandage Up","Steam"],"relics":["Cracked Core","NeowsBlessing","Shuriken","Anchor","Bronze Scales","Pen Nib","Unceasing Top","Ornamental Fan","Inserter","Tiny Chest","Dream Catcher","Old Coin","Empty Cage","DataDisk","Blood Vial","Dodecahedron","Vajra","Boot","Bag of Marbles","Sundial","Pantograph"],"potions_floor_usage":[10,14,20,22,30,30,33,40,55,55,55],"damage_taken":[{"damage":0,"enemies":"Jaw Worm","floor":1,"turns":1},{"damage":0,"enemies":"Small Slimes","floor":4,"turns":1},{"damage":0,"enemies":"Gremlin Nob","floor":6,"turns":1},{"damage":17,"enemies":"Lagavulin","floor":10,"turns":8},{"damage":0,"enemies":"Cultist","floor":13,"turns":3},{"damage":28,"enemies":"Gremlin Nob","floor":14,"turns":4},{"damage":25,"enemies":"The Guardian","floor":16,"turns":10},{"damage":0,"enemies":"3 Byrds","floor":18,"turns":4},{"damage":15,"enemies":"Chosen","floor":20,"turns":6},{"damage":0,"enemies":"3 Cultists","floor":22,"turns":5},{"damage":28,"enemies":"Book of Stabbing","floor":24,"turns":5},{"damage":1,"enemies":"Gremlin Leader","floor":28,"turns":6},{"damage":0,"enemies":"Slavers","floor":30,"turns":2},{"damage":0,"enemies":"Chosen and Byrds","floor":31,"turns":4},{"damage":12,"enemies":"Champ","floor":33,"turns":7},{"damage":0,"enemies":"Orb Walker","floor":35,"turns":3},{"damage":0,"enemies":"3 Shapes","floor":37,"turns":2},{"damage":4,"enemies":"Sphere and 2 Shapes","floor":38,"turns":3},{"damage":18,"enemies":"Nemesis","floor":40,"turns":7},{"damage":0,"enemies":"Reptomancer","floor":42,"turns":2},{"damage":0,"enemies":"3 Darklings","floor":45,"turns":2},{"damage":0,"enemies":"Maw","floor":46,"turns":2},{"damage":0,"enemies":"Giant Head","floor":48,"turns":2},{"damage":14,"enemies":"Donu and Deca","floor":50,"turns":4},{"damage":0,"enemies":"Shield and Spear","floor":54,"turns":2},{"damage":74,"enemies":"The Heart","floor":55,"turns":5}],"seed_played":"-7611518299365657464","potions_obtained":[{"floor":1,"key":"Fire Potion"},{"floor":6,"key":"GamblersBrew"},{"floor":14,"key":"Regen Potion"},{"floor":16,"key":"AttackPotion"},{"floor":18,"key":"AttackPotion"},{"floor":28,"key":"SpeedPotion"},{"floor":30,"key":"SpeedPotion"},{"floor":31,"key":"Energy Potion"},{"floor":42,"key":"EssenceOfSteel"},{"floor":46,"key":"LiquidBronze"},{"floor":54,"key":"AttackPotion"}],"is_trial":false,"path_per_floor":["M","?","?","M","$","E","R","$","T","E","?","R","M","E","R","B",null,"M","?","M","?","M","R","E","R","T","R","E","?","E","M","R","B",null,"M","$","M","M","?","E","R","E","T","R","M","M","T","E","R","B",null,"R","$","E","B"],"character_chosen":"DEFECT","items_purchased":["Anchor","BootSequence","Steam","White Noise","Violence","Bag of Marbles","Defragment","Bandage Up","Sundial","Steam"],"campfire_rested":3,"item_purchase_floors":[5,5,36,36,36,53,53,53,53,53],"current_hp_per_floor":[75,68,57,57,57,57,57,57,57,40,40,40,40,12,34,9,75,75,75,60,60,60,60,32,54,54,54,53,53,58,58,58,46,75,75,75,75,71,71,53,53,53,53,71,71,71,71,71,71,57,71,71,71,71,0],"gold":88,"neow_bonus":"THREE_ENEMY_KILL","is_prod":false,"is_daily":false,"chose_seed":false,"campfire_upgraded":7,"win_rate":0,"timestamp":1559325340,"path_taken":["M","?","?","M","?","E","R","$","T","E","?","R","M","E","R","BOSS","M","?","M","?","?","R","E","R","T","R","E","?","E","M","R","BOSS","M","$","?","M","?","E","R","E","T","R","M","M","?","E","R","BOSS","R","$","E","BOSS"],"build_version":"2019-01-23","purchased_purges":2,"victory":false,"max_hp_per_floor":[75,75,75,75,75,75,75,75,75,75,75,75,75,75,75,75,75,75,75,75,75,75,75,75,75,75,75,75,75,75,75,75,75,75,75,75,75,75,71,71,71,71,71,71,71,71,71,71,71,71,71,71,71,71,71],"card_choices":[{"not_picked":["Skim","Barrage"],"picked":"Gash","floor":1},{"not_picked":["Coolheaded","Auto Shields"],"picked":"Hologram","floor":4},{"not_picked":["Static Discharge","Hello World"],"picked":"White Noise","floor":6},{"not_picked":["Steam","Turbo"],"picked":"Gash","floor":10},{"not_picked":["Reinforced Body","Rip and Tear"],"picked":"Go for the Eyes","floor":13},{"not_picked":["Stack","Turbo","Compile Driver"],"picked":"SKIP","floor":14},{"not_picked":["Thunder Strike","Amplify"],"picked":"Fission","floor":16},{"not_picked":["Steam Power","Turbo+1","Steam"],"picked":"SKIP","floor":18},{"not_picked":["Coolheaded+1","Hologram+1"],"picked":"Steam","floor":20},{"not_picked":["Go for the Eyes","BootSequence+1"],"picked":"Doom and Gloom+1","floor":22},{"not_picked":["Ball Lightning+1","Sunder+1"],"picked":"Chill","floor":24},{"not_picked":["Multi-Cast","Double Energy","Tempest"],"picked":"SKIP","floor":28},{"not_picked":["Sweeping Beam+1","Fission","Double Energy"],"picked":"SKIP","floor":30},{"not_picked":["Leap","Stack"],"picked":"Beam Cell","floor":31},{"not_picked":["Coolheaded+1","Hologram"],"picked":"Gash+1","floor":35},{"not_picked":["Streamline","Barrage+1"],"picked":"Go for the Eyes+1","floor":37},{"not_picked":["Rip and Tear","Turbo+1","Steam Power+1"],"picked":"SKIP","floor":38},{"not_picked":["Reboot","Melter+1","Coolheaded"],"picked":"SKIP","floor":40},{"not_picked":["Beam Cell","Hologram"],"picked":"Gash","floor":42},{"not_picked":["Auto Shields","Static Discharge+1"],"picked":"Beam Cell","floor":44},{"not_picked":["Steam+1","Cold Snap"],"picked":"Gash","floor":45},{"not_picked":["Cold Snap+1","Storm+1"],"picked":"White Noise+1","floor":46},{"not_picked":["Amplify","Fusion"],"picked":"Go for the Eyes+1","floor":48},{"not_picked":["Go for the Eyes","Sweeping Beam+1","Hologram"],"picked":"SKIP","floor":54}],"player_experience":836342,"relics_obtained":[{"floor":6,"key":"Bronze Scales"},{"floor":9,"key":"Pen Nib"},{"floor":10,"key":"Unceasing Top"},{"floor":14,"key":"Ornamental Fan"},{"floor":24,"key":"Tiny Chest"},{"floor":28,"key":"Dream Catcher"},{"floor":30,"key":"Old Coin"},{"floor":40,"key":"DataDisk"},{"floor":42,"key":"Blood Vial"},{"floor":43,"key":"Dodecahedron"},{"floor":47,"key":"Vajra"},{"floor":48,"key":"Boot"},{"floor":54,"key":"Pantograph"}],"event_choices":[{"damage_healed":0,"gold_gain":0,"player_choice":"Success","damage_taken":7,"relics_obtained":["Shuriken"],"max_hp_gain":0,"max_hp_loss":0,"event_name":"Scrap Ooze","floor":2,"gold_loss":0},{"damage_healed":0,"gold_gain":75,"player_choice":"Gather Gold","damage_taken":11,"max_hp_gain":0,"max_hp_loss":0,"event_name":"World of Goop","floor":3,"gold_loss":0},{"damage_healed":0,"gold_gain":0,"player_choice":"Ignored","damage_taken":0,"max_hp_gain":0,"max_hp_loss":0,"event_name":"Liars Game","floor":11,"gold_loss":0},{"damage_healed":0,"gold_gain":0,"player_choice":"Read","damage_taken":0,"max_hp_gain":0,"max_hp_loss":0,"event_name":"The Library","floor":19,"gold_loss":0,"cards_obtained":["Conserve Battery"]},{"cards_removed":["Strike_B"],"damage_healed":0,"gold_gain":0,"player_choice":"Offered Basic","damage_taken":0,"max_hp_gain":0,"max_hp_loss":0,"event_name":"Bonfire Elementals","floor":21,"gold_loss":0},{"damage_healed":0,"gold_gain":0,"player_choice":"Copied","damage_taken":0,"max_hp_gain":0,"max_hp_loss":0,"event_name":"Duplicator","floor":29,"gold_loss":0,"cards_obtained":["White Noise"]},{"damage_healed":0,"gold_gain":0,"player_choice":"Max HP","damage_taken":0,"max_hp_gain":0,"max_hp_loss":4,"event_name":"Winding Halls","floor":39,"gold_loss":0}],"is_beta":false,"boss_relics":[{"not_picked":["Snecko Eye","Coffee Dripper"],"picked":"Inserter"},{"not_picked":["White Beast Statue","Runic Dome"],"picked":"Empty Cage"}],"items_purged_floors":[36,53],"is_endless":false,"potions_floor_spawned":[1,6,14,16,18,28,30,31,42,46,54],"killed_by":"The Heart","ascension_level":2}