{"gold_per_floor":[116,191,116,116,116,116,129,148,148,148,161,61,61,61,61,61],"floor_reached":16,"playtime":281,"items_purged":["Defend_R","Defend_R"],"score":88,"play_id":"e41500e3-6562-48f3-941c-0a6c32615c3a","local_time":"20190421155928","is_ascension_mode":false,"campfire_choices":[{"data":"Bash","floor":6,"key":"SMITH"},{"data":"Shrug It Off","floor":10,"key":"SMITH"},{"data":"Strike_R","floor":15,"key":"SMITH"}],"neow_cost":"PERCENT_DAMAGE","seed_source_timestamp":918956992802923,"circlet_count":0,"master_deck":["Strike_R+1","Strike_R","Strike_R","Strike_R","Strike_R","Defend_R+1","Bash+1","Shrug It Off+1"],"relics":["Burning Blood","FossilizedHelix","Golden Idol","Bag of Marbles"],"potions_floor_usage":[],"damage_taken":[{"damage":9,"enemies":"Jaw Worm","floor":1,"turns":4},{"damage":0,"enemies":"Small Slimes","floor":7,"turns":3},{"damage":0,"enemies":"Cultist","floor":8,"turns":3},{"damage":0,"enemies":"2 Fungi Beasts","floor":11,"turns":3},{"damage":61,"enemies":"Hexaghost","floor":16,"turns":11}],"seed_played":"-4786295854885179920","potions_obtained":[],"is_trial":false,"path_per_floor":["M","?","$","?","?","R","M","M","T","R","M","$","$","?","R","B"],"character_chosen":"IRONCLAD","items_purchased":[],"campfire_rested":0,"item_purchase_floors":[],"current_hp_per_floor":[53,42,42,42,42,42,48,54,54,54,60,60,60,60,60,0],"gold":61,"neow_bonus":"ONE_RARE_RELIC","is_prod":false,"is_daily":false,"chose_seed":false,"campfire_upgraded":3,"win_rate":0,"timestamp":1555855168,"path_taken":["M","?","$","?","?","R","M","?","T","R","M","?","$","?","R","BOSS"],"build_version":"2019-01-23","purchased_purges":2,"victory":false,"max_hp_per_floor":[80,80,80,80,74,74,74,74,74,74,74,74,74,74,74,74],"card_choices":[{"not_picked":["Heavy Blade","Body Slam","Iron Wave"],"picked":"SKIP","floor":1},{"not_picked":["Spot Weakness","Rage","Sentinel"],"picked":"SKIP","floor":7},{"not_picked":["Flex","Evolve"],"picked":"Shrug It Off","floor":8},{"not_picked":["Rage","Second Wind","Searing Blow"],"picked":"SKIP","floor":11}],"player_experience":138498,"relics_obtained":[{"floor":9,"key":"Bag of Marbles"}],"event_choices":[{"damage_healed":0,"gold_gain":75,"player_choice":"Gather Gold","damage_taken":11,"max_hp_gain":0,"max_hp_loss":0,"event_name":"World of Goop","floor":2,"gold_loss":0},{"cards_removed":["Defend_R"],"damage_healed":0,"gold_gain":0,"player_choice":"Forget","damage_taken":0,"max_hp_gain":0,"max_hp_loss":0,"event_name":"Living Wall","floor":4,"gold_loss":0},{"damage_healed":0,"gold_gain":0,"player_choice":"Lose Max HP","damage_taken":0,"relics_obtained":["Golden Idol"],"max_hp_gain":0,"max_hp_loss":6,"event_name":"Golden Idol","floor":5,"gold_loss":0},{"damage_healed":0,"gold_gain":0,"player_choice":"Forge","damage_taken":0,"max_hp_gain":0,"max_hp_loss":0,"event_name":"Accursed Blacksmith","floor":14,"gold_loss":0,"cards_upgraded":["Defend_R"]}],"is_beta":false,"boss_relics":[],"items_purged_floors":[3,12],"is_endless":false,"potions_floor_spawned":[],"killed_by":"Hexaghost","ascension_level":0}