{"gold_per_floor":[110,33,52,65,65,65,94,94,94,394,405,421,421,55,55,159,159,175,175,192,192,202,202,221,234,310,22,22,41,71,71,71,71],"floor_reached":33,"playtime":1891,"items_purged":["Defend_B"],"score":267,"play_id":"9c61cb38-42c8-4c1f-a8de-dd52f55a0daf","local_time":"20190421193201","is_ascension_mode":false,"campfire_choices":[{"data":"Creative AI","floor":6,"key":"SMITH"},{"floor":13,"key":"REST"},{"floor":15,"key":"REST"},{"floor":23,"key":"REST"},{"floor":32,"key":"REST"}],"neow_cost":"NONE","seed_source_timestamp":275345069501451,"circlet_count":0,"master_deck":["Strike_B","Strike_B","Strike_B","Strike_B","Defend_B","Defend_B","Defend_B","Zap","Dualcast","Creative AI+1","Leap","Cold Snap","Capacitor","Beam Cell","Cold Snap","Echo Form","Compile Driver+1","Conserve Battery","Defend_R","Conserve Battery+1","Consume","Conserve Battery+1","Fusion"],"relics":["Cracked Core","Mummified Hand","Nunchaku","Dead Branch","Kunai","Old Coin","Runic Capacitor","White Beast Statue","Ice Cream","Vajra"],"potions_floor_usage":[18,18,24,25,25,30,30],"damage_taken":[{"damage":6,"enemies":"Jaw Worm","floor":1,"turns":4},{"damage":0,"enemies":"Cultist","floor":3,"turns":4},{"damage":0,"enemies":"2 Louse","floor":4,"turns":2},{"damage":40,"enemies":"3 Sentries","floor":7,"turns":5},{"damage":2,"enemies":"Blue Slaver","floor":11,"turns":5},{"damage":17,"enemies":"Large Slime","floor":12,"turns":7},{"damage":1,"enemies":"The Guardian","floor":16,"turns":9},{"damage":13,"enemies":"Shell Parasite","floor":18,"turns":6},{"damage":20,"enemies":"2 Thieves","floor":20,"turns":5},{"damage":12,"enemies":"Centurion and Healer","floor":22,"turns":8},{"damage":11,"enemies":"3 Cultists","floor":24,"turns":6},{"damage":0,"enemies":"Snake Plant","floor":25,"turns":5},{"damage":28,"enemies":"Cultist and Chosen","floor":29,"turns":8},{"damage":25,"enemies":"Book of Stabbing","floor":30,"turns":8},{"damage":31,"enemies":"Collector","floor":33,"turns":3}],"seed_played":"6092674941734109773","potions_obtained":[{"floor":3,"key":"SteroidPotion"},{"floor":18,"key":"GamblersBrew"},{"floor":20,"key":"FocusPotion"},{"floor":22,"key":"EssenceOfSteel"},{"floor":24,"key":"Regen Potion"},{"floor":25,"key":"Fire Potion"},{"floor":29,"key":"Weak Potion"},{"floor":30,"key":"FearPotion"}],"is_trial":false,"path_per_floor":["M","?","M","M","?","R","E","?","T","T","M","M","R","$","R","B",null,"M","?","M","?","M","R","M","M","T","$","?","M","E","?","R","B"],"character_chosen":"DEFECT","items_purchased":["Runic Capacitor","Cold Snap","Block Potion","Ice Cream"],"campfire_rested":4,"item_purchase_floors":[14,14,14,27],"current_hp_per_floor":[69,69,69,69,66,66,26,26,26,26,24,7,29,29,51,50,75,62,62,42,42,30,52,41,41,41,41,41,13,3,3,25,0],"gold":71,"neow_bonus":"ONE_RANDOM_RARE_CARD","is_prod":false,"is_daily":false,"chose_seed":false,"campfire_upgraded":1,"win_rate":0,"timestamp":1555885921,"path_taken":["M","?","M","?","?","R","E","?","T","?","M","M","R","$","R","BOSS","M","?","M","?","?","R","M","M","T","$","?","M","E","?","R","BOSS"],"build_version":"2019-01-23","purchased_purges":1,"victory":false,"max_hp_per_floor":[75,75,75,75,75,75,75,75,75,75,75,75,75,75,75,75,75,75,75,75,75,75,75,75,75,75,75,75,75,75,75,75,75],"card_choices":[{"not_picked":["Beam Cell","Cold Snap"],"picked":"White Noise","floor":1},{"not_picked":["Go for the Eyes","Cold Snap"],"picked":"Leap","floor":3},{"not_picked":["Blizzard","Steam","Beam Cell"],"picked":"SKIP","floor":4},{"not_picked":["Consume","Streamline"],"picked":"Cold Snap","floor":7},{"not_picked":["Melter","Lockon"],"picked":"Capacitor","floor":11},{"not_picked":["Steam","Force Field"],"picked":"Beam Cell","floor":12},{"not_picked":["Thunder Strike","All For One"],"picked":"Echo Form","floor":16},{"not_picked":["Auto Shields","Stack+1"],"picked":"Compile Driver+1","floor":18},{"not_picked":["Tempest","Recycle"],"picked":"Conserve Battery","floor":20},{"not_picked":["Gash","Sweeping Beam+1"],"picked":"Conserve Battery+1","floor":22},{"not_picked":["Go for the Eyes","Reprogram"],"picked":"Consume","floor":24},{"not_picked":["Reinforced Body","Chaos","Aggregate"],"picked":"SKIP","floor":25},{"not_picked":["Fusion","Doom and Gloom"],"picked":"Conserve Battery+1","floor":29},{"not_picked":["Barrage","Stack"],"picked":"Fusion","floor":30}],"player_experience":635726,"relics_obtained":[{"floor":7,"key":"Dead Branch"},{"floor":9,"key":"Kunai"},{"floor":10,"key":"Old Coin"},{"floor":30,"key":"Vajra"}],"event_choices":[{"damage_healed":0,"gold_gain":0,"player_choice":"Paid Gold","damage_taken":0,"relics_obtained":["Mummified Hand"],"max_hp_gain":0,"max_hp_loss":0,"event_name":"WeMeetAgain","floor":2,"gold_loss":77},{"damage_healed":0,"gold_gain":0,"player_choice":"Success","damage_taken":3,"relics_obtained":["Nunchaku"],"max_hp_gain":0,"max_hp_loss":0,"event_name":"Scrap Ooze","floor":5,"gold_loss":0},{"damage_healed":0,"gold_gain":0,"player_choice":"Ignored","damage_taken":0,"max_hp_gain":0,"max_hp_loss":0,"event_name":"Liars Game","floor":8,"gold_loss":0},{"damage_healed":0,"gold_gain":0,"player_choice":"Ignored","damage_taken":0,"max_hp_gain":0,"max_hp_loss":0,"event_name":"Vampires","floor":19,"gold_loss":0},{"cards_removed":["White Noise"],"damage_healed":0,"gold_gain":0,"player_choice":"Took Card","damage_taken":0,"max_hp_gain":0,"max_hp_loss":0,"event_name":"NoteForYourself","floor":21,"gold_loss":0,"cards_obtained":["Defend_R"]},{"damage_healed":0,"gold_gain":0,"player_choice":"Smashed Altar","damage_taken":0,"max_hp_gain":0,"max_hp_loss":0,"event_name":"Forgotten Altar","floor":28,"gold_loss":0,"cards_obtained":["Decay"]},{"cards_removed":["Decay"],"damage_healed":0,"gold_gain":0,"player_choice":"Removed Curses","damage_taken":0,"max_hp_gain":0,"max_hp_loss":0,"event_name":"Fountain of Cleansing","floor":31,"gold_loss":0}],"is_beta":false,"boss_relics":[{"not_picked":["Orrery","Runic Pyramid"],"picked":"White Beast Statue"}],"items_purged_floors":[14],"is_endless":false,"potions_floor_spawned":[3,18,20,22,24,25,29,30],"killed_by":"Collector","ascension_level":0}