{"gold_per_floor":[118,118,118,43,61,61,96,111,111,111,111,122,122,137,137,234,234,244,169,184,184,13,38,38,38,38,38,38,51,51,69,69,69],"floor_reached":33,"playtime":1114,"items_purged":["Strike_R","Defend_R"],"score":288,"play_id":"c55ed574-9e5c-4dc9-98eb-afb32195fc59","local_time":"20190426074710","is_ascension_mode":false,"campfire_choices":[{"data":"Bash","floor":6.0,"key":"SMITH"},{"data":"Clash","floor":11.0,"key":"SMITH"},{"floor":15.0,"key":"REST"},{"data":"Dropkick","floor":24.0,"key":"SMITH"},{"floor":32.0,"key":"REST"}],"neow_cost":"PERCENT_DAMAGE","seed_source_timestamp":1320440800931961,"circlet_count":0,"master_deck":["Strike_R","Strike_R","Strike_R","Bash+1","Clash+1","Dropkick+1"],"special_seed":0,"relics":["Black Blood","Singing Bowl","Oddly Smooth Stone","Orichalcum","Ornamental Fan","Happy Flower"],"potions_floor_usage":[33,33,33],"damage_taken":[{"damage":6.0,"enemies":"2 Louse","floor":1.0,"turns":3.0},{"damage":0.0,"enemies":"Small Slimes","floor":5.0,"turns":3.0},{"damage":22.0,"enemies":"Gremlin Nob","floor":7.0,"turns":4.0},{"damage":0.0,"enemies":"Cultist","floor":8.0,"turns":2.0},{"damage":0.0,"enemies":"Large Slime","floor":12.0,"turns":4.0},{"damage":13.0,"enemies":"3 Louse","floor":14.0,"turns":2.0},{"damage":27.0,"enemies":"Slime Boss","floor":16.0,"turns":12.0},{"damage":4.0,"enemies":"Chosen","floor":18.0,"turns":3.0},{"damage":8.0,"enemies":"2 Thieves","floor":20.0,"turns":3.0},{"damage":32.0,"enemies":"Slavers","floor":23.0,"turns":7.0},{"damage":22.0,"enemies":"Shelled Parasite and Fungi","floor":29.0,"turns":3.0},{"damage":14.0,"enemies":"Centurion and Healer","floor":31.0,"turns":3.0},{"damage":99,"enemies":"Collector","floor":33,"turns":5}],"seed_played":"4082865939011125633","potions_obtained":[{"floor":1.0,"key":"Swift Potion"},{"floor":7.0,"key":"Explosive Potion"},{"floor":14.0,"key":"PowerPotion"},{"floor":23.0,"key":"Regen Potion"},{"floor":29.0,"key":"Poison Potion"}],"is_trial":false,"path_per_floor":["M","?","?","$","M","R","E","M","T","?","R","M","?","M","R","B",null,"M","?","M","?","$","E","R","$","T","$","?","M","?","M","R","B"],"character_chosen":"IRONCLAD","items_purchased":["Dropkick"],"campfire_rested":2,"item_purchase_floors":[22],"current_hp_per_floor":[56,80,80,80,80,80,66,74,74,62,62,70,63,58,84,65,90,92,92,94,94,94,74,74,74,74,74,55,54,54,52,83,0],"gold":69,"neow_bonus":"REMOVE_TWO","is_prod":false,"is_daily":false,"chose_seed":false,"campfire_upgraded":3,"win_rate":0,"timestamp":1556257630,"path_taken":["M","?","?","$","?","R","E","M","T","?","R","M","?","M","R","BOSS","M","?","M","?","$","E","R","$","T","$","?","?","?","M","R","BOSS"],"build_version":"2019-01-23","purchased_purges":2,"victory":false,"max_hp_per_floor":[80,80,80,80,80,80,82,84,84,84,84,86,86,88,88,90,90,92,92,94,94,94,96,96,96,96,96,101,103,103,105,105,105],"card_choices":[{"not_picked":["Dual Wield","Pummel"],"picked":"Clash","floor":1.0},{"not_picked":["Bloodletting","Anger","Armaments"],"picked":"SKIP","floor":5.0},{"not_picked":["Rampage","Ghostly Armor","Flex"],"picked":"Singing Bowl","floor":7.0},{"not_picked":["Warcry","Wild Strike","Pommel Strike"],"picked":"Singing Bowl","floor":8.0},{"not_picked":["Flex","Wild Strike","Carnage"],"picked":"Singing Bowl","floor":12.0},{"not_picked":["Brutality","Perfected Strike","Ghostly Armor"],"picked":"Singing Bowl","floor":14.0},{"not_picked":["Dark Embrace","Impervious","Double Tap"],"picked":"Singing Bowl","floor":16.0},{"not_picked":["Havoc+1","Armaments","Heavy Blade"],"picked":"Singing Bowl","floor":18.0},{"not_picked":["Clash+1","Twin Strike","Uppercut"],"picked":"Singing Bowl","floor":20.0},{"not_picked":["Heavy Blade","Entrench+1","Body Slam+1"],"picked":"Singing Bowl","floor":23.0},{"not_picked":["Iron Wave","Disarm","Headbutt+1"],"picked":"Singing Bowl","floor":29.0},{"not_picked":["Inflame+1","Burning Pact","Cleave"],"picked":"Singing Bowl","floor":31.0}],"player_experience":150374,"relics_obtained":[{"floor":7.0,"key":"Singing Bowl"},{"floor":9.0,"key":"Oddly Smooth Stone"},{"floor":23.0,"key":"Ornamental Fan"},{"floor":26.0,"key":"Happy Flower"}],"event_choices":[{"damage_healed":26.0,"max_hp_gain":0.0,"max_hp_loss":0.0,"gold_gain":0.0,"event_name":"Big Fish","player_choice":"Banana","floor":2.0,"gold_loss":0.0,"damage_taken":0.0},{"damage_healed":0.0,"max_hp_gain":0.0,"max_hp_loss":0.0,"gold_gain":0.0,"event_name":"NoteForYourself","player_choice":"Ignored","floor":3.0,"gold_loss":0.0,"damage_taken":0.0},{"damage_healed":0.0,"max_hp_gain":0.0,"max_hp_loss":0.0,"gold_gain":0.0,"event_name":"Scrap Ooze","player_choice":"Success","floor":10.0,"gold_loss":0.0,"damage_taken":12.0,"relics_obtained":["Orichalcum"]},{"cards_removed":["Defend_R"],"damage_healed":0.0,"max_hp_gain":0.0,"max_hp_loss":0.0,"gold_gain":0.0,"event_name":"Golden Wing","player_choice":"Card Removal","floor":13.0,"gold_loss":0.0,"damage_taken":7.0},{"cards_removed":["Strike_R"],"damage_healed":0.0,"max_hp_gain":0.0,"max_hp_loss":0.0,"gold_gain":0.0,"event_name":"Beggar","player_choice":"Gave Gold","floor":19.0,"gold_loss":75.0,"damage_taken":0.0},{"damage_healed":0.0,"max_hp_gain":0.0,"max_hp_loss":0.0,"gold_gain":0.0,"event_name":"Vampires","player_choice":"Ignored","floor":21.0,"gold_loss":0.0,"damage_taken":0.0},{"damage_healed":0.0,"max_hp_gain":5.0,"max_hp_loss":0.0,"gold_gain":0.0,"event_name":"Forgotten Altar","player_choice":"Shed Blood","floor":28.0,"gold_loss":0.0,"damage_taken":24.0},{"damage_healed":0.0,"max_hp_gain":0.0,"max_hp_loss":0.0,"gold_gain":0.0,"event_name":"Ghosts","player_choice":"Ignored","floor":30.0,"gold_loss":0.0,"damage_taken":0.0}],"is_beta":false,"boss_relics":[{"not_picked":["Velvet Choker","Eternal Feather"],"picked":"Black Blood"}],"items_purged_floors":[4,22],"is_endless":false,"potions_floor_spawned":[1,7,14,16,23,29],"killed_by":"Collector","ascension_level":0}