{"gold_per_floor":[110,121,121,71,86,86,115,115,115,148,148,164,179,190,190,285,285,303,323,323,36,50,50,77,77,130,149,149,161,173,204,204,307,307,318,330,330,343,361,387,387,17,17,37,37,47,47,67,67,67],"floor_reached":50,"playtime":5491,"items_purged":["Parasite","Strike_G"],"score":634,"play_id":"3dad4122-85bf-46d7-90fc-f33e3743d230","local_time":"20190311230353","is_ascension_mode":true,"campfire_choices":[{"data":"Blade Dance","floor":6.0,"key":"SMITH"},{"data":"Riddle With Holes","floor":11.0,"key":"SMITH"},{"floor":15.0,"key":"REST"},{"data":"Die Die Die","floor":23.0,"key":"SMITH"},{"data":"Neutralize","floor":25.0,"key":"SMITH"},{"data":"Accuracy","floor":28.0,"key":"SMITH"},{"floor":32.0,"key":"REST"},{"floor":41,"key":"REST"},{"data":"Footwork","floor":45,"key":"SMITH"},{"floor":47,"key":"REST"},{"data":"Wraith Form v2","floor":49,"key":"SMITH"}],"neow_cost":"NONE","seed_source_timestamp":0,"circlet_count":0,"master_deck":["Defend_G","Defend_G+1","Defend_G","Defend_G","Defend_G","Strike_G","Strike_G","Survivor+1","Neutralize+1","Endless Agony","Well Laid Plans","Blade Dance+1","Sucker Punch","Riddle With Holes+1","Deadly Poison+1","Dodge and Roll+1","Predator","Die Die Die+1","Phantasmal Killer+1","Slice","Deflect+1","Calculated Gamble+1","Accuracy+1","PiercingWail+1","Blade Dance+1","Concentrate+1","Slice+1","Wraith Form v2+1","PiercingWail+1","Cloak And Dagger+1","Footwork+1","Heel Hook+1","Backstab+1"],"special_seed":0,"relics":["Ring of the Snake","Toxic Egg 2","The Courier","War Paint","Runic Pyramid","Dream Catcher","TwistedFunnel","Orichalcum","Blood Vial","Ancient Tea Set","Busted Crown","Incense Burner","Ginger","Question Card"],"potions_floor_usage":[40,46,50,50],"damage_taken":[{"damage":0.0,"enemies":"Small Slimes","floor":1.0,"turns":4.0},{"damage":0.0,"enemies":"Jaw Worm","floor":2.0,"turns":5.0},{"damage":1.0,"enemies":"Cultist","floor":5.0,"turns":3.0},{"damage":26.0,"enemies":"Gremlin Nob","floor":7.0,"turns":5.0},{"damage":44.0,"enemies":"Lagavulin","floor":10.0,"turns":8.0},{"damage":4.0,"enemies":"Large Slime","floor":12.0,"turns":6.0},{"damage":0.0,"enemies":"Red Slaver","floor":13.0,"turns":3.0},{"damage":3.0,"enemies":"Exordium Thugs","floor":14.0,"turns":5.0},{"damage":30.0,"enemies":"Slime Boss","floor":16.0,"turns":8.0},{"damage":1.0,"enemies":"Chosen","floor":18.0,"turns":4.0},{"damage":16.0,"enemies":"2 Thieves","floor":19.0,"turns":4.0},{"damage":5.0,"enemies":"Chosen and Byrds","floor":22.0,"turns":6.0},{"damage":8.0,"enemies":"Gremlin Leader","floor":24.0,"turns":6.0},{"damage":0.0,"enemies":"Snecko","floor":27.0,"turns":4.0},{"damage":4.0,"enemies":"Sentry and Sphere","floor":29.0,"turns":6.0},{"damage":0.0,"enemies":"Shelled Parasite and Fungi","floor":30.0,"turns":5.0},{"damage":26.0,"enemies":"Book of Stabbing","floor":31.0,"turns":6.0},{"damage":41.0,"enemies":"Collector","floor":33.0,"turns":9.0},{"damage":0,"enemies":"3 Darklings","floor":35,"turns":4},{"damage":4,"enemies":"Orb Walker","floor":36,"turns":3},{"damage":17,"enemies":"Spire Growth","floor":38,"turns":6},{"damage":8,"enemies":"Maw","floor":39,"turns":8},{"damage":34,"enemies":"Giant Head","floor":40,"turns":9},{"damage":12,"enemies":"Jaw Worm Horde","floor":44,"turns":5},{"damage":2,"enemies":"Sphere and 2 Shapes","floor":46,"turns":4},{"damage":5,"enemies":"3 Darklings","floor":48,"turns":5},{"damage":77,"enemies":"Time Eater","floor":50,"turns":11}],"seed_played":"7641484570750270200","potions_obtained":[{"floor":5.0,"key":"Fruit Juice"},{"floor":12.0,"key":"Strength Potion"},{"floor":13.0,"key":"Dexterity Potion"},{"floor":14.0,"key":"Weak Potion"},{"floor":24.0,"key":"SteroidPotion"},{"floor":29.0,"key":"SpeedPotion"},{"floor":30.0,"key":"Fire Potion"},{"floor":31.0,"key":"EssenceOfSteel"},{"floor":35,"key":"Weak Potion"},{"floor":39,"key":"FearPotion"},{"floor":40,"key":"PowerPotion"}],"is_trial":false,"path_per_floor":["M","M","?","?","M","R","E","?","T","E","R","M","M","M","R","B",null,"M","M","?","$","M","R","E","R","T","M","R","M","M","E","R","B",null,"M","M","?","M","M","E","R","$","T","M","R","M","R","M","R","B"],"character_chosen":"THE_SILENT","items_purchased":["TwistedFunnel","Calculated Gamble+1","Footwork","Ginger"],"campfire_rested":4,"item_purchase_floors":[21,21,42,42],"current_hp_per_floor":[70,70,75,75,79,79,53,73,73,29,29,25,25,22,46,16,80,79,63,63,63,58,58,50,50,50,52,52,50,52,28,51,12,77,77,73,73,58,52,20,43,43,43,33,33,33,56,53,53,0],"gold":67,"neow_bonus":"TRANSFORM_CARD","is_prod":false,"is_daily":false,"chose_seed":false,"campfire_upgraded":7,"win_rate":0,"timestamp":1552370633,"path_taken":["M","M","?","?","M","R","E","?","T","E","R","M","M","M","R","BOSS","M","M","?","$","M","R","E","R","T","M","R","M","M","E","R","BOSS","M","?","?","?","M","E","R","$","T","M","R","M","R","M","R","BOSS"],"build_version":"2019-01-23","purchased_purges":2,"victory":false,"max_hp_per_floor":[70,70,75,75,80,80,80,80,80,80,80,80,80,80,80,80,80,80,80,80,77,77,77,77,77,77,77,77,77,77,77,77,77,77,77,77,77,77,77,77,77,77,77,77,77,77,77,77,77,77],"card_choices":[{"not_picked":["Dagger Throw","Acrobatics"],"picked":"Well Laid Plans","floor":1.0},{"not_picked":["Dodge and Roll","Sucker Punch"],"picked":"Blade Dance","floor":2.0},{"not_picked":["Escape Plan","Poisoned Stab"],"picked":"Sucker Punch","floor":5.0},{"not_picked":["Outmaneuver","Sucker Punch"],"picked":"Riddle With Holes","floor":7.0},{"not_picked":["Poisoned Stab","Terror+1"],"picked":"Deadly Poison+1","floor":10.0},{"not_picked":["Crippling Poison+1","Riddle With Holes"],"picked":"Dodge and Roll+1","floor":12.0},{"not_picked":["Tactician+1","Setup+1"],"picked":"Predator","floor":13.0},{"not_picked":["Quick Slash","Dash"],"picked":"Die Die Die","floor":14.0},{"not_picked":["Glass Knife","Unload"],"picked":"Phantasmal Killer+1","floor":16.0},{"not_picked":["Acrobatics+1","Reflex+1"],"picked":"Slice","floor":18.0},{"not_picked":["Poisoned Stab","Endless Agony"],"picked":"Deflect+1","floor":19.0},{"not_picked":["Well Laid Plans","Dagger Spray"],"picked":"Accuracy","floor":22.0},{"not_picked":["A Thousand Cuts","Dash"],"picked":"PiercingWail+1","floor":24.0},{"not_picked":["Poisoned Stab","Choke+1","Deadly Poison+1"],"picked":"SKIP","floor":27.0},{"not_picked":["Poisoned Stab","Choke+1","Deadly Poison+1"],"picked":"SKIP","floor":27.0},{"not_picked":["Poisoned Stab","Bane"],"picked":"Blade Dance+1","floor":29.0},{"not_picked":["Setup+1","Slice"],"picked":"Concentrate+1","floor":30.0},{"not_picked":["Outmaneuver+1","Caltrops","Sucker Punch"],"picked":"SKIP","floor":31.0},{"not_picked":["Doppelganger+1","Tactician+1"],"picked":"Slice+1","floor":32.0},{"not_picked":["Adrenaline+1","Envenom"],"picked":"Wraith Form v2","floor":33.0},{"not_picked":["Blade Dance+1"],"picked":"SKIP","floor":35},{"not_picked":["Dagger Spray"],"picked":"SKIP","floor":36},{"not_picked":["Sucker Punch+1"],"picked":"SKIP","floor":38},{"not_picked":[],"picked":"PiercingWail+1","floor":39},{"not_picked":[],"picked":"Cloak And Dagger+1","floor":40},{"not_picked":["Wraith Form v2"],"picked":"Heel Hook+1","floor":44},{"not_picked":["Blade Dance+1"],"picked":"Backstab+1","floor":46},{"not_picked":["Prepared+1","Endless Agony+1"],"picked":"SKIP","floor":48}],"player_experience":587283,"relics_obtained":[{"floor":7.0,"key":"Toxic Egg 2"},{"floor":9.0,"key":"The Courier"},{"floor":10.0,"key":"War Paint"},{"floor":24.0,"key":"Orichalcum"},{"floor":26.0,"key":"Blood Vial"},{"floor":31.0,"key":"Ancient Tea Set"},{"floor":40,"key":"Incense Burner"},{"floor":43,"key":"Question Card"}],"event_choices":[{"damage_healed":0.0,"max_hp_gain":5.0,"max_hp_loss":0.0,"gold_gain":0.0,"event_name":"Big Fish","player_choice":"Donut","floor":3.0,"gold_loss":0.0,"damage_taken":0.0},{"cards_removed":["Strike_G"],"damage_healed":0.0,"max_hp_gain":0.0,"max_hp_loss":0.0,"gold_gain":0.0,"event_name":"The Cleric","player_choice":"Card Removal","floor":4.0,"gold_loss":50.0,"damage_taken":0.0},{"damage_healed":20.0,"max_hp_gain":0.0,"max_hp_loss":0.0,"gold_gain":0.0,"event_name":"Mushrooms","player_choice":"Healed and dodged fight","floor":8.0,"gold_loss":0.0,"damage_taken":0.0,"cards_obtained":["Parasite"]},{"damage_healed":0.0,"max_hp_gain":0.0,"max_hp_loss":0.0,"gold_gain":0.0,"event_name":"WeMeetAgain","player_choice":"Gave Potion","floor":20.0,"gold_loss":0.0,"damage_taken":0.0,"relics_obtained":["Dream Catcher"]},{"damage_healed":0,"gold_gain":0,"player_choice":"Ignored","damage_taken":0,"max_hp_gain":0,"max_hp_loss":0,"event_name":"SecretPortal","floor":37,"gold_loss":0}],"is_beta":false,"boss_relics":[{"not_picked":["WristBlade","HoveringKite"],"picked":"Runic Pyramid"},{"not_picked":["Lizard Tail","White Beast Statue"],"picked":"Busted Crown"}],"items_purged_floors":[21,42],"is_endless":false,"potions_floor_spawned":[5,12,13,14,24,29,30,31,35,39,40],"killed_by":"Time Eater","ascension_level":4}