{"gold_per_floor":[111,131,144,144,4,4,30,30,30,30,60,60,60,79,79,151,151,163,163,176,176,10,10,10],"floor_reached":24,"playtime":1167,"items_purged":["Shame"],"score":394,"play_id":"4825138d-f7b4-4a2f-ba85-ff3d28c86fcf","local_time":"20190331213447","is_ascension_mode":true,"campfire_choices":[{"data":"Combust","floor":6,"key":"SMITH"},{"floor":8,"key":"REST"},{"data":"Bash","floor":10,"key":"SMITH"},{"floor":15,"key":"REST"},{"floor":23,"key":"REST"}],"neow_cost":"TEN_PERCENT_HP_LOSS","seed_source_timestamp":193865784417505,"circlet_count":0,"master_deck":["AscendersBane","Strike_R","Strike_R","Strike_R","Strike_R+1","Strike_R","Defend_R","Defend_R","Defend_R","Defend_R+1","Bash+1","Headbutt","Wild Strike","Evolve","Combust+1","Cleave","Battle Trance","Ghostly Armor","Demon Form","Shockwave","Burning Pact","Pummel","Armaments"],"relics":["Black Blood","Mango","Ornamental Fan","Pen Nib","Mummified Hand","Strawberry","Blood Vial"],"potions_floor_usage":[7,24,24],"damage_taken":[{"damage":7,"enemies":"Cultist","floor":1,"turns":4},{"damage":7,"enemies":"Small Slimes","floor":2,"turns":4},{"damage":14,"enemies":"Jaw Worm","floor":3,"turns":4},{"damage":32,"enemies":"Gremlin Nob","floor":7,"turns":4},{"damage":14,"enemies":"3 Sentries","floor":11,"turns":4},{"damage":5,"enemies":"Blue Slaver","floor":14,"turns":2},{"damage":31,"enemies":"Slime Boss","floor":16,"turns":7},{"damage":30,"enemies":"2 Thieves","floor":18,"turns":5},{"damage":14,"enemies":"Chosen","floor":20,"turns":5},{"damage":44,"enemies":"Colosseum Slavers","floor":21,"turns":5},{"damage":50,"enemies":"Book of Stabbing","floor":24,"turns":6}],"seed_played":"-941896117326108530","potions_obtained":[{"floor":1,"key":"SkillPotion"},{"floor":7,"key":"Strength Potion"},{"floor":11,"key":"LiquidBronze"}],"is_trial":false,"path_per_floor":["M","M","M","?","$","R","E","R","T","R","E","?","?","M","R","B",null,"M","?","M","?","$","R","E"],"character_chosen":"IRONCLAD","items_purchased":["Combust","Dexterity Potion","Pummel","Armaments"],"campfire_rested":3,"item_purchase_floors":[5,5,22,22],"current_hp_per_floor":[81,80,72,54,54,54,28,52,52,52,51,51,24,25,51,26,73,53,53,51,19,19,45,0],"gold":10,"neow_bonus":"ONE_RARE_RELIC","is_prod":false,"is_daily":false,"chose_seed":false,"campfire_upgraded":2,"win_rate":0,"timestamp":1554082487,"path_taken":["M","?","M","?","$","R","E","R","T","R","E","?","?","M","R","BOSS","M","?","M","?","$","R","E"],"build_version":"2019-01-23","purchased_purges":1,"victory":false,"max_hp_per_floor":[82,82,82,82,82,82,82,82,82,82,89,89,89,89,89,89,89,89,89,89,89,89,89,89],"card_choices":[{"not_picked":["Dropkick","Flex"],"picked":"Headbutt","floor":1},{"not_picked":["Warcry","Rage"],"picked":"Wild Strike","floor":2},{"not_picked":["Wild Strike","Anger"],"picked":"Evolve","floor":3},{"not_picked":["Wild Strike","Pommel Strike"],"picked":"Cleave","floor":7},{"not_picked":["Pummel","Whirlwind"],"picked":"Battle Trance","floor":11},{"not_picked":["Headbutt","Limit Break"],"picked":"Ghostly Armor","floor":14},{"not_picked":["Offering","Exhume"],"picked":"Demon Form","floor":16},{"not_picked":["Sever Soul","Blood for Blood"],"picked":"Shockwave","floor":18},{"not_picked":["Uppercut","Twin Strike"],"picked":"Burning Pact","floor":20}],"player_experience":596811,"relics_obtained":[{"floor":7,"key":"Pen Nib"},{"floor":9,"key":"Mummified Hand"},{"floor":11,"key":"Strawberry"}],"event_choices":[{"damage_healed":0,"gold_gain":0,"player_choice":"Success","damage_taken":18,"relics_obtained":["Ornamental Fan"],"max_hp_gain":0,"max_hp_loss":0,"event_name":"Scrap Ooze","floor":4,"gold_loss":0},{"damage_healed":0,"gold_gain":0,"player_choice":"Ignored","damage_taken":0,"max_hp_gain":0,"max_hp_loss":0,"event_name":"Liars Game","floor":12,"gold_loss":0},{"damage_healed":0,"gold_gain":0,"player_choice":"Entered Light","damage_taken":27,"max_hp_gain":0,"max_hp_loss":0,"event_name":"Shining Light","floor":13,"gold_loss":0,"cards_upgraded":["Defend_R","Strike_R"]},{"damage_healed":0,"gold_gain":0,"player_choice":"Stole Relic","damage_taken":0,"relics_obtained":["Blood Vial"],"max_hp_gain":0,"max_hp_loss":0,"event_name":"Addict","floor":19,"gold_loss":0,"cards_obtained":["Shame"]},{"damage_healed":0,"gold_gain":0,"player_choice":"Fight","damage_taken":0,"max_hp_gain":0,"max_hp_loss":0,"event_name":"Colosseum","floor":21,"gold_loss":0},{"damage_healed":0,"gold_gain":0,"player_choice":"Fled From Nobs","damage_taken":0,"max_hp_gain":0,"max_hp_loss":0,"event_name":"Colosseum","floor":21,"gold_loss":0}],"is_beta":false,"boss_relics":[{"not_picked":["Empty Cage","Busted Crown"],"picked":"Black Blood"}],"items_purged_floors":[22],"is_endless":false,"potions_floor_spawned":[1,7,11,20],"killed_by":"Book of Stabbing","ascension_level":19}