{"gold_per_floor":[212,142,162,179,179,212,212,245,245,260,260],"floor_reached":11,"playtime":599,"items_purged":[],"score":116,"play_id":"b08b775c-1004-4224-807a-fe0a47626e6d","local_time":"20190515225726","is_ascension_mode":true,"campfire_choices":[],"neow_cost":"NONE","seed_source_timestamp":78272594512582,"circlet_count":0,"master_deck":["Defend_G","Defend_G","Defend_G","Defend_G","Defend_G","Strike_G","Strike_G","Strike_G","Strike_G+1","Strike_G","Survivor","Neutralize+1","Sucker Punch","Noxious Fumes","Deadly Poison","Well Laid Plans","Unload","Flechettes+1","Backflip"],"relics":["Ring of the Snake","Bag of Marbles","Molten Egg 2","Matryoshka","Art of War","Whetstone"],"potions_floor_usage":[11],"damage_taken":[{"damage":7,"enemies":"Jaw Worm","floor":1,"turns":8},{"damage":0,"enemies":"Cultist","floor":3,"turns":4},{"damage":4,"enemies":"2 Louse","floor":4,"turns":4},{"damage":39,"enemies":"Gremlin Nob","floor":6,"turns":5},{"damage":19,"enemies":"Lagavulin","floor":8,"turns":6},{"damage":4,"enemies":"Large Slime","floor":10,"turns":4},{"damage":17,"enemies":"Exordium Thugs","floor":11,"turns":2}],"seed_played":"562850941096056885","potions_obtained":[{"floor":6,"key":"Energy Potion"},{"floor":10,"key":"Explosive Potion"}],"is_trial":false,"path_per_floor":["M","$","M","M","?","E","?","E","T","M","M"],"character_chosen":"THE_SILENT","items_purchased":["Noxious Fumes"],"campfire_rested":0,"item_purchase_floors":[2],"current_hp_per_floor":[56,56,56,52,70,31,31,12,12,8,0],"gold":260,"neow_bonus":"HUNDRED_GOLD","is_prod":false,"is_daily":false,"chose_seed":false,"campfire_upgraded":0,"win_rate":0,"timestamp":1557986246,"path_taken":["M","$","M","M","?","E","?","E","T","M","?"],"build_version":"2019-01-23","purchased_purges":0,"victory":false,"max_hp_per_floor":[70,70,70,70,70,70,70,70,70,70,70],"card_choices":[{"not_picked":["Infinite Blades","Leg Sweep"],"picked":"Sucker Punch","floor":1},{"not_picked":["Flying Knee","Slice"],"picked":"Deadly Poison","floor":3},{"not_picked":["Slice","Underhanded Strike"],"picked":"Well Laid Plans","floor":4},{"not_picked":["Bane","Acrobatics"],"picked":"Unload","floor":6},{"not_picked":["Doppelganger","Sucker Punch+1"],"picked":"Flechettes+1","floor":8},{"not_picked":["Cloak And Dagger","Underhanded Strike+1"],"picked":"Backflip","floor":10}],"player_experience":755605,"relics_obtained":[{"floor":6,"key":"Bag of Marbles"},{"floor":8,"key":"Matryoshka"},{"floor":9,"key":"Art of War"},{"floor":9,"key":"Whetstone"}],"event_choices":[{"damage_healed":23,"gold_gain":0,"player_choice":"Banana","damage_taken":0,"max_hp_gain":0,"max_hp_loss":0,"event_name":"Big Fish","floor":5,"gold_loss":0},{"damage_healed":0,"gold_gain":0,"player_choice":"Gave Potion","damage_taken":0,"relics_obtained":["Molten Egg 2"],"max_hp_gain":0,"max_hp_loss":0,"event_name":"WeMeetAgain","floor":7,"gold_loss":0}],"is_beta":false,"boss_relics":[],"items_purged_floors":[],"is_endless":false,"potions_floor_spawned":[6,10],"killed_by":"Exordium Thugs","ascension_level":8}