{"gold_per_floor":[119,69,81,81,100,132,98,98,121,134,163,163,163,192,192,294,294,306,381,399,305,321,321,336,362,362,362,379,405,43,43,43,148,148,164,124,135,35,46,46,74,91,91,111,127,127,227,227,227,227],"floor_reached":50,"playtime":5376,"items_purged":["Defend_B","Strike_B"],"score":716,"play_id":"2af33ec5-c200-4a29-b513-a1089e9e31ba","local_time":"20190607165744","is_ascension_mode":true,"campfire_choices":[{"data":"Zap","floor":8.0,"key":"SMITH"},{"data":"Doom and Gloom","floor":12.0,"key":"SMITH"},{"data":"Conserve Battery","floor":15.0,"key":"SMITH"},{"floor":23.0,"key":"REST"},{"floor":27.0,"key":"REST"},{"floor":32.0,"key":"REST"},{"floor":40.0,"key":"RECALL"},{"data":"Buffer","floor":46,"key":"SMITH"},{"data":"Hologram","floor":49,"key":"SMITH"}],"neow_cost":"NONE","seed_source_timestamp":0,"circlet_count":0,"master_deck":["Strike_B","Defend_B","Defend_B","Zap+1","Dualcast","Self Repair","Ball Lightning","Self Repair","Conserve Battery+1","Doom and Gloom+1","Capacitor","Turbo","Buffer+1","Barrage+1","Force Field","Hologram+1","Hello World+1","Leap","RitualDagger","Gash","Reinforced Body+1","Conserve Battery+1","Ball Lightning+1","White Noise+1","Compile Driver","Heatsinks+1"],"special_seed":0,"relics":["FrozenCore","Bag of Marbles","Bag of Preparation","StoneCalendar","Potion Belt","Lantern","Meat on the Bone","Bottled Lightning","Bottled Flame","Orrery","Symbiotic Virus","Ice Cream","Nunchaku","Ornamental Fan"],"potions_floor_usage":[50],"damage_taken":[{"damage":0.0,"enemies":"2 Louse","floor":1.0,"turns":2.0},{"damage":2.0,"enemies":"Jaw Worm","floor":3.0,"turns":3.0},{"damage":1.0,"enemies":"Cultist","floor":5.0,"turns":3.0},{"damage":28.0,"enemies":"Lagavulin","floor":6.0,"turns":7.0},{"damage":0.0,"enemies":"Lots of Slimes","floor":10.0,"turns":1.0},{"damage":19.0,"enemies":"Gremlin Nob","floor":11.0,"turns":4.0},{"damage":30.0,"enemies":"Lagavulin","floor":14.0,"turns":4.0},{"damage":33.0,"enemies":"Hexaghost","floor":16.0,"turns":9.0},{"damage":25.0,"enemies":"3 Byrds","floor":18.0,"turns":4.0},{"damage":5.0,"enemies":"Chosen","floor":20.0,"turns":5.0},{"damage":34.0,"enemies":"Snake Plant","floor":22.0,"turns":7.0},{"damage":27.0,"enemies":"Cultist and Chosen","floor":24.0,"turns":7.0},{"damage":33.0,"enemies":"Book of Stabbing","floor":25.0,"turns":7.0},{"damage":6.0,"enemies":"Snecko","floor":28.0,"turns":6.0},{"damage":38.0,"enemies":"Slavers","floor":29.0,"turns":7.0},{"damage":43.0,"enemies":"Champ","floor":33.0,"turns":12.0},{"damage":0.0,"enemies":"3 Shapes","floor":35.0,"turns":4.0},{"damage":4.0,"enemies":"Orb Walker","floor":37.0,"turns":4.0},{"damage":10.0,"enemies":"3 Darklings","floor":39.0,"turns":6.0},{"damage":17.0,"enemies":"Nemesis","floor":41.0,"turns":7.0},{"damage":25.0,"enemies":"Transient","floor":42.0,"turns":5.0},{"damage":40.0,"enemies":"Maw","floor":44.0,"turns":9.0},{"damage":16,"enemies":"Writhing Mass","floor":45,"turns":8},{"damage":0,"enemies":"Mind Bloom Boss Battle","floor":47,"turns":5},{"damage":75,"enemies":"Awakened One","floor":50,"turns":9}],"seed_played":"-9213427802377758669","potions_obtained":[{"floor":5.0,"key":"Strength Potion"},{"floor":6.0,"key":"Poison Potion"},{"floor":14.0,"key":"Fire Potion"},{"floor":25.0,"key":"Poison Potion"},{"floor":28.0,"key":"SpeedPotion"},{"floor":29.0,"key":"Energy Potion"},{"floor":33.0,"key":"Ancient Potion"},{"floor":37.0,"key":"AttackPotion"},{"floor":41.0,"key":"Block Potion"},{"floor":42.0,"key":"SteroidPotion"},{"floor":44.0,"key":"Fire Potion"},{"floor":47,"key":"Poison Potion"}],"is_trial":false,"path_per_floor":["M","?","M","?","M","E","$","R","T","M","E","R","?","E","R","B",null,"M","?","M","?","M","R","M","E","T","R","M","E","$","?","R","B",null,"M","?","M","$","M","R","E","M","T","M","M","R","?","T","R","B"],"character_chosen":"DEFECT","items_purchased":["Capacitor","Bottled Flame","Leap"],"campfire_rested":3,"item_purchase_floors":[7,30,30],"current_hp_per_floor":[75,75,75,75,75,61,61,61,61,61,56,56,56,40,40,21,62,51,44,53,53,33,55,35,16,16,38,58,46,46,40,62,45,68,75,75,75,75,72,72,62,63,63,49,59,59,73,73,73,0],"gold":227,"neow_bonus":"THREE_CARDS","is_prod":false,"is_daily":false,"chose_seed":false,"campfire_upgraded":5,"win_rate":0,"timestamp":1559937464,"path_taken":["M","?","M","?","M","E","$","R","T","M","E","R","?","E","R","BOSS","M","?","?","?","M","R","M","E","T","R","?","E","$","?","R","BOSS","M","?","M","$","M","R","E","M","T","M","?","R","?","?","R","BOSS"],"build_version":"2019-01-23","purchased_purges":2,"victory":false,"max_hp_per_floor":[75,75,75,75,75,75,75,75,75,75,75,75,75,75,75,75,75,75,75,75,75,75,75,75,75,75,75,75,75,75,75,75,75,75,75,75,75,75,75,75,75,75,75,75,75,75,75,75,75,75],"card_choices":[{"not_picked":["Conserve Battery","Turbo"],"picked":"Self Repair","floor":0.0},{"not_picked":["Go for the Eyes","Scrape"],"picked":"Ball Lightning","floor":1.0},{"not_picked":["Ball Lightning","Reprogram"],"picked":"Self Repair","floor":3.0},{"not_picked":["Rip and Tear","Go for the Eyes"],"picked":"Conserve Battery","floor":5.0},{"not_picked":["Gash","Sweeping Beam"],"picked":"Doom and Gloom","floor":6.0},{"not_picked":["Blizzard","Tempest","Streamline"],"picked":"SKIP","floor":10.0},{"not_picked":["Heatsinks","Steam Power","Sweeping Beam"],"picked":"SKIP","floor":11.0},{"not_picked":["Tempest","Beam Cell","Sweeping Beam"],"picked":"SKIP","floor":14.0},{"not_picked":["Thunder Strike","All For One"],"picked":"Buffer","floor":16.0},{"not_picked":["Sweeping Beam","Gash"],"picked":"Barrage+1","floor":18.0},{"not_picked":["Go for the Eyes+1","Gash"],"picked":"Force Field","floor":20.0},{"not_picked":["Conserve Battery","Double Energy+1"],"picked":"Hologram","floor":22.0},{"not_picked":["Ball Lightning","Compile Driver","Steam Power+1"],"picked":"SKIP","floor":24.0},{"not_picked":["All For One","Sweeping Beam","Darkness+1"],"picked":"SKIP","floor":25.0},{"not_picked":["Auto Shields","Redo"],"picked":"Hello World+1","floor":28.0},{"not_picked":["Capacitor","Stack","Go for the Eyes"],"picked":"SKIP","floor":29.0},{"not_picked":["Hologram+1","Genetic Algorithm"],"picked":"Gash","floor":34.0},{"not_picked":["Doom and Gloom","Genetic Algorithm"],"picked":"Reinforced Body+1","floor":34.0},{"not_picked":["Redo","Chill"],"picked":"Conserve Battery+1","floor":34.0},{"not_picked":["Beam Cell","Go for the Eyes"],"picked":"Ball Lightning+1","floor":34.0},{"not_picked":["Turbo","Darkness+1"],"picked":"White Noise","floor":35.0},{"not_picked":["Redo","Beam Cell+1","Go for the Eyes+1"],"picked":"SKIP","floor":37.0},{"not_picked":["Consume+1","Stack+1"],"picked":"Compile Driver","floor":39.0},{"not_picked":["Capacitor+1","Force Field","Steam Power"],"picked":"SKIP","floor":41.0},{"not_picked":["Streamline","Sweeping Beam+1","Hologram+1"],"picked":"SKIP","floor":42.0},{"not_picked":["Hyperbeam","Conserve Battery"],"picked":"Heatsinks+1","floor":44.0},{"not_picked":["Ball Lightning","Stack+1","Force Field"],"picked":"SKIP","floor":45}],"player_experience":933683,"relics_obtained":[{"floor":6.0,"key":"Bag of Marbles"},{"floor":11.0,"key":"Bag of Preparation"},{"floor":14.0,"key":"StoneCalendar"},{"floor":25.0,"key":"Lantern"},{"floor":26.0,"key":"Meat on the Bone"},{"floor":29.0,"key":"Bottled Lightning"},{"floor":41.0,"key":"Symbiotic Virus"},{"floor":43.0,"key":"Ice Cream"},{"floor":47,"key":"Nunchaku"},{"floor":48,"key":"Ornamental Fan"}],"event_choices":[{"cards_removed":["Strike_B"],"damage_healed":0.0,"max_hp_gain":0.0,"max_hp_loss":0.0,"gold_gain":0.0,"event_name":"The Cleric","player_choice":"Card Removal","floor":2.0,"gold_loss":50.0,"damage_taken":0.0},{"cards_removed":["Defend_B"],"damage_healed":0.0,"max_hp_gain":0.0,"max_hp_loss":0.0,"gold_gain":0.0,"event_name":"Living Wall","player_choice":"Forget","floor":4.0,"gold_loss":0.0,"damage_taken":0.0},{"damage_healed":0.0,"max_hp_gain":0.0,"max_hp_loss":0.0,"gold_gain":0.0,"cards_transformed":["Strike_B"],"event_name":"Transmorgrifier","player_choice":"Transformed","floor":13.0,"gold_loss":0.0,"damage_taken":0.0,"cards_obtained":["Turbo"]},{"damage_healed":0.0,"max_hp_gain":0.0,"max_hp_loss":0.0,"gold_gain":75.0,"event_name":"FaceTrader","player_choice":"Touch","floor":19.0,"gold_loss":0.0,"damage_taken":7.0},{"damage_healed":0.0,"max_hp_gain":0.0,"max_hp_loss":0.0,"gold_gain":0.0,"event_name":"WeMeetAgain","player_choice":"Paid Gold","floor":21.0,"gold_loss":94.0,"damage_taken":0.0,"relics_obtained":["Potion Belt"]},{"damage_healed":0.0,"max_hp_gain":0.0,"max_hp_loss":0.0,"gold_gain":0.0,"event_name":"Nest","player_choice":"Joined the Cult","floor":31.0,"gold_loss":0.0,"damage_taken":6.0,"cards_obtained":["RitualDagger"]},{"damage_healed":0.0,"max_hp_gain":0.0,"max_hp_loss":0.0,"gold_gain":0.0,"event_name":"Designer","player_choice":"Upgrade","floor":36.0,"gold_loss":40.0,"damage_taken":0.0,"cards_upgraded":["White Noise"]},{"damage_healed":0,"gold_gain":0,"player_choice":"Fight","damage_taken":0,"max_hp_gain":0,"max_hp_loss":0,"event_name":"MindBloom","floor":47,"gold_loss":0}],"is_beta":false,"boss_relics":[{"not_picked":["Fusion Hammer","Philosopher\u0027s Stone"],"picked":"FrozenCore"},{"not_picked":["Coffee Dripper","Runic Dome"],"picked":"Orrery"}],"items_purged_floors":[30,38],"is_endless":false,"potions_floor_spawned":[5,6,14,25,28,29,33,37,41,42,44,47],"killed_by":"Awakened One","ascension_level":7}