{"gold_per_floor":[114,130,130,130,130,130,140,150,226,226,236,252,252,262,262,357,357,369,383,383,402,402,402,414,414,414,414,429,440,451,451,451,451],"floor_reached":33,"playtime":752,"items_purged":[],"score":243,"play_id":"5ee89af6-2a03-4318-acca-381b0cf3152d","local_time":"20190410200331","is_ascension_mode":false,"campfire_choices":[{"data":"Armaments","floor":6,"key":"SMITH"},{"data":"Bash","floor":10,"key":"SMITH"},{"floor":15,"key":"REST"},{"data":"Reaper","floor":23,"key":"SMITH"},{"data":"Body Slam","floor":27,"key":"SMITH"},{"floor":32,"key":"REST"}],"neow_cost":"NONE","seed_source_timestamp":178956661022219,"circlet_count":0,"master_deck":["Strike_R+1","Strike_R+1","Strike_R+1","Strike_R+1","Strike_R+1","Defend_R+1","Defend_R+1","Defend_R+1","Defend_R+1","Bash+1","Armaments+1","Reaper+1","Shockwave+1","Body Slam+1","Cleave","Body Slam","Demon Form"],"relics":["Burning Blood","Mercury Hourglass","Runic Dome","Self Forming Clay"],"potions_floor_usage":[16,21,33,33,33],"damage_taken":[{"damage":6,"enemies":"Cultist","floor":1,"turns":3},{"damage":0,"enemies":"Small Slimes","floor":2,"turns":3},{"damage":6,"enemies":"Jaw Worm","floor":7,"turns":3},{"damage":36,"enemies":"Exordium Thugs","floor":8,"turns":5},{"damage":22,"enemies":"Exordium Wildlife","floor":11,"turns":4},{"damage":11,"enemies":"Looter","floor":12,"turns":4},{"damage":5,"enemies":"3 Louse","floor":14,"turns":2},{"damage":54,"enemies":"The Guardian","floor":16,"turns":12},{"damage":22,"enemies":"Spheric Guardian","floor":18,"turns":4},{"damage":15,"enemies":"Chosen","floor":19,"turns":4},{"damage":13,"enemies":"Snake Plant","floor":21,"turns":2},{"damage":19,"enemies":"Snecko","floor":24,"turns":5},{"damage":12,"enemies":"Chosen and Byrds","floor":28,"turns":5},{"damage":1,"enemies":"Cultist and Chosen","floor":29,"turns":5},{"damage":18,"enemies":"Snake Plant","floor":30,"turns":4},{"damage":97,"enemies":"Automaton","floor":33,"turns":8}],"seed_played":"-2470658725702227430","potions_obtained":[{"floor":1,"key":"Regen Potion"},{"floor":14,"key":"SkillPotion"},{"floor":16,"key":"AttackPotion"},{"floor":18,"key":"AttackPotion"},{"floor":29,"key":"Weak Potion"}],"is_trial":false,"path_per_floor":["M","M","?","$","?","R","M","M","T","R","M","M","?","M","R","B",null,"M","M","?","M","?","R","M","?","T","R","M","M","M","?","R","B"],"character_chosen":"IRONCLAD","items_purchased":[],"campfire_rested":2,"item_purchase_floors":[],"current_hp_per_floor":[88,88,70,70,70,70,70,40,40,40,24,19,19,20,46,13,88,72,68,68,65,65,65,59,59,59,59,60,72,67,50,77,0],"gold":451,"neow_bonus":"TEN_PERCENT_HP_BONUS","is_prod":false,"is_daily":false,"chose_seed":false,"campfire_upgraded":4,"win_rate":0,"timestamp":1554919411,"path_taken":["M","?","?","$","?","R","M","M","T","R","M","?","?","M","R","BOSS","M","M","?","M","?","R","M","?","T","R","?","M","M","?","R","BOSS"],"build_version":"2019-01-23","purchased_purges":0,"victory":false,"max_hp_per_floor":[88,88,88,88,88,88,88,88,88,88,88,88,88,88,88,88,88,88,88,88,88,88,88,88,88,88,88,88,88,88,93,93,93],"card_choices":[{"not_picked":["Sword Boomerang","Havoc","Warcry"],"picked":"SKIP","floor":1},{"not_picked":["Perfected Strike","Havoc"],"picked":"Armaments","floor":2},{"not_picked":["Carnage","Clothesline","Havoc"],"picked":"SKIP","floor":7},{"not_picked":["Armaments","Evolve","Wild Strike"],"picked":"SKIP","floor":8},{"not_picked":["Dual Wield","Flex","Pommel Strike"],"picked":"SKIP","floor":11},{"not_picked":["Dropkick","Rupture","Warcry"],"picked":"SKIP","floor":12},{"not_picked":["Clash","Thunderclap","Second Wind"],"picked":"SKIP","floor":14},{"not_picked":["Fiend Fire","Dark Embrace"],"picked":"Reaper","floor":16},{"not_picked":["Perfected Strike","Inflame"],"picked":"Shockwave+1","floor":18},{"not_picked":["Dual Wield+1","Anger"],"picked":"Body Slam","floor":19},{"not_picked":["True Grit","Heavy Blade"],"picked":"Cleave","floor":21},{"not_picked":["Burning Pact","Anger","Wild Strike"],"picked":"SKIP","floor":24},{"not_picked":["Spot Weakness","Headbutt"],"picked":"Body Slam","floor":28},{"not_picked":["Body Slam","Heavy Blade+1"],"picked":"Demon Form","floor":29},{"not_picked":["Sword Boomerang","Twin Strike","Perfected Strike"],"picked":"SKIP","floor":30}],"player_experience":109294,"relics_obtained":[{"floor":9,"key":"Mercury Hourglass"},{"floor":26,"key":"Self Forming Clay"}],"event_choices":[{"damage_healed":0,"gold_gain":0,"player_choice":"Entered Light","damage_taken":18,"max_hp_gain":0,"max_hp_loss":0,"event_name":"Shining Light","floor":3,"gold_loss":0,"cards_upgraded":["Strike_R","Strike_R"]},{"damage_healed":0,"gold_gain":0,"player_choice":"Cursed","damage_taken":0,"max_hp_gain":0,"max_hp_loss":0,"event_name":"Wheel of Change","floor":5,"gold_loss":0,"cards_obtained":["Decay"]},{"cards_removed":["Decay"],"damage_healed":0,"gold_gain":0,"player_choice":"Forget","damage_taken":0,"max_hp_gain":0,"max_hp_loss":0,"event_name":"Living Wall","floor":13,"gold_loss":0},{"damage_healed":0,"gold_gain":0,"player_choice":"Simplicity","damage_taken":0,"max_hp_gain":0,"max_hp_loss":0,"event_name":"Back to Basics","floor":20,"gold_loss":0,"cards_upgraded":["Strike_R","Strike_R","Strike_R","Defend_R","Defend_R","Defend_R","Defend_R"]},{"damage_healed":0,"gold_gain":0,"player_choice":"Ignored","damage_taken":0,"max_hp_gain":0,"max_hp_loss":0,"event_name":"Beggar","floor":22,"gold_loss":0},{"damage_healed":0,"gold_gain":0,"player_choice":"Leave","damage_taken":0,"max_hp_gain":0,"max_hp_loss":0,"event_name":"FaceTrader","floor":25,"gold_loss":0},{"damage_healed":0,"gold_gain":0,"player_choice":"Shed Blood","damage_taken":22,"max_hp_gain":5,"max_hp_loss":0,"event_name":"Forgotten Altar","floor":31,"gold_loss":0}],"is_beta":false,"boss_relics":[{"not_picked":["Runic Pyramid","Sozu"],"picked":"Runic Dome"}],"items_purged_floors":[],"is_endless":false,"potions_floor_spawned":[1,14,16,18,19,29],"killed_by":"Automaton","ascension_level":0}