{"gold_per_floor":[113,113,69,87,87,116,116,135,135,166,184,203,213,186,186,259,259,273,290,290],"floor_reached":20,"playtime":1089,"items_purged":[],"score":382,"play_id":"7ed8f865-599d-47bc-b239-b3d3eb3c85e9","local_time":"20190523155014","is_ascension_mode":true,"campfire_choices":[{"data":"Feel No Pain","floor":7,"key":"SMITH"},{"floor":15,"key":"REST"}],"neow_cost":"NONE","seed_source_timestamp":460907944684923,"circlet_count":0,"master_deck":["AscendersBane","Strike_R","Strike_R","Strike_R","Strike_R","Strike_R","Defend_R","Defend_R","Defend_R","Defend_R","Bash","Anger+1","Feel No Pain+1","Sever Soul","Regret","Inflame","Rupture","Brutality","Shrug It Off","Metallicize","Whirlwind","Demon Form"],"relics":["Burning Blood","Dream Catcher","Prayer Wheel","Singing Bowl","Self Forming Clay","Darkstone Periapt","Busted Crown"],"potions_floor_usage":[6,13,13,14],"damage_taken":[{"damage":5,"enemies":"Small Slimes","floor":1,"turns":3},{"damage":4,"enemies":"Jaw Worm","floor":4,"turns":4},{"damage":30,"enemies":"Gremlin Nob","floor":6,"turns":4},{"damage":0,"enemies":"Cultist","floor":8,"turns":3},{"damage":17,"enemies":"3 Sentries","floor":10,"turns":11},{"damage":9,"enemies":"2 Fungi Beasts","floor":11,"turns":4},{"damage":11,"enemies":"Blue Slaver","floor":12,"turns":4},{"damage":29,"enemies":"Gremlin Gang","floor":13,"turns":5},{"damage":14,"enemies":"Exordium Thugs","floor":14,"turns":4},{"damage":35,"enemies":"Hexaghost","floor":16,"turns":10},{"damage":37,"enemies":"Chosen","floor":18,"turns":7},{"damage":35,"enemies":"Spheric Guardian","floor":19,"turns":6},{"damage":24,"enemies":"Snake Plant","floor":20,"turns":1}],"seed_played":"-1128232693464408477","potions_obtained":[{"floor":1,"key":"Regen Potion"},{"floor":4,"key":"Poison Potion"},{"floor":8,"key":"Energy Potion"},{"floor":13,"key":"Dexterity Potion"},{"floor":19,"key":"Fire Potion"}],"is_trial":false,"path_per_floor":["M","?","$","M","?","E","R","M","T","E","M","M","M","M","R","B",null,"M","M","M"],"character_chosen":"IRONCLAD","items_purchased":["Feel No Pain"],"campfire_rested":1,"item_purchase_floors":[3],"current_hp_per_floor":[69,69,69,71,71,49,49,57,57,46,45,42,35,29,57,28,74,47,22,0],"gold":290,"neow_bonus":"RANDOM_COMMON_RELIC","is_prod":false,"is_daily":false,"chose_seed":false,"campfire_upgraded":1,"win_rate":0,"timestamp":1558637414,"path_taken":["M","?","$","M","?","E","R","M","T","E","M","M","?","?","R","BOSS","M","M","M"],"build_version":"2019-01-23","purchased_purges":0,"victory":false,"max_hp_per_floor":[75,75,75,75,75,77,77,79,79,79,81,83,85,87,89,89,89,93,97,97],"card_choices":[{"not_picked":["Burning Pact","Searing Blow"],"picked":"Anger","floor":1},{"not_picked":["Combust","Cleave"],"picked":"Sever Soul","floor":4},{"not_picked":["Body Slam","True Grit","Power Through"],"picked":"Singing Bowl","floor":6},{"not_picked":["Heavy Blade","Twin Strike"],"picked":"Inflame","floor":8},{"not_picked":["Perfected Strike","Wild Strike","Hemokinesis"],"picked":"Singing Bowl","floor":8},{"not_picked":["Twin Strike","Thunderclap"],"picked":"Rupture","floor":10},{"not_picked":["Whirlwind","Wild Strike"],"picked":"Brutality","floor":11},{"not_picked":["Heavy Blade","Blood for Blood","Clash"],"picked":"Singing Bowl","floor":11},{"not_picked":["Body Slam","Power Through"],"picked":"Shrug It Off","floor":12},{"not_picked":["Flex","Headbutt","Anger"],"picked":"Singing Bowl","floor":12},{"not_picked":["Double Tap","Pommel Strike","Infernal Blade"],"picked":"Singing Bowl","floor":13},{"not_picked":["Infernal Blade","Clothesline"],"picked":"Metallicize","floor":13},{"not_picked":["Battle Trance","Twin Strike"],"picked":"Whirlwind","floor":14},{"not_picked":["Perfected Strike","Rupture","Thunderclap"],"picked":"Singing Bowl","floor":14},{"not_picked":["Pommel Strike","Perfected Strike","Heavy Blade"],"picked":"Singing Bowl","floor":15},{"not_picked":["Offering","Juggernaut"],"picked":"Demon Form","floor":16},{"not_picked":["Cleave"],"picked":"Singing Bowl","floor":18},{"not_picked":["Carnage"],"picked":"Singing Bowl","floor":18},{"not_picked":["Inflame"],"picked":"Singing Bowl","floor":19},{"not_picked":["Wild Strike"],"picked":"Singing Bowl","floor":19}],"player_experience":780974,"relics_obtained":[{"floor":6,"key":"Singing Bowl"},{"floor":9,"key":"Self Forming Clay"},{"floor":10,"key":"Darkstone Periapt"}],"event_choices":[{"damage_healed":0,"gold_gain":0,"player_choice":"Grow","damage_taken":0,"max_hp_gain":0,"max_hp_loss":0,"event_name":"Living Wall","floor":2,"gold_loss":0,"cards_upgraded":["Anger"]},{"damage_healed":0,"gold_gain":0,"player_choice":"Box","damage_taken":0,"relics_obtained":["Prayer Wheel"],"max_hp_gain":0,"max_hp_loss":0,"event_name":"Big Fish","floor":5,"gold_loss":0,"cards_obtained":["Regret"]}],"is_beta":false,"boss_relics":[{"not_picked":["Coffee Dripper","Astrolabe"],"picked":"Busted Crown"}],"items_purged_floors":[],"is_endless":false,"potions_floor_spawned":[1,4,8,10,13,19],"killed_by":"Snake Plant","ascension_level":18}