{"gold_per_floor":[113,130,55,155,167,196,208,208,208,38,57,71,88,120,120,222,222,212,212,127,127,145,145,174,188,188,200,300,200,215,226,226,326,326,341,341,351,420,470,470,486,504,504,530,631,631,591,656,656,656],"floor_reached":51,"playtime":2455,"items_purged":["Strike_R","Strike_R"],"score":763,"play_id":"1e471eaf-89d4-4ea5-b348-3e1274cf3fd0","local_time":"20190605144024","is_ascension_mode":false,"campfire_choices":[{"data":"Corruption","floor":8,"key":"SMITH"},{"data":"Metallicize","floor":15,"key":"SMITH"},{"data":"Intimidate","floor":23,"key":"SMITH"},{"data":"Limit Break","floor":32,"key":"SMITH"},{"data":"Juggernaut","floor":40,"key":"SMITH"},{"data":"Juggernaut","floor":46,"key":"SMITH"},{"data":"Feel No Pain","floor":49,"key":"SMITH"}],"neow_cost":"NONE","seed_source_timestamp":1578529718044227,"circlet_count":0,"master_deck":["Strike_R","Strike_R","Strike_R","Defend_R+1","Defend_R","Defend_R+1","Bash","Anger","Metallicize+1","Metallicize","Intimidate+1","Corruption+1","Impervious","Inflame","Iron Wave","Shockwave","Metallicize+1","Limit Break+1","Cleave","Feel No Pain+1","Bloodletting+1","Dropkick+1","Battle Trance","Flame Barrier","Spot Weakness","Juggernaut+1","Metallicize","Reaper+1","Heavy Blade+1","Intimidate+1","Body Slam+1","Juggernaut+1"],"relics":["Burning Blood","NeowsBlessing","Vajra","Meat on the Bone","Charon\u0027s Ashes","Mark of Pain","Pocketwatch","War Paint","Shuriken","FossilizedHelix","Molten Egg 2","Sozu","SsserpentHead","Sundial","Self Forming Clay","Turnip"],"potions_floor_usage":[14,16,16,24,31,38,50,50],"damage_taken":[{"damage":0,"enemies":"Small Slimes","floor":1,"turns":1},{"damage":0,"enemies":"Cultist","floor":2,"turns":1},{"damage":0,"enemies":"2 Louse","floor":5,"turns":1},{"damage":33,"enemies":"Gremlin Nob","floor":6,"turns":5},{"damage":0,"enemies":"Exordium Wildlife","floor":7,"turns":4},{"damage":2,"enemies":"Looter","floor":11,"turns":4},{"damage":5,"enemies":"3 Louse","floor":12,"turns":4},{"damage":2,"enemies":"Red Slaver","floor":13,"turns":5},{"damage":2,"enemies":"Lagavulin","floor":14,"turns":6},{"damage":15,"enemies":"Hexaghost","floor":16,"turns":11},{"damage":10,"enemies":"2 Thieves","floor":18,"turns":5},{"damage":14,"enemies":"Shell Parasite","floor":22,"turns":5},{"damage":35,"enemies":"Slavers","floor":24,"turns":8},{"damage":0,"enemies":"Snecko","floor":25,"turns":5},{"damage":3,"enemies":"Centurion and Healer","floor":27,"turns":5},{"damage":3,"enemies":"Colosseum Slavers","floor":28,"turns":5},{"damage":10,"enemies":"Colosseum Nobs","floor":28,"turns":6},{"damage":0,"enemies":"Snake Plant","floor":30,"turns":4},{"damage":0,"enemies":"3 Cultists","floor":31,"turns":4},{"damage":33,"enemies":"Automaton","floor":33,"turns":8},{"damage":0,"enemies":"Orb Walker","floor":35,"turns":5},{"damage":0,"enemies":"3 Shapes","floor":37,"turns":3},{"damage":8,"enemies":"3 Darklings","floor":38,"turns":6},{"damage":0,"enemies":"4 Shapes","floor":41,"turns":6},{"damage":3,"enemies":"Jaw Worm Horde","floor":42,"turns":4},{"damage":6,"enemies":"Reptomancer","floor":44,"turns":7},{"damage":24,"enemies":"2 Orb Walkers","floor":45,"turns":4},{"damage":9,"enemies":"Transient","floor":48,"turns":5},{"damage":86,"enemies":"Awakened One","floor":50,"turns":9}],"seed_played":"-3613805924168605528","potions_obtained":[{"floor":5,"key":"FearPotion"},{"floor":7,"key":"SteroidPotion"},{"floor":11,"key":"Block Potion"},{"floor":14,"key":"Swift Potion"},{"floor":22,"key":"Block Potion"},{"floor":30,"key":"Energy Potion"},{"floor":31,"key":"LiquidBronze"},{"floor":33,"key":"Block Potion"}],"is_trial":false,"path_per_floor":["M","M","$","?","M","E","M","R","T","$","M","M","M","E","R","B",null,"M","?","?","?","M","R","E","M","T","M","?","$","M","M","R","B",null,"M","?","M","M","?","R","M","M","T","E","?","R","?","M","R","B",null],"character_chosen":"IRONCLAD","items_purchased":["Metallicize","Inflame","Iron Wave"],"campfire_rested":0,"item_purchase_floors":[3,10,10],"current_hp_per_floor":[80,80,80,80,80,53,59,59,59,59,63,64,68,72,72,63,80,76,76,76,61,53,53,36,54,54,57,56,56,62,68,68,53,85,85,85,85,83,81,81,81,81,81,81,81,81,81,78,78,26],"gold":656,"neow_bonus":"THREE_ENEMY_KILL","is_prod":false,"is_daily":false,"chose_seed":false,"campfire_upgraded":7,"win_rate":0,"timestamp":1559756424,"path_taken":["M","M","$","?","M","E","M","R","T","$","M","?","M","E","R","BOSS","M","?","?","?","?","R","E","M","T","M","?","$","M","M","R","BOSS","M","?","M","?","?","R","M","M","T","E","?","R","?","?","R","BOSS"],"build_version":"2019-01-23","purchased_purges":2,"victory":true,"max_hp_per_floor":[80,80,80,80,80,80,80,80,80,80,80,80,80,80,80,80,80,80,80,80,85,85,85,85,85,85,85,85,85,85,85,85,85,85,85,85,85,85,81,81,81,81,81,81,81,81,81,81,81,81],"card_choices":[{"not_picked":["Armaments","Blood for Blood"],"picked":"Anger","floor":1},{"not_picked":["Headbutt","Heavy Blade"],"picked":"Metallicize","floor":2},{"not_picked":["Heavy Blade","Battle Trance"],"picked":"Intimidate","floor":5},{"not_picked":["Clash","Thunderclap"],"picked":"Corruption","floor":6},{"not_picked":["Warcry","Thunderclap"],"picked":"Impervious","floor":7},{"not_picked":["Headbutt","Rupture"],"picked":"Shockwave","floor":11},{"not_picked":["Perfected Strike","Second Wind"],"picked":"Metallicize","floor":12},{"not_picked":["Thunderclap","Power Through","Impervious"],"picked":"SKIP","floor":13},{"not_picked":["Dropkick","Fire Breathing","Uppercut"],"picked":"SKIP","floor":14},{"not_picked":["Brutality","Offering"],"picked":"Limit Break","floor":16},{"not_picked":["Twin Strike","Clash"],"picked":"Cleave","floor":18},{"not_picked":["Perfected Strike","Clash"],"picked":"Bloodletting+1","floor":22},{"not_picked":["Armaments","Pummel"],"picked":"Dropkick+1","floor":24},{"not_picked":["Thunderclap+1","Rupture+1"],"picked":"Battle Trance","floor":25},{"not_picked":["Rampage","Cleave+1"],"picked":"Flame Barrier","floor":27},{"not_picked":["Seeing Red","Anger"],"picked":"Spot Weakness","floor":28},{"not_picked":["Havoc","Iron Wave+1"],"picked":"Juggernaut","floor":30},{"not_picked":["Battle Trance","Sword Boomerang+1"],"picked":"Metallicize","floor":31},{"not_picked":["Limit Break","Impervious"],"picked":"Reaper+1","floor":33},{"not_picked":["Headbutt+1","Rampage+1"],"picked":"Heavy Blade+1","floor":35},{"not_picked":["Heavy Blade+1","Armaments"],"picked":"Intimidate+1","floor":37},{"not_picked":["Fire Breathing","True Grit","Burning Pact+1"],"picked":"SKIP","floor":38},{"not_picked":["Power Through+1","Infernal Blade"],"picked":"Body Slam+1","floor":41},{"not_picked":["Warcry","Blood for Blood+1"],"picked":"Juggernaut","floor":42},{"not_picked":["Twin Strike+1","Iron Wave+1","Entrench+1"],"picked":"SKIP","floor":44},{"not_picked":["Twin Strike+1","Clash+1","Perfected Strike+1"],"picked":"SKIP","floor":48}],"player_experience":917835,"relics_obtained":[{"floor":6,"key":"Vajra"},{"floor":9,"key":"Meat on the Bone"},{"floor":14,"key":"Charon\u0027s Ashes"},{"floor":24,"key":"War Paint"},{"floor":26,"key":"Shuriken"},{"floor":28,"key":"FossilizedHelix"},{"floor":28,"key":"Molten Egg 2"},{"floor":43,"key":"Sundial"},{"floor":44,"key":"Self Forming Clay"},{"floor":45,"key":"Turnip"}],"event_choices":[{"damage_healed":0,"gold_gain":100,"player_choice":"Pray","damage_taken":0,"max_hp_gain":0,"max_hp_loss":0,"event_name":"Golden Shrine","floor":4,"gold_loss":0},{"damage_healed":0,"gold_gain":0,"player_choice":"Read","damage_taken":0,"max_hp_gain":0,"max_hp_loss":0,"event_name":"The Library","floor":19,"gold_loss":0,"cards_obtained":["Feel No Pain"]},{"damage_healed":0,"gold_gain":0,"player_choice":"Obtained Relic","damage_taken":0,"relics_obtained":["Pocketwatch"],"max_hp_gain":0,"max_hp_loss":0,"event_name":"Addict","floor":20,"gold_loss":85},{"damage_healed":0,"gold_gain":0,"player_choice":"Shed Blood","damage_taken":20,"max_hp_gain":5,"max_hp_loss":0,"event_name":"Forgotten Altar","floor":21,"gold_loss":0},{"damage_healed":0,"gold_gain":0,"player_choice":"Fight","damage_taken":0,"max_hp_gain":0,"max_hp_loss":0,"event_name":"Colosseum","floor":28,"gold_loss":0},{"damage_healed":0,"gold_gain":0,"player_choice":"Fought Nobs","damage_taken":0,"max_hp_gain":0,"max_hp_loss":0,"event_name":"Colosseum","floor":28,"gold_loss":0},{"damage_healed":0,"gold_gain":0,"player_choice":"Trade","damage_taken":0,"relics_obtained":["SsserpentHead"],"max_hp_gain":0,"max_hp_loss":0,"event_name":"FaceTrader","floor":36,"gold_loss":0},{"damage_healed":0,"gold_gain":0,"player_choice":"Max HP","damage_taken":0,"max_hp_gain":0,"max_hp_loss":4,"event_name":"Winding Halls","floor":39,"gold_loss":0},{"damage_healed":0,"gold_gain":0,"player_choice":"Fight","damage_taken":0,"max_hp_gain":0,"max_hp_loss":0,"event_name":"Mysterious Sphere","floor":45,"gold_loss":0},{"cards_removed":["Defend_R"],"damage_healed":0,"gold_gain":0,"player_choice":"Upgrade and Remove","damage_taken":0,"max_hp_gain":0,"max_hp_loss":0,"event_name":"Designer","floor":47,"gold_loss":90,"cards_upgraded":["Metallicize"]}],"is_beta":false,"boss_relics":[{"not_picked":["Velvet Choker","Orrery"],"picked":"Mark of Pain"},{"not_picked":["Lizard Tail","Fusion Hammer"],"picked":"Sozu"}],"items_purged_floors":[10,29],"is_endless":false,"potions_floor_spawned":[5,7,11,14,22,28,30,31,33,35,37,45,48],"ascension_level":0}