{"path_per_floor":["M","M","M","$","?","R","E","?","T","?","M","E","M","M","R","B",null,"M","$","M","?","$","R","M","?","T","M","R","M","E","M","R","B",null,"M","M","?","?","?","R","E","R","T","M","M","?","M"],"character_chosen":"THE_SILENT","items_purchased":["Footwork","Bane","Snake Skull","Adrenaline"],"gold_per_floor":[110,126,141,47,47,47,74,74,74,74,89,121,141,152,152,257,287,306,154,167,167,18,18,38,38,38,48,48,66,100,113,113,218,218,228,239,239,294,294,294,323,323,373,391,404,404,418],"floor_reached":48,"campfire_rested":4,"playtime":2768,"current_hp_per_floor":[77,77,77,77,70,70,65,65,79,79,73,61,55,55,82,63,96,84,84,84,84,84,84,82,82,82,81,81,81,75,71,101,3,103,102,83,83,50,76,103,54,84,84,40,7,7,9],"items_purged":[],"gold":418,"score":567,"play_id":"89b1974a-29a6-4283-bc74-3b7f0f68dfc3","is_prod":false,"is_daily":false,"is_ascension_mode":true,"campfire_upgraded":3,"path_taken":["M","M","M","$","?","R","E","?","T","?","?","E","?","M","R","BOSS","M","?","M","?","$","R","M","?","T","M","R","M","E","M","R","BOSS","M","M","?","?","?","R","E","R","T","M","?","?","M","E"],"build_version":"2018-02-22-PROD2","purchased_purges":0,"victory":false,"master_deck":["Defend_G+1","Defend_G","Defend_G","Defend_G","Defend_G","Strike_G","Strike_G","Strike_G","Strike_G","Survivor","Neutralize","Escape Plan","Bouncing Flask","Corpse Explosion+1","Footwork+1","Bane","Noxious Fumes+1","Heel Hook","Adrenaline","Bane","Dagger Spray","Burst+1","Leg Sweep","PiercingWail","Flying Knee","Adrenaline","Skewer","Catalyst+1","Noxious Fumes","Quick Slash+1","Bullet Time","Dagger Spray+1","Slice+1","Writhe","Distraction","Backstab"],"max_hp_per_floor":[77,77,77,77,77,77,77,77,91,91,91,91,91,91,91,91,96,96,96,96,96,96,96,96,96,96,96,96,96,103,103,103,103,103,103,103,103,103,103,103,103,103,103,103,103,103,105],"relics":["Ring of the Snake","Vajra","Toolbox","Mango","Orichalcum","Tiny House","Snake Skull","Du-Vu Doll","Strawberry","The Specimen","Ice Cream","Letter Opener","Singing Bowl"],"card_choices":[{"not_picked":["Quick Slash","Underhanded Strike"],"picked":"Escape Plan"},{"not_picked":["Quick Slash","Distraction"],"picked":"Bouncing Flask"},{"not_picked":["Deadly Poison","Blade Dance"],"picked":"Corpse Explosion"},{"not_picked":["Acrobatics","Grand Finale"],"picked":"Noxious Fumes"},{"not_picked":["Predator","Cloak And Dagger"],"picked":"Heel Hook"},{"not_picked":["Quick Slash","Backflip"],"picked":"Adrenaline"},{"not_picked":["Dodge and Roll","Accuracy"],"picked":"Bane"},{"not_picked":["Outmaneuver","Eviscerate"],"picked":"Dagger Spray"},{"not_picked":["Die Die Die","Tools of the Trade"],"picked":"Burst"},{"not_picked":["Flying Knee","Dagger Spray"],"picked":"Leg Sweep"},{"not_picked":["Flechettes","Blur"],"picked":"PiercingWail"},{"not_picked":["Cloak And Dagger","Backflip"],"picked":"Flying Knee"},{"not_picked":["Riddle With Holes","Reflex"],"picked":"Skewer"},{"not_picked":["Dagger Throw","Dodge and Roll"],"picked":"Catalyst"},{"not_picked":["Quick Slash","Deadly Poison"],"picked":"Noxious Fumes"},{"not_picked":["Cloak And Dagger","Dagger Spray"],"picked":"Quick Slash"},{"not_picked":["Corpse Explosion","Tools of the Trade"],"picked":"Bullet Time"},{"not_picked":["Sucker Punch","Backflip"],"picked":"Dagger Spray"},{"not_picked":["Flying Knee","Choke"],"picked":"Slice"},{"not_picked":["Underhanded Strike","Deflect"],"picked":"Distraction"},{"not_picked":["Bane","Slice"],"picked":"Backstab"}],"player_experience":162688,"potions_floor_usage":[41,45,47],"damage_taken":[{"damage":0.0,"enemies":"Small Slimes","floor":1.0,"turns":3.0},{"damage":0.0,"enemies":"2 Louse","floor":2.0,"turns":3.0},{"damage":0.0,"enemies":"Cultist","floor":3.0,"turns":5.0},{"damage":5.0,"enemies":"Lagavulin","floor":7.0,"turns":8.0},{"damage":6.0,"enemies":"Exordium Wildlife","floor":11.0,"turns":3.0},{"damage":12.0,"enemies":"Gremlin Nob","floor":12.0,"turns":4.0},{"damage":6.0,"enemies":"Large Slime","floor":13.0,"turns":6.0},{"damage":0.0,"enemies":"Lots of Slimes","floor":14.0,"turns":3.0},{"damage":19.0,"enemies":"Slime Boss","floor":16.0,"turns":6.0},{"damage":12.0,"enemies":"2 Thieves","floor":18.0,"turns":4.0},{"damage":0.0,"enemies":"Chosen","floor":20.0,"turns":3.0},{"damage":2.0,"enemies":"Sentry and Sphere","floor":24.0,"turns":3.0},{"damage":1.0,"enemies":"Snecko","floor":27.0,"turns":5.0},{"damage":0.0,"enemies":"3 Cultists","floor":29.0,"turns":2.0},{"damage":13.0,"enemies":"Book of Stabbing","floor":30.0,"turns":4.0},{"damage":4.0,"enemies":"Centurion and Healer","floor":31.0,"turns":6.0},{"damage":98.0,"enemies":"Collector","floor":33.0,"turns":8.0},{"damage":1.0,"enemies":"3 Shapes","floor":35.0,"turns":4.0},{"damage":19,"enemies":"3 Darklings","floor":36,"turns":4},{"damage":33,"enemies":"Mysterious Sphere","floor":38,"turns":4},{"damage":49,"enemies":"Giant Head","floor":41,"turns":8},{"damage":44,"enemies":"4 Shapes","floor":44,"turns":4},{"damage":37,"enemies":"Sphere and 2 Shapes","floor":45,"turns":4},{"damage":0,"enemies":"Maw","floor":47,"turns":6},{"damage":15,"enemies":"2 Orb Walkers","floor":48,"turns":1}],"event_choices":[{"event_name":"Scrap Ooze","player_choice":"success","floor":5.0,"damage_taken":7.0},{"event_name":"The Woman in Blue","player_choice":"Bought 0 Potions","floor":8.0,"damage_taken":0.0},{"event_name":"Living Wall","player_choice":"Grow","floor":10.0,"damage_taken":0.0},{"event_name":"Cursed Tome","player_choice":"Ignored","floor":21.0,"damage_taken":0.0},{"event_name":"Vampires","player_choice":"Ignored","floor":25.0,"damage_taken":0.0},{"event_name":"Tomb of Lord Red Mask","player_choice":"Ignored","floor":37,"damage_taken":0},{"event_name":"Mysterious Sphere","player_choice":"Fight","floor":38,"damage_taken":0},{"event_name":"Winding Halls","player_choice":"Writhe","floor":39,"damage_taken":0}],"boss_relics":[],"potions_floor_spawned":[3,7,13,14,16,27,29,36,44,45],"seed_played":"7491376869243542233","killed_by":"2 Orb Walkers","ascension_level":1,"is_trial":false}