{"path_per_floor":["M","M","M","?","M","R","$","?","T","M","$","M","?","M","R","B",null,"M","M","?","M","M","R","$","T","T","M","R","M","M","$","R","B",null,"M","?","?","M","M","R","M","M","T","M","R","E","M","$","R"],"character_chosen":"THE_SILENT","items_purchased":["Vajra","Blind","Accuracy","Infinite Blades","Flash of Steel"],"gold_per_floor":[116,127,145,145,161,161,15,15,85,97,22,39,114,132,132,237,237,248,266,266,281,299,299,101,101,126,145,145,164,178,16,16,118,118,131,131,0,19,39,39,59,79,105,115,115,140,154,21,21,21],"floor_reached":50,"campfire_rested":5,"playtime":6060,"current_hp_per_floor":[70,66,61,61,59,59,59,59,59,58,58,58,47,47,68,49,70,60,60,47,47,47,47,47,47,47,35,57,39,39,39,61,51,75,61,61,61,61,61,61,53,35,35,33,55,38,29,29,51,0],"items_purged":["Defend_G","Strike_G","Defend_G"],"gold":21,"score":498,"play_id":"30a9ceea-f08d-4b4d-9281-eeba33419da1","local_time":"20180402233624","is_prod":false,"is_daily":false,"is_ascension_mode":false,"campfire_upgraded":3,"timestamp":1522737384,"path_taken":["M","M","M","?","M","R","$","?","T","M","$","?","?","M","R","BOSS","M","M","?","?","M","R","$","?","T","M","R","?","M","$","R","BOSS","M","?","?","M","M","R","?","M","T","M","R","E","M","$","R","BOSS"],"build_version":"2018-03-29v2","purchased_purges":3,"victory":false,"master_deck":["Defend_G","Defend_G","Defend_G+1","Strike_G","Strike_G","Strike_G","Survivor","Neutralize","Accuracy+1","Cloak And Dagger","Concentrate","Noxious Fumes","Backflip","Cloak And Dagger","Cloak And Dagger+1","Footwork","Storm of Steel+1","Dagger Spray+1","Dagger Throw","Acrobatics+1","Cloak And Dagger+1","Blind","Prepared","Accuracy","Burst+1","Deadly Poison+1","Underhanded Strike+1","Blur+1","PiercingWail+1","Bane+1","Noxious Fumes+1","Infinite Blades","Flash of Steel"],"max_hp_per_floor":[70,70,70,70,70,70,70,70,70,70,70,70,70,70,70,70,70,70,70,75,75,75,75,75,75,75,75,75,75,75,75,75,75,75,75,75,75,75,75,75,75,75,75,75,75,75,75,75,75,75],"relics":["Ring of the Snake","Vajra","Mercury Hourglass","Sozu","Oddly Smooth Stone","Bronze Scales","Black Star","Red Mask","War Paint","Happy Flower","Dream Catcher"],"card_choices":[{"not_picked":["Deflect","Caltrops"],"picked":"Accuracy","floor":1.0},{"not_picked":["Dagger Spray","Prepared"],"picked":"Cloak And Dagger","floor":2.0},{"not_picked":["Dagger Throw","Unload"],"picked":"Concentrate","floor":3.0},{"not_picked":["Leg Sweep","Slice"],"picked":"Backflip","floor":5.0},{"not_picked":["Slice","Prepared"],"picked":"Cloak And Dagger","floor":10.0},{"not_picked":["Dagger Spray","Deflect"],"picked":"Cloak And Dagger","floor":12.0},{"not_picked":["Bane","PiercingWail"],"picked":"Footwork","floor":14.0},{"not_picked":["Doppelganger","Die Die Die"],"picked":"Storm of Steel","floor":16.0},{"not_picked":["Concentrate","Crippling Poison"],"picked":"Dagger Spray","floor":18.0},{"not_picked":["Flying Knee","Poisoned Stab"],"picked":"Dagger Throw","floor":19.0},{"not_picked":["Poisoned Stab","Skewer"],"picked":"Acrobatics","floor":21.0},{"not_picked":["Bane","Underhanded Strike"],"picked":"Cloak And Dagger","floor":22.0},{"not_picked":["Dagger Throw","Venomology"],"picked":"Prepared","floor":30.0},{"not_picked":["Grand Finale","Storm of Steel"],"picked":"Burst","floor":33.0},{"not_picked":["Outmaneuver","Crippling Poison"],"picked":"Sucker Punch","floor":35.0},{"not_picked":["Dagger Spray","Finisher"],"picked":"Deadly Poison","floor":38.0},{"not_picked":["Sucker Punch","Acrobatics"],"picked":"Underhanded Strike","floor":39.0},{"not_picked":["Acrobatics","Riddle With Holes"],"picked":"Blur","floor":41.0},{"not_picked":["Crippling Poison","Flechettes"],"picked":"PiercingWail","floor":44},{"not_picked":["Skewer","Well Laid Plans"],"picked":"Bane","floor":46},{"not_picked":["Outmaneuver","Flying Knee"],"picked":"Noxious Fumes","floor":47}],"player_experience":281899,"potions_floor_usage":[],"damage_taken":[{"damage":0.0,"enemies":"2 Louse","floor":1.0,"turns":5.0},{"damage":4.0,"enemies":"Cultist","floor":2.0,"turns":5.0},{"damage":5.0,"enemies":"Jaw Worm","floor":3.0,"turns":5.0},{"damage":2.0,"enemies":"Blue Slaver","floor":5.0,"turns":4.0},{"damage":1.0,"enemies":"2 Fungi Beasts","floor":10.0,"turns":4.0},{"damage":0.0,"enemies":"Exordium Thugs","floor":12.0,"turns":4.0},{"damage":0.0,"enemies":"Looter","floor":14.0,"turns":2.0},{"damage":19.0,"enemies":"Hexaghost","floor":16.0,"turns":12.0},{"damage":10.0,"enemies":"Chosen","floor":18.0,"turns":5.0},{"damage":0.0,"enemies":"Shell Parasite","floor":19.0,"turns":5.0},{"damage":0.0,"enemies":"Chosen and Byrds","floor":21.0,"turns":6.0},{"damage":0.0,"enemies":"Centurion and Healer","floor":22.0,"turns":5.0},{"damage":12.0,"enemies":"Snake Plant","floor":27.0,"turns":4.0},{"damage":18.0,"enemies":"Chosen and Byrds","floor":29.0,"turns":4.0},{"damage":0.0,"enemies":"Cultist and Chosen","floor":30.0,"turns":5.0},{"damage":10.0,"enemies":"Automaton","floor":33.0,"turns":8.0},{"damage":14.0,"enemies":"3 Darklings","floor":35.0,"turns":4.0},{"damage":0.0,"enemies":"Orb Walker","floor":38.0,"turns":3.0},{"damage":0.0,"enemies":"4 Shapes","floor":39.0,"turns":8.0},{"damage":8.0,"enemies":"3 Darklings","floor":41.0,"turns":5.0},{"damage":18.0,"enemies":"Maw","floor":42.0,"turns":8.0},{"damage":2,"enemies":"4 Shapes","floor":44,"turns":5},{"damage":17,"enemies":"Giant Head","floor":46,"turns":10},{"damage":9,"enemies":"3 Darklings","floor":47,"turns":4},{"damage":65,"enemies":"Donu and Deca","floor":50,"turns":6}],"event_choices":[{"event_name":"Transmorgrifier","player_choice":"Transform","floor":4.0,"damage_taken":0.0},{"event_name":"The Cleric","player_choice":"Leave","floor":8.0,"damage_taken":0.0},{"event_name":"World of Goop","player_choice":"Gather Gold","floor":13.0,"damage_taken":0.0},{"event_name":"Forgotten Altar","player_choice":"Shed Blood","floor":20.0,"damage_taken":0.0},{"event_name":"Tomb of Lord Red Mask","player_choice":"Paid","floor":37.0,"damage_taken":0.0}],"boss_relics":[],"potions_floor_spawned":[2,5,12,18,21,22,33,38,41,42,44],"seed_played":"-4655729803454874870","killed_by":"Donu and Deca","ascension_level":0,"is_trial":false}