{"gold_per_floor":[110,110,110,110,120,120,155,155,155,155,52,85,102,133,133,133],"floor_reached":16,"playtime":854,"items_purged":["Strike_R"],"score":232,"play_id":"5fbf7479-9009-466c-b5a1-efca2da73e54","local_time":"20190618175238","is_ascension_mode":true,"campfire_choices":[{"data":"Bash","floor":6,"key":"SMITH"},{"data":"Clothesline","floor":8,"key":"SMITH"},{"floor":10,"key":"REST"},{"data":"Pommel Strike","floor":15,"key":"SMITH"}],"neow_cost":"NONE","seed_source_timestamp":324352580045900,"circlet_count":0,"master_deck":["AscendersBane","Strike_R","Strike_R+1","Strike_R+1","Defend_R","Defend_R","Defend_R","Defend_R","Bash+1","Clothesline+1","Second Wind","Spot Weakness","Pommel Strike+1","Armaments","Shrug It Off","Spot Weakness"],"relics":["Mark of Pain","Mummified Hand","Mango","Anchor"],"potions_floor_usage":[16,16],"damage_taken":[{"damage":4,"enemies":"2 Louse","floor":1,"turns":3},{"damage":2,"enemies":"Jaw Worm","floor":5,"turns":3},{"damage":30,"enemies":"3 Sentries","floor":7,"turns":11},{"damage":4,"enemies":"Gremlin Nob","floor":12,"turns":3},{"damage":0,"enemies":"Small Slimes","floor":13,"turns":2},{"damage":15,"enemies":"3 Sentries","floor":14,"turns":9},{"damage":45,"enemies":"Slime Boss","floor":16,"turns":7}],"seed_played":"-2663875654652732772","potions_obtained":[{"floor":7,"key":"Fire Potion"},{"floor":13,"key":"Poison Potion"}],"is_trial":false,"path_per_floor":["M","?","?","?","M","R","E","R","T","R","$","E","M","E","R","B"],"character_chosen":"IRONCLAD","items_purchased":["Pommel Strike"],"campfire_rested":1,"item_purchase_floors":[11],"current_hp_per_floor":[64,41,34,59,57,57,27,27,27,49,49,59,59,44,44,0],"gold":133,"neow_bonus":"BOSS_RELIC","is_prod":false,"is_daily":false,"chose_seed":false,"campfire_upgraded":3,"win_rate":0,"timestamp":1560894758,"path_taken":["M","?","?","?","M","R","E","R","T","R","$","E","M","E","R","BOSS"],"build_version":"2019-01-23","purchased_purges":1,"victory":false,"max_hp_per_floor":[75,75,75,75,75,75,75,75,75,75,75,89,89,89,89,89],"card_choices":[{"not_picked":["Iron Wave","Dual Wield"],"picked":"Clothesline","floor":1},{"not_picked":["Clash","Thunderclap"],"picked":"Second Wind","floor":5},{"not_picked":["Ghostly Armor","True Grit"],"picked":"Spot Weakness","floor":7},{"not_picked":["Heavy Blade","Rupture"],"picked":"Armaments","floor":12},{"not_picked":["Clothesline","Clash"],"picked":"Shrug It Off","floor":13},{"not_picked":["Flex","Rampage"],"picked":"Spot Weakness","floor":14}],"player_experience":2126725,"relics_obtained":[{"floor":7,"key":"Mummified Hand"},{"floor":12,"key":"Mango"},{"floor":14,"key":"Anchor"}],"event_choices":[{"damage_healed":0,"gold_gain":0,"player_choice":"Entered Light","damage_taken":23,"max_hp_gain":0,"max_hp_loss":0,"event_name":"Shining Light","floor":2,"gold_loss":0,"cards_upgraded":["Strike_R","Strike_R"]},{"cards_removed":["Strike_R"],"damage_healed":0,"gold_gain":0,"player_choice":"Card Removal","damage_taken":7,"max_hp_gain":0,"max_hp_loss":0,"event_name":"Golden Wing","floor":3,"gold_loss":0},{"damage_healed":25,"gold_gain":0,"player_choice":"Banana","damage_taken":0,"max_hp_gain":0,"max_hp_loss":0,"event_name":"Big Fish","floor":4,"gold_loss":0}],"is_beta":false,"boss_relics":[],"items_purged_floors":[11],"is_endless":false,"potions_floor_spawned":[7,13],"killed_by":"Slime Boss","ascension_level":20}