{"gold_per_floor":[115,390,410,239,252,281,281,315,315,328,328,380,380,390,390,461,461,476,401,180,196,210,210,245,245,271,271,286,305,337,337,337,414,414,431,431,449,33,33,33],"floor_reached":40,"playtime":3257,"items_purged":["Regret","Strike_G"],"score":872,"play_id":"b2161c71-788f-4d37-be63-fa94ba605101","local_time":"20190519221506","is_ascension_mode":true,"campfire_choices":[{"data":"Footwork","floor":7,"key":"SMITH"},{"floor":13,"key":"REST"},{"data":"Noxious Fumes","floor":15,"key":"SMITH"},{"data":"Crippling Poison","floor":23,"key":"SMITH"},{"data":"Caltrops","floor":25,"key":"SMITH"},{"floor":27,"key":"REST"},{"floor":32,"key":"REST"}],"neow_cost":"NONE","seed_source_timestamp":217672358855812,"circlet_count":0,"master_deck":["AscendersBane","Defend_G","Defend_G","Defend_G","Defend_G","Defend_G","Strike_G","Survivor","Neutralize+1","Backstab","Well Laid Plans","Backflip","Footwork+1","Noxious Fumes+1","Dash","After Image","Crippling Poison+1","Footwork","Blur+1","Caltrops+1","Catalyst","Prepared","Deadly Poison","Malaise","Backflip","Dark Shackles","Catalyst","Crippling Poison","Noxious Fumes"],"relics":["Ring of the Snake","Centennial Puzzle","Shovel","Bottled Lightning","Omamori","Snecko Eye","Lantern","Bag of Marbles","Molten Egg 2","Cursed Key","DollysMirror"],"potions_floor_usage":[6,8,16,30,33,33,40],"damage_taken":[{"damage":1,"enemies":"Small Slimes","floor":1,"turns":5},{"damage":1,"enemies":"Cultist","floor":3,"turns":3},{"damage":1,"enemies":"Jaw Worm","floor":5,"turns":4},{"damage":12,"enemies":"3 Sentries","floor":6,"turns":9},{"damage":30,"enemies":"Gremlin Nob","floor":8,"turns":4},{"damage":0,"enemies":"Exordium Wildlife","floor":10,"turns":3},{"damage":0,"enemies":"Looter","floor":14,"turns":5},{"damage":14,"enemies":"Slime Boss","floor":16,"turns":10},{"damage":2,"enemies":"Spheric Guardian","floor":18,"turns":7},{"damage":0,"enemies":"3 Byrds","floor":21,"turns":5},{"damage":8,"enemies":"Snake Plant","floor":22,"turns":5},{"damage":16,"enemies":"Book of Stabbing","floor":24,"turns":7},{"damage":29,"enemies":"3 Cultists","floor":28,"turns":5},{"damage":0,"enemies":"Centurion and Healer","floor":29,"turns":6},{"damage":8,"enemies":"Slavers","floor":30,"turns":8},{"damage":15,"enemies":"Automaton","floor":33,"turns":13},{"damage":4,"enemies":"3 Shapes","floor":35,"turns":5},{"damage":10,"enemies":"3 Darklings","floor":37,"turns":8},{"damage":49,"enemies":"Giant Head","floor":40,"turns":9}],"seed_played":"-9153160351138291666","potions_obtained":[{"floor":1,"key":"Block Potion"},{"floor":10,"key":"SteroidPotion"},{"floor":16,"key":"Dexterity Potion"},{"floor":24,"key":"Dexterity Potion"},{"floor":29,"key":"Energy Potion"},{"floor":30,"key":"PowerPotion"},{"floor":35,"key":"Fire Potion"}],"is_trial":false,"path_per_floor":["M","?","M","$","M","E","R","E","T","M","?","T","R","M","R","B",null,"M","?","$","M","M","R","E","R","T","R","M","M","E","?","R","B",null,"M","?","M","$","?","E"],"character_chosen":"THE_SILENT","items_purchased":["Fire Potion","Well Laid Plans","Crippling Poison","Footwork","DollysMirror","Crippling Poison","GamblersBrew","Noxious Fumes"],"campfire_rested":3,"item_purchase_floors":[4,4,20,20,38,38,38,38],"current_hp_per_floor":[58,58,57,57,56,44,44,14,14,14,14,14,33,33,33,19,54,52,52,52,52,44,44,28,28,28,47,18,18,10,10,29,14,53,49,49,39,39,39,0],"gold":33,"neow_bonus":"UPGRADE_CARD","is_prod":false,"is_daily":false,"chose_seed":false,"campfire_upgraded":4,"win_rate":0,"timestamp":1558318506,"path_taken":["M","?","M","$","?","E","R","E","T","M","?","?","R","M","R","BOSS","M","?","$","M","M","R","E","R","T","R","M","M","E","?","R","BOSS","M","?","M","$","?","E"],"build_version":"2019-01-23","purchased_purges":2,"victory":false,"max_hp_per_floor":[66,66,66,66,66,66,66,66,66,66,66,66,66,66,66,66,66,66,66,66,66,66,66,66,66,66,66,66,66,66,66,66,66,66,66,66,66,66,66,66],"card_choices":[{"not_picked":["Acrobatics","Underhanded Strike"],"picked":"Predator","floor":1},{"not_picked":["Sucker Punch","Deflect"],"picked":"Backstab","floor":3},{"not_picked":["Skewer","Bane"],"picked":"Backflip","floor":5},{"not_picked":["Distraction","Venomology"],"picked":"Footwork","floor":6},{"not_picked":["Cloak And Dagger","Poisoned Stab","Accuracy"],"picked":"SKIP","floor":8},{"not_picked":["Prepared","Poisoned Stab"],"picked":"Noxious Fumes","floor":10},{"not_picked":["Backstab","Quick Slash"],"picked":"Dash","floor":14},{"not_picked":["Unload","Envenom"],"picked":"After Image","floor":16},{"not_picked":["Blade Dance","Sucker Punch","Prepared"],"picked":"SKIP","floor":18},{"not_picked":["Predator+1","Quick Slash"],"picked":"Blur+1","floor":21},{"not_picked":["Heel Hook+1","Dagger Throw","Flying Knee"],"picked":"SKIP","floor":22},{"not_picked":["Sucker Punch","All Out Attack"],"picked":"Caltrops","floor":24},{"not_picked":["Bane","Tactician","Distraction"],"picked":"SKIP","floor":28},{"not_picked":["Cloak And Dagger","Accuracy+1","Backstab"],"picked":"SKIP","floor":29},{"not_picked":["Setup","Tactician"],"picked":"Catalyst","floor":30},{"not_picked":["Venomology","A Thousand Cuts"],"picked":"Malaise","floor":33},{"not_picked":["Dodge and Roll","Dash+1"],"picked":"Backflip","floor":35},{"not_picked":["Forethought","Jack Of All Trades"],"picked":"Dark Shackles","floor":36},{"not_picked":["Terror","Flying Knee+1","Quick Slash+1"],"picked":"SKIP","floor":37}],"player_experience":608575,"relics_obtained":[{"floor":6,"key":"Centennial Puzzle"},{"floor":8,"key":"Shovel"},{"floor":9,"key":"Bottled Lightning"},{"floor":12,"key":"Omamori"},{"floor":24,"key":"Lantern"},{"floor":26,"key":"Bag of Marbles"},{"floor":30,"key":"Molten Egg 2"}],"event_choices":[{"damage_healed":0,"gold_gain":275,"player_choice":"Desecrate","damage_taken":0,"max_hp_gain":0,"max_hp_loss":0,"event_name":"Golden Shrine","floor":2,"gold_loss":0,"cards_obtained":["Regret"]},{"damage_healed":0,"gold_gain":0,"player_choice":"Fled","damage_taken":0,"max_hp_gain":0,"max_hp_loss":0,"event_name":"Scrap Ooze","floor":11,"gold_loss":0},{"cards_removed":["Strike_G"],"damage_healed":0,"gold_gain":0,"player_choice":"Gave Gold","damage_taken":0,"max_hp_gain":0,"max_hp_loss":0,"event_name":"Beggar","floor":19,"gold_loss":75},{"damage_healed":0,"gold_gain":0,"cards_transformed":["Strike_G","Strike_G"],"player_choice":"Became Test Subject","damage_taken":0,"max_hp_gain":0,"max_hp_loss":0,"event_name":"Drug Dealer","floor":31,"gold_loss":0,"cards_obtained":["Prepared","Deadly Poison"]},{"damage_healed":0,"gold_gain":0,"player_choice":"Memory 1","damage_taken":0,"max_hp_gain":0,"max_hp_loss":0,"event_name":"SensoryStone","floor":36,"gold_loss":0},{"cards_removed":["Predator"],"damage_healed":0,"gold_gain":0,"player_choice":"Removed Attack","damage_taken":0,"max_hp_gain":0,"max_hp_loss":0,"event_name":"Falling","floor":39,"gold_loss":0}],"is_beta":false,"boss_relics":[{"not_picked":["Pandora\u0027s Box","Busted Crown"],"picked":"Snecko Eye"},{"not_picked":["Tiny House","Sozu"],"picked":"Cursed Key"}],"items_purged_floors":[4,20],"is_endless":false,"potions_floor_spawned":[1,10,16,24,28,29,30,35],"killed_by":"Giant Head","ascension_level":18}