{"gold_per_floor":[99,274,224,149,149,181,199,232,281,281,281,297,297,312,312,407,407,417,432,259,358,378,396,396,396,422,422,437,352,352,362,362,362],"floor_reached":33,"playtime":658,"items_purged":["Defend_R","Defend_R"],"score":305,"play_id":"3979b172-0d4c-48d3-b2ce-f5d26e2dd647","local_time":"20190418180553","is_ascension_mode":false,"campfire_choices":[{"floor":11.0,"key":"REST"},{"data":"Bash","floor":13.0,"key":"SMITH"},{"floor":15.0,"key":"REST"},{"floor":24.0,"key":"REST"},{"data":"Whirlwind","floor":27.0,"key":"SMITH"},{"floor":30.0,"key":"REST"},{"floor":32.0,"key":"REST"}],"neow_cost":"NONE","seed_source_timestamp":666793839306472,"circlet_count":0,"master_deck":["Strike_R","Strike_R","Strike_R","Strike_R","Strike_R","Bash+1","Whirlwind+1","J.A.X."],"special_seed":0,"relics":["Burning Blood","NeowsBlessing","Boot","Champion Belt","Orichalcum","Singing Bowl","Empty Cage","Lantern","Paper Frog"],"potions_floor_usage":[],"damage_taken":[{"damage":0.0,"enemies":"Jaw Worm","floor":1.0,"turns":1.0},{"damage":0.0,"enemies":"Gremlin Nob","floor":6.0,"turns":1.0},{"damage":0.0,"enemies":"2 Louse","floor":7.0,"turns":1.0},{"damage":54.0,"enemies":"Lagavulin","floor":8.0,"turns":6.0},{"damage":0.0,"enemies":"Cultist","floor":12.0,"turns":3.0},{"damage":4.0,"enemies":"Blue Slaver","floor":14.0,"turns":3.0},{"damage":80.0,"enemies":"Slime Boss","floor":16.0,"turns":18.0},{"damage":15.0,"enemies":"3 Byrds","floor":18.0,"turns":7.0},{"damage":15.0,"enemies":"2 Thieves","floor":19.0,"turns":3.0},{"damage":27.0,"enemies":"Snecko","floor":22.0,"turns":5.0},{"damage":39.0,"enemies":"3 Cultists","floor":23.0,"turns":5.0},{"damage":35.0,"enemies":"Shelled Parasite and Fungi","floor":28.0,"turns":5.0},{"damage":10.0,"enemies":"Cultist and Chosen","floor":31.0,"turns":3.0},{"damage":80,"enemies":"Collector","floor":33,"turns":6}],"seed_played":"1536705162170199251","potions_obtained":[{"floor":7.0,"key":"Strength Potion"},{"floor":8.0,"key":"Energy Potion"},{"floor":18.0,"key":"AttackPotion"},{"floor":31.0,"key":"Dexterity Potion"}],"is_trial":false,"path_per_floor":["M","?","?","$","?","E","M","E","T","?","R","M","R","M","R","B",null,"M","M","$","?","M","M","R","?","T","R","M","?","R","M","R","B"],"character_chosen":"IRONCLAD","items_purchased":["Whirlwind"],"campfire_rested":5,"item_purchase_floors":[20],"current_hp_per_floor":[80,80,80,80,80,80,80,32,32,32,56,64,64,68,84,12,86,79,72,72,72,53,22,50,50,50,50,23,23,51,49,78,0],"gold":362,"neow_bonus":"THREE_ENEMY_KILL","is_prod":false,"is_daily":false,"chose_seed":false,"campfire_upgraded":2,"win_rate":0,"timestamp":1555603553,"path_taken":["M","?","?","$","?","E","?","E","T","?","R","M","R","M","R","BOSS","M","M","$","?","M","M","R","?","T","R","M","?","R","M","R","BOSS"],"build_version":"2019-01-23","purchased_purges":2,"victory":false,"max_hp_per_floor":[80,80,80,80,80,80,80,80,80,80,80,82,82,84,84,86,86,88,90,90,90,92,94,94,94,94,94,96,96,96,98,98,98],"card_choices":[{"not_picked":["Warcry","Armaments","Pommel Strike"],"picked":"SKIP","floor":1.0},{"not_picked":["Clash","Rupture","Shrug It Off"],"picked":"SKIP","floor":6.0},{"not_picked":["Rampage","Intimidate","Shrug It Off"],"picked":"SKIP","floor":7.0},{"not_picked":["Sword Boomerang","Juggernaut","Sentinel"],"picked":"SKIP","floor":8.0},{"not_picked":["Wild Strike","Thunderclap","Disarm"],"picked":"Singing Bowl","floor":12.0},{"not_picked":["Second Wind","Havoc","Body Slam"],"picked":"Singing Bowl","floor":14.0},{"not_picked":["Impervious","Dark Embrace","Exhume"],"picked":"Singing Bowl","floor":16.0},{"not_picked":["Shrug It Off+1","Pommel Strike","Infernal Blade"],"picked":"Singing Bowl","floor":18.0},{"not_picked":["Havoc","Clash","Spot Weakness"],"picked":"Singing Bowl","floor":19.0},{"not_picked":["Combust","Cleave","Thunderclap"],"picked":"Singing Bowl","floor":22.0},{"not_picked":["Sword Boomerang+1","Headbutt","Havoc+1"],"picked":"Singing Bowl","floor":23.0},{"not_picked":["Cleave","Fire Breathing","Headbutt"],"picked":"Singing Bowl","floor":28.0},{"not_picked":["Iron Wave+1","Clothesline+1","Wild Strike"],"picked":"Singing Bowl","floor":31.0}],"player_experience":124630,"relics_obtained":[{"floor":6.0,"key":"Boot"},{"floor":8.0,"key":"Champion Belt"},{"floor":9.0,"key":"Orichalcum"},{"floor":26.0,"key":"Lantern"}],"event_choices":[{"damage_healed":0.0,"max_hp_gain":0.0,"max_hp_loss":0.0,"gold_gain":175.0,"event_name":"Liars Game","player_choice":"AGREE","floor":2.0,"gold_loss":0.0,"damage_taken":0.0,"cards_obtained":["Doubt"]},{"cards_removed":["Doubt"],"damage_healed":0.0,"max_hp_gain":0.0,"max_hp_loss":0.0,"gold_gain":0.0,"event_name":"The Cleric","player_choice":"Card Removal","floor":3.0,"gold_loss":50.0,"damage_taken":0.0},{"damage_healed":0.0,"max_hp_gain":0.0,"max_hp_loss":0.0,"gold_gain":0.0,"event_name":"NoteForYourself","player_choice":"Ignored","floor":5.0,"gold_loss":0.0,"damage_taken":0.0},{"damage_healed":0.0,"max_hp_gain":0.0,"max_hp_loss":0.0,"gold_gain":0.0,"event_name":"WeMeetAgain","player_choice":"Gave Potion","floor":10.0,"gold_loss":0.0,"damage_taken":0.0,"relics_obtained":["Singing Bowl"]},{"damage_healed":0.0,"max_hp_gain":0.0,"max_hp_loss":0.0,"gold_gain":99.0,"event_name":"Nest","player_choice":"Stole From Cult","floor":21.0,"gold_loss":0.0,"damage_taken":0.0},{"damage_healed":0.0,"max_hp_gain":0.0,"max_hp_loss":0.0,"gold_gain":0.0,"event_name":"Drug Dealer","player_choice":"Obtain J.A.X.","floor":25.0,"gold_loss":0.0,"damage_taken":0.0,"cards_obtained":["J.A.X."]},{"damage_healed":0.0,"max_hp_gain":0.0,"max_hp_loss":0.0,"gold_gain":0.0,"event_name":"Addict","player_choice":"Obtained Relic","floor":29.0,"gold_loss":85.0,"damage_taken":0.0,"relics_obtained":["Paper Frog"]}],"is_beta":false,"boss_relics":[{"not_picked":["Cursed Key","Coffee Dripper"],"picked":"Empty Cage"}],"items_purged_floors":[4,20],"is_endless":false,"potions_floor_spawned":[7,8,18,31],"killed_by":"Collector","ascension_level":0}