{"gold_per_floor":[18,18,38,52,52,83,98,74,74,74,107,107,107,119,119,214,214,234,45,60,60,73,73,91,91,118,118,131,141,141,141,141,141],"floor_reached":33,"playtime":1765,"items_purged":[],"score":283,"play_id":"72d4e072-5bc0-432a-8f85-161646f4567e","local_time":"20190327183248","is_ascension_mode":true,"campfire_choices":[{"data":"Bash","floor":10.0,"key":"SMITH"},{"floor":12.0,"key":"REST"},{"floor":15.0,"key":"REST"},{"floor":23.0,"key":"REST"},{"floor":25,"key":"REST"},{"floor":32,"key":"REST"}],"neow_cost":"NO_GOLD","seed_source_timestamp":0,"circlet_count":0,"master_deck":["Strike_R","Strike_R","Strike_R","Strike_R","Strike_R","Defend_R","Defend_R","Defend_R","Bash+1","Dark Shackles","Blind","Sword Boomerang+1","Anger+1","Iron Wave","Dropkick","Heavy Blade","Flex+1","Uppercut","Corruption","Juggernaut","Perfected Strike+1","The Bomb","Clash","Infernal Blade+1","Sword Boomerang+1","Decay","Whirlwind+1","Clash+1"],"special_seed":0,"relics":["Burning Blood","Bird Faced Urn","Ornamental Fan","Sundial","Black Star","Bag of Marbles"],"potions_floor_usage":[33,33,33],"damage_taken":[{"damage":0.0,"enemies":"Jaw Worm","floor":1.0,"turns":5.0},{"damage":10.0,"enemies":"Cultist","floor":3.0,"turns":4.0},{"damage":5.0,"enemies":"2 Louse","floor":4.0,"turns":3.0},{"damage":25.0,"enemies":"Gremlin Nob","floor":6.0,"turns":5.0},{"damage":15.0,"enemies":"2 Fungi Beasts","floor":7.0,"turns":3.0},{"damage":30.0,"enemies":"3 Sentries","floor":11.0,"turns":9.0},{"damage":5.0,"enemies":"Lots of Slimes","floor":14.0,"turns":5.0},{"damage":39.0,"enemies":"The Guardian","floor":16.0,"turns":9.0},{"damage":13.0,"enemies":"3 Byrds","floor":18.0,"turns":8.0},{"damage":48.0,"enemies":"2 Thieves","floor":20.0,"turns":5.0},{"damage":32.0,"enemies":"Cultist and Chosen","floor":22.0,"turns":6.0},{"damage":15,"enemies":"Chosen and Byrds","floor":24,"turns":5},{"damage":0,"enemies":"Snake Plant","floor":28,"turns":3},{"damage":56,"enemies":"Cultist and Chosen","floor":29,"turns":6},{"damage":40,"enemies":"Automaton","floor":33,"turns":4}],"seed_played":"6150558421017001266","potions_obtained":[{"floor":1.0,"key":"SpeedPotion"},{"floor":16.0,"key":"SpeedPotion"},{"floor":20.0,"key":"SkillPotion"},{"floor":28,"key":"Weak Potion"},{"floor":29,"key":"LiquidBronze"}],"is_trial":false,"path_per_floor":["M","?","M","M","?","E","M","$","T","R","E","R","?","M","R","B",null,"M","$","M","?","M","R","M","R","T","?","M","M","$","?","R","B"],"character_chosen":"IRONCLAD","items_purchased":["Flex","The Bomb"],"campfire_rested":5,"item_purchase_floors":[8,19],"current_hp_per_floor":[80,80,76,77,77,58,49,49,49,49,25,49,33,34,58,27,80,77,77,35,35,11,35,26,50,50,50,56,8,8,8,32,0],"gold":141,"neow_bonus":"RANDOM_COLORLESS_2","is_prod":false,"is_daily":false,"chose_seed":false,"campfire_upgraded":1,"win_rate":0,"timestamp":1553707968,"path_taken":["M","?","M","?","?","E","M","$","T","R","E","R","?","M","R","BOSS","M","$","M","?","?","R","M","R","T","?","M","M","$","?","R","BOSS"],"build_version":"2019-01-23","purchased_purges":0,"victory":false,"max_hp_per_floor":[80,80,80,80,80,80,80,80,80,80,80,80,80,80,80,80,80,80,80,80,80,80,80,80,80,80,80,80,80,80,80,80,80],"card_choices":[{"not_picked":["Shrug It Off","Body Slam"],"picked":"Sword Boomerang","floor":1.0},{"not_picked":["Sever Soul","Warcry"],"picked":"Anger","floor":3.0},{"not_picked":["Clothesline","Havoc"],"picked":"Iron Wave","floor":4.0},{"not_picked":["Iron Wave","Wild Strike"],"picked":"Dropkick","floor":6.0},{"not_picked":["Flex","Double Tap"],"picked":"Heavy Blade","floor":7.0},{"not_picked":["Power Through","Spot Weakness"],"picked":"Uppercut","floor":11.0},{"not_picked":["Dropkick","Thunderclap"],"picked":"Corruption","floor":14.0},{"not_picked":["Brutality","Bludgeon"],"picked":"Juggernaut","floor":16.0},{"not_picked":["Armaments","Entrench"],"picked":"Perfected Strike+1","floor":18.0},{"not_picked":["Sentinel","Sword Boomerang"],"picked":"Clash","floor":20.0},{"not_picked":["Sword Boomerang","Iron Wave+1"],"picked":"Infernal Blade","floor":22.0},{"not_picked":["Battle Trance","Power Through+1"],"picked":"Sword Boomerang+1","floor":24},{"not_picked":["Headbutt","Feel No Pain"],"picked":"Whirlwind+1","floor":28},{"not_picked":["Pummel+1","Perfected Strike"],"picked":"Clash+1","floor":29}],"player_experience":76167,"relics_obtained":[{"floor":6.0,"key":"Bird Faced Urn"},{"floor":9.0,"key":"Ornamental Fan"},{"floor":11.0,"key":"Sundial"},{"floor":26,"key":"Bag of Marbles"}],"event_choices":[{"damage_healed":0.0,"max_hp_gain":0.0,"max_hp_loss":0.0,"gold_gain":0.0,"event_name":"Upgrade Shrine","player_choice":"Upgraded","floor":2.0,"gold_loss":0.0,"damage_taken":0.0,"cards_upgraded":["Sword Boomerang"]},{"damage_healed":0.0,"max_hp_gain":0.0,"max_hp_loss":0.0,"gold_gain":0.0,"event_name":"The Cleric","player_choice":"Leave","floor":5.0,"gold_loss":0.0,"damage_taken":0.0},{"damage_healed":0.0,"max_hp_gain":0.0,"max_hp_loss":0.0,"gold_gain":0.0,"event_name":"Shining Light","player_choice":"Entered Light","floor":13.0,"gold_loss":0.0,"damage_taken":16.0,"cards_upgraded":["Anger","Flex"]},{"cards_removed":["Defend_R"],"damage_healed":0.0,"max_hp_gain":0.0,"max_hp_loss":0.0,"gold_gain":0.0,"event_name":"Bonfire Elementals","player_choice":"Offered Basic","floor":21.0,"gold_loss":0.0,"damage_taken":0.0},{"damage_healed":0,"gold_gain":0,"player_choice":"Smashed Altar","damage_taken":0,"max_hp_gain":0,"max_hp_loss":0,"event_name":"Forgotten Altar","floor":27,"gold_loss":0,"cards_obtained":["Decay"]},{"damage_healed":0,"gold_gain":0,"player_choice":"Upgraded","damage_taken":0,"max_hp_gain":0,"max_hp_loss":0,"event_name":"Upgrade Shrine","floor":31,"gold_loss":0,"cards_upgraded":["Infernal Blade"]}],"is_beta":false,"boss_relics":[{"not_picked":["Velvet Choker","Snecko Eye"],"picked":"Black Star"}],"items_purged_floors":[],"is_endless":false,"potions_floor_spawned":[1,16,20,28,29],"killed_by":"Automaton","ascension_level":2}