{"gold_per_floor":[119,119,119,133,100,100,124,150,174,174,174,174,174,190,190,190],"floor_reached":16,"playtime":749,"items_purged":[],"score":106,"play_id":"84b6ab86-741f-41be-a67c-f951ba303153","local_time":"20190331193910","is_ascension_mode":true,"campfire_choices":[{"data":"Armaments","floor":6,"key":"SMITH"},{"data":"Fire Breathing","floor":10,"key":"SMITH"},{"floor":15,"key":"REST"}],"neow_cost":"NONE","seed_source_timestamp":1533093990086204,"circlet_count":0,"master_deck":["Strike_R","Strike_R","Strike_R","Strike_R","Strike_R","Defend_R","Defend_R","Defend_R","Defend_R","Bash","Fire Breathing+1","Armaments+1","Metallicize","Second Wind","Warcry"],"relics":["Burning Blood","Boot","Odd Mushroom","Meat on the Bone","Lantern","Mercury Hourglass"],"potions_floor_usage":[16],"damage_taken":[{"damage":9,"enemies":"2 Louse","floor":1,"turns":2},{"damage":7,"enemies":"Small Slimes","floor":4,"turns":4},{"damage":40,"enemies":"The Mushroom Lair","floor":7,"turns":7},{"damage":32,"enemies":"Lagavulin","floor":8,"turns":7},{"damage":6,"enemies":"Cultist","floor":14,"turns":4},{"damage":55,"enemies":"Hexaghost","floor":16,"turns":14}],"seed_played":"2234727397319512597","potions_obtained":[{"floor":1,"key":"FearPotion"},{"floor":8,"key":"EssenceOfSteel"}],"is_trial":false,"path_per_floor":["M","$","?","M","$","R","?","E","T","R","$","?","T","M","R","B"],"character_chosen":"IRONCLAD","items_purchased":["Metallicize"],"campfire_rested":1,"item_purchase_floors":[5],"current_hp_per_floor":[85,85,78,77,77,77,43,17,17,17,17,17,17,29,55,0],"gold":190,"neow_bonus":"TEN_PERCENT_HP_BONUS","is_prod":false,"is_daily":false,"chose_seed":false,"campfire_upgraded":2,"win_rate":0,"timestamp":1554053950,"path_taken":["M","$","?","M","$","R","?","E","T","R","$","?","?","M","R","BOSS"],"build_version":"2019-01-23","purchased_purges":0,"victory":false,"max_hp_per_floor":[88,88,88,88,88,88,88,88,88,88,88,88,88,88,88,88],"card_choices":[{"not_picked":["Carnage","Searing Blow"],"picked":"Fire Breathing","floor":1},{"not_picked":["Body Slam","Sword Boomerang"],"picked":"Armaments","floor":4},{"not_picked":["Iron Wave","Thunderclap"],"picked":"Second Wind","floor":7},{"not_picked":["Searing Blow","Sword Boomerang"],"picked":"Warcry","floor":8},{"not_picked":["Heavy Blade","Disarm","Pommel Strike"],"picked":"SKIP","floor":14}],"player_experience":82919,"relics_obtained":[{"floor":7,"key":"Odd Mushroom"},{"floor":8,"key":"Meat on the Bone"},{"floor":9,"key":"Lantern"},{"floor":13,"key":"Mercury Hourglass"}],"event_choices":[{"damage_healed":0,"gold_gain":0,"player_choice":"Success","damage_taken":7,"relics_obtained":["Boot"],"max_hp_gain":0,"max_hp_loss":0,"event_name":"Scrap Ooze","floor":3,"gold_loss":0},{"damage_healed":0,"gold_gain":0,"player_choice":"Fought Mushrooms","damage_taken":0,"max_hp_gain":0,"max_hp_loss":0,"event_name":"Mushrooms","floor":7,"gold_loss":0},{"damage_healed":0,"gold_gain":0,"player_choice":"Ignored","damage_taken":0,"max_hp_gain":0,"max_hp_loss":0,"event_name":"Liars Game","floor":12,"gold_loss":0}],"is_beta":false,"boss_relics":[],"items_purged_floors":[],"is_endless":false,"potions_floor_spawned":[1,8],"killed_by":"Hexaghost","ascension_level":2}