{"gold_per_floor":[112,124,141,141,160,188,202,202,272,284,284,12,40,53,53,151,151,163,176,186,186,203,203,237,237,237,4,4,23,38,57,57,57],"floor_reached":33,"playtime":2228,"items_purged":[],"score":318,"play_id":"0f4c1314-592b-49c2-9fab-90db8eb9d5f8","local_time":"20190330082624","is_ascension_mode":false,"campfire_choices":[{"floor":15.0,"key":"REST"},{"floor":23.0,"key":"REST"},{"floor":28,"key":"REST"},{"floor":32,"key":"REST"}],"neow_cost":"PERCENT_DAMAGE","seed_source_timestamp":891919988476687,"circlet_count":0,"master_deck":["Strike_B","Strike_B","Strike_B","Strike_B","Defend_B","Defend_B","Defend_B","Defend_B","Zap","Dualcast","Go for the Eyes","Glacier","Leap","Chaos","Leap","Cold Snap","Leap","Doom and Gloom","Coolheaded","Chaos","Loop","Fission","Skim","Stack","Coolheaded","BootSequence","Machine Learning","Hologram+1","Rainbow","Reinforced Body","Defragment","Compile Driver+1","Stack+1","Lockon+1","Hello World+1"],"special_seed":0,"relics":["Cracked Core","Dream Catcher","Pantograph","MealTicket","Pen Nib","Lizard Tail","Ornamental Fan","StoneCalendar"],"potions_floor_usage":[24,29,33],"damage_taken":[{"damage":1.0,"enemies":"Cultist","floor":1.0,"turns":3.0},{"damage":7.0,"enemies":"Small Slimes","floor":2.0,"turns":3.0},{"damage":0.0,"enemies":"Jaw Worm","floor":3.0,"turns":3.0},{"damage":8.0,"enemies":"Red Slaver","floor":5.0,"turns":6.0},{"damage":17.0,"enemies":"3 Sentries","floor":6.0,"turns":11.0},{"damage":33.0,"enemies":"Gremlin Gang","floor":7.0,"turns":10.0},{"damage":1.0,"enemies":"Large Slime","floor":10.0,"turns":6.0},{"damage":0.0,"enemies":"Gremlin Nob","floor":11.0,"turns":1.0},{"damage":5.0,"enemies":"3 Sentries","floor":13.0,"turns":9.0},{"damage":0.0,"enemies":"2 Fungi Beasts","floor":14.0,"turns":5.0},{"damage":42.0,"enemies":"The Guardian","floor":16.0,"turns":15.0},{"damage":9.0,"enemies":"Chosen","floor":18.0,"turns":9.0},{"damage":18.0,"enemies":"3 Byrds","floor":19.0,"turns":5.0},{"damage":10.0,"enemies":"Snecko","floor":20.0,"turns":6.0},{"damage":4.0,"enemies":"Snake Plant","floor":22.0,"turns":9.0},{"damage":106,"enemies":"Book of Stabbing","floor":24,"turns":11},{"damage":8,"enemies":"Sentry and Sphere","floor":29,"turns":7},{"damage":11,"enemies":"Shelled Parasite and Fungi","floor":30,"turns":7},{"damage":1,"enemies":"Snecko","floor":31,"turns":7},{"damage":94,"enemies":"Automaton","floor":33,"turns":12}],"seed_played":"-2286493216279478595","potions_obtained":[{"floor":1.0,"key":"Weak Potion"},{"floor":3.0,"key":"Strength Potion"},{"floor":7.0,"key":"Dexterity Potion"},{"floor":8.0,"key":"Fire Potion"},{"floor":8.0,"key":"SkillPotion"},{"floor":8.0,"key":"SmokeBomb"},{"floor":19.0,"key":"FearPotion"},{"floor":24,"key":"Regen Potion"},{"floor":29,"key":"FearPotion"}],"is_trial":false,"path_per_floor":["M","M","M","?","M","E","M","?","T","M","E","$","E","M","R","B",null,"M","M","M","?","M","R","E","?","T","$","R","M","M","M","R","B"],"character_chosen":"DEFECT","items_purchased":["MealTicket","Doom and Gloom","Rainbow","Reinforced Body"],"campfire_rested":4,"item_purchase_floors":[12,12,27,27],"current_hp_per_floor":[67,60,60,89,81,64,31,31,31,30,30,30,25,25,51,34,89,80,62,52,52,48,74,12,12,12,27,53,60,49,48,74,0],"gold":57,"neow_bonus":"TWENTY_PERCENT_HP_BONUS","is_prod":false,"is_daily":false,"chose_seed":false,"campfire_upgraded":0,"win_rate":0,"timestamp":1553959584,"path_taken":["M","?","M","?","M","E","M","?","T","?","E","$","E","?","R","BOSS","M","?","M","?","M","R","E","?","T","$","R","M","?","M","R","BOSS"],"build_version":"2019-01-23","purchased_purges":0,"victory":false,"max_hp_per_floor":[89,89,89,89,89,89,89,89,89,89,89,89,89,89,89,89,89,89,89,89,89,89,89,89,89,89,89,89,89,89,89,89,89],"card_choices":[{"not_picked":["Fusion","Steam"],"picked":"Go for the Eyes","floor":1.0},{"not_picked":["Consume","Blizzard"],"picked":"Glacier","floor":2.0},{"not_picked":["Turbo","Gash"],"picked":"Leap","floor":3.0},{"not_picked":["Barrage","Gash"],"picked":"Chaos","floor":5.0},{"not_picked":["Coolheaded","Streamline"],"picked":"Leap","floor":6.0},{"not_picked":["Beam Cell","Conserve Battery"],"picked":"Cold Snap","floor":7.0},{"not_picked":["Cold Snap","Aggregate"],"picked":"Leap","floor":10.0},{"not_picked":["Storm","Gash"],"picked":"Coolheaded","floor":13.0},{"not_picked":["Sweeping Beam","Loop"],"picked":"Chaos","floor":14.0},{"not_picked":["Steam","Streamline"],"picked":"Loop","floor":15.0},{"not_picked":["Seek","Biased Cognition"],"picked":"Fission","floor":16.0},{"not_picked":["Beam Cell+1","Sweeping Beam"],"picked":"Skim","floor":18.0},{"not_picked":["Compile Driver","Turbo"],"picked":"Stack","floor":19.0},{"not_picked":["Turbo","Recycle+1"],"picked":"Coolheaded","floor":20.0},{"not_picked":["Rebound","Leap"],"picked":"BootSequence","floor":22.0},{"not_picked":["Hologram","Lockon"],"picked":"Machine Learning","floor":23.0},{"not_picked":["Storm","Gash"],"picked":"Hologram+1","floor":24},{"not_picked":["Hello World","Aggregate"],"picked":"Defragment","floor":28},{"not_picked":["Go for the Eyes","Hologram"],"picked":"Compile Driver+1","floor":29},{"not_picked":["Rebound","Ball Lightning"],"picked":"Stack+1","floor":30},{"not_picked":["Coolheaded+1","Steam"],"picked":"Lockon+1","floor":31},{"not_picked":["Aggregate","Seek"],"picked":"Hello World+1","floor":32}],"player_experience":653547,"relics_obtained":[{"floor":6.0,"key":"Dream Catcher"},{"floor":9.0,"key":"Pantograph"},{"floor":13.0,"key":"Pen Nib"},{"floor":24,"key":"Ornamental Fan"},{"floor":26,"key":"StoneCalendar"}],"event_choices":[{"damage_healed":29.0,"max_hp_gain":0.0,"max_hp_loss":0.0,"gold_gain":0.0,"event_name":"Big Fish","player_choice":"Banana","floor":4.0,"gold_loss":0.0,"damage_taken":0.0},{"damage_healed":0.0,"max_hp_gain":0.0,"max_hp_loss":0.0,"gold_gain":0.0,"event_name":"Lab","player_choice":"Got Potions","floor":8.0,"gold_loss":0.0,"damage_taken":0.0},{"damage_healed":0.0,"max_hp_gain":0.0,"max_hp_loss":0.0,"gold_gain":0.0,"event_name":"Vampires","player_choice":"Ignored","floor":21.0,"gold_loss":0.0,"damage_taken":0.0},{"damage_healed":0,"gold_gain":0,"player_choice":"Ignored","damage_taken":0,"max_hp_gain":0,"max_hp_loss":0,"event_name":"WeMeetAgain","floor":25,"gold_loss":0}],"is_beta":false,"boss_relics":[{"not_picked":["Black Star","Orrery"],"picked":"Lizard Tail"}],"items_purged_floors":[],"is_endless":false,"potions_floor_spawned":[1,3,7,10,19,24,29],"killed_by":"Automaton","ascension_level":0}