{"gold_per_floor":[109,129,145,122,122,166,191,222,248,348,387,407,445,481,481,602,602,621,332,332,332,357,357],"floor_reached":23,"playtime":1370,"items_purged":["Strike_B"],"score":327,"play_id":"43ed79be-a98a-44a8-a20c-d75e1a8f2352","local_time":"20190601175142","is_ascension_mode":true,"campfire_choices":[{"floor":15,"key":"REST"}],"neow_cost":"NONE","seed_source_timestamp":0,"circlet_count":0,"master_deck":["Defend_B","Defend_B","Defend_B","Defend_B","Zap","Dualcast","Defragment","Undo","Ball Lightning","Sunder","Coolheaded","Self Repair","Conserve Battery","Electrodynamics","Capacitor","Necronomicurse","Bite","Bite","Bite","Bite","Bite"],"special_seed":0,"relics":["Cracked Core","Golden Idol","Pen Nib","Juzu Bracelet","PreservedInsect","Strawberry","WingedGreaves","Ancient Tea Set","Happy Flower","White Beast Statue","Bag of Preparation","Necronomicon"],"potions_floor_usage":[22],"damage_taken":[{"damage":0.0,"enemies":"Cultist","floor":1.0,"turns":4.0},{"damage":9.0,"enemies":"Jaw Worm","floor":2.0,"turns":4.0},{"damage":0.0,"enemies":"Small Slimes","floor":3.0,"turns":3.0},{"damage":17.0,"enemies":"Lagavulin","floor":6.0,"turns":5.0},{"damage":22.0,"enemies":"3 Sentries","floor":8.0,"turns":8.0},{"damage":18.0,"enemies":"Gremlin Nob","floor":11.0,"turns":4.0},{"damage":11.0,"enemies":"Looter","floor":12.0,"turns":2.0},{"damage":0.0,"enemies":"3 Sentries","floor":13.0,"turns":5.0},{"damage":3,"enemies":"Gremlin Nob","floor":14,"turns":3},{"damage":18,"enemies":"Slime Boss","floor":16,"turns":7},{"damage":20,"enemies":"Chosen","floor":18,"turns":6},{"damage":23,"enemies":"2 Thieves","floor":22,"turns":3},{"damage":38,"enemies":"Gremlin Leader","floor":23,"turns":4}],"seed_played":"2282391960168674498","potions_obtained":[{"floor":3.0,"key":"Ancient Potion"},{"floor":6.0,"key":"Swift Potion"},{"floor":11.0,"key":"Energy Potion"},{"floor":12.0,"key":"SteroidPotion"},{"floor":14,"key":"Poison Potion"},{"floor":18,"key":"AttackPotion"},{"floor":22,"key":"Ancient Potion"}],"is_trial":false,"path_per_floor":["M","M","M","$","?","E","T","E","T","?","E","M","E","E","R","B",null,"M","$","?","?","M","E"],"character_chosen":"DEFECT","items_purchased":["Ball Lightning","Capacitor","Bag of Preparation"],"campfire_rested":1,"item_purchase_floors":[4,19,19],"current_hp_per_floor":[75,66,68,68,68,52,52,32,39,39,23,14,23,22,44,35,76,63,63,47,47,28,0],"gold":357,"neow_bonus":"RANDOM_COMMON_RELIC","is_prod":false,"is_daily":false,"chose_seed":false,"campfire_upgraded":0,"win_rate":0,"timestamp":1559422302,"path_taken":["M","M","M","$","?","E","?","E","T","?","E","M","E","E","R","BOSS","M","$","?","?","M","E"],"build_version":"2019-01-23","purchased_purges":1,"victory":false,"max_hp_per_floor":[75,75,75,75,69,69,69,69,76,76,76,76,76,76,76,76,76,76,76,76,76,76,76],"card_choices":[{"not_picked":["Sweeping Beam","Reinforced Body"],"picked":"Defragment","floor":1.0},{"not_picked":["Steam Power","Auto Shields","FTL"],"picked":"SKIP","floor":2.0},{"not_picked":["Reinforced Body","Sweeping Beam"],"picked":"Undo","floor":3.0},{"not_picked":["Skim","Streamline","Rip and Tear"],"picked":"SKIP","floor":6.0},{"not_picked":["Biased Cognition","Barrage"],"picked":"Sunder","floor":8.0},{"not_picked":["Conserve Battery","Barrage"],"picked":"Coolheaded","floor":11.0},{"not_picked":["Glacier","Stack"],"picked":"Self Repair","floor":12.0},{"not_picked":["Melter","Steam"],"picked":"Conserve Battery","floor":13},{"not_picked":["White Noise","Beam Cell"],"picked":"Electrodynamics","floor":14},{"not_picked":["Double Energy+1","Beam Cell+1","Gash"],"picked":"SKIP","floor":18},{"not_picked":["Hologram","Steam","Sweeping Beam+1"],"picked":"SKIP","floor":22}],"player_experience":854449,"relics_obtained":[{"floor":6.0,"key":"Pen Nib"},{"floor":7.0,"key":"Juzu Bracelet"},{"floor":8.0,"key":"PreservedInsect"},{"floor":9.0,"key":"Strawberry"},{"floor":11.0,"key":"WingedGreaves"},{"floor":13,"key":"Ancient Tea Set"},{"floor":14,"key":"Happy Flower"},{"floor":20,"key":"Necronomicon"}],"event_choices":[{"damage_healed":0.0,"max_hp_gain":0.0,"max_hp_loss":6.0,"gold_gain":0.0,"event_name":"Golden Idol","player_choice":"Lose Max HP","floor":5.0,"gold_loss":0.0,"damage_taken":0.0,"relics_obtained":["Golden Idol"]},{"damage_healed":0.0,"max_hp_gain":0.0,"max_hp_loss":0.0,"gold_gain":100.0,"event_name":"Wheel of Change","player_choice":"Gold","floor":10.0,"gold_loss":0.0,"damage_taken":0.0},{"damage_healed":0,"gold_gain":0,"player_choice":"Obtained Book","damage_taken":16,"max_hp_gain":0,"max_hp_loss":0,"event_name":"Cursed Tome","floor":20,"gold_loss":0},{"damage_healed":0,"gold_gain":0,"player_choice":"Became a vampire (Vial)","damage_taken":0,"max_hp_gain":0,"max_hp_loss":0,"event_name":"Vampires","floor":21,"relics_lost":["Blood Vial"],"gold_loss":0,"cards_obtained":["Bite","Bite","Bite","Bite","Bite"]}],"is_beta":false,"boss_relics":[{"not_picked":["Fusion Hammer","Philosopher\u0027s Stone"],"picked":"White Beast Statue"}],"items_purged_floors":[19],"is_endless":false,"potions_floor_spawned":[3,6,11,12,14,18,22],"killed_by":"Gremlin Leader","ascension_level":4}