{"gold_per_floor":[111,186,206,219,144,144,163,163,163,163,113,13,13,13,13,111,111,123,143,0,0,0,0,0,0,24,34,34,51,79,98,98,200,200,214,89,107,107,107,162,162,179,179,29,55,66,92,106,106,106],"floor_reached":51,"playtime":1205,"items_purged":["Defend_R","Defend_R","Strike_R","Strike_R"],"score":863,"play_id":"decf7c8d-5746-499d-afa1-cbedf5bdc046","local_time":"20190422150521","is_ascension_mode":false,"campfire_choices":[{"data":"Bash","floor":6,"key":"SMITH"},{"data":"Clash","floor":8,"key":"SMITH"},{"data":"Clothesline","floor":10,"key":"SMITH"},{"data":"1","floor":15,"key":"LIFT"},{"data":"2","floor":23,"key":"LIFT"},{"data":"3","floor":28,"key":"LIFT"},{"floor":32,"key":"REST"},{"floor":41,"key":"REST"},{"floor":49,"key":"REST"}],"neow_cost":"NONE","seed_source_timestamp":1001175003117392,"circlet_count":0,"master_deck":["Strike_R","Strike_R+1","Bash+1","Clothesline+1","Clash+1","Dropkick+1","Shrug It Off+1"],"relics":["Burning Blood","Paper Frog","Girya","Sozu","MutagenicStrength","Mango","Anchor","Red Skull","Black Star","Tiny Chest","Molten Egg 2","Letter Opener","Unceasing Top","Regal Pillow","Blood Vial"],"potions_floor_usage":[16,30],"damage_taken":[{"damage":6,"enemies":"Cultist","floor":1,"turns":3},{"damage":2,"enemies":"2 Louse","floor":3,"turns":2},{"damage":5,"enemies":"Small Slimes","floor":4,"turns":4},{"damage":7,"enemies":"2 Fungi Beasts","floor":7,"turns":3},{"damage":36,"enemies":"The Guardian","floor":16,"turns":5},{"damage":16,"enemies":"3 Byrds","floor":18,"turns":4},{"damage":10,"enemies":"Chosen","floor":19,"turns":2},{"damage":9,"enemies":"Centurion and Healer","floor":27,"turns":3},{"damage":6,"enemies":"Cultist and Chosen","floor":29,"turns":3},{"damage":10,"enemies":"Gremlin Leader","floor":30,"turns":3},{"damage":0,"enemies":"Snake Plant","floor":31,"turns":1},{"damage":50,"enemies":"Automaton","floor":33,"turns":6},{"damage":17,"enemies":"3 Shapes","floor":35,"turns":2},{"damage":24,"enemies":"3 Darklings","floor":37,"turns":4},{"damage":56,"enemies":"Reptomancer","floor":40,"turns":3},{"damage":0,"enemies":"Spire Growth","floor":42,"turns":2},{"damage":18,"enemies":"Giant Head","floor":45,"turns":5},{"damage":5,"enemies":"4 Shapes","floor":46,"turns":3},{"damage":0,"enemies":"Transient","floor":48,"turns":5},{"damage":87,"enemies":"Awakened One","floor":50,"turns":11}],"seed_played":"5738240940638587807","potions_obtained":[{"floor":3,"key":"Energy Potion"},{"floor":4,"key":"Regen Potion"}],"is_trial":false,"path_per_floor":["M","?","M","M","$","R","M","R","T","R","?","$","?","?","R","B",null,"M","M","?","?","$","R","?","T","T","M","R","M","E","M","R","B",null,"M","$","M","?","?","E","R","M","T","$","E","M","T","M","R","B",null],"character_chosen":"IRONCLAD","items_purchased":[],"campfire_rested":3,"item_purchase_floors":[],"current_hp_per_floor":[80,72,76,77,77,77,76,76,76,76,76,76,58,58,58,42,80,70,66,66,66,66,66,66,80,80,77,77,77,73,79,94,50,94,83,83,65,65,65,15,43,49,49,49,37,38,38,46,89,10],"gold":106,"neow_bonus":"TRANSFORM_CARD","is_prod":false,"is_daily":false,"chose_seed":false,"campfire_upgraded":3,"win_rate":0,"timestamp":1555938321,"path_taken":["M","?","?","M","$","R","M","R","T","R","?","$","?","?","R","BOSS","M","M","?","?","$","R","?","?","T","M","R","M","E","M","R","BOSS","M","$","M","?","?","E","R","?","T","?","E","M","?","M","R","BOSS"],"build_version":"2019-01-23","purchased_purges":4,"victory":true,"max_hp_per_floor":[80,80,80,80,80,80,80,80,80,80,80,80,80,80,80,80,80,80,80,80,80,80,80,80,94,94,94,94,94,94,94,94,94,94,94,94,94,94,94,94,94,94,94,94,94,94,94,94,94,94],"card_choices":[{"not_picked":["Pommel Strike","Thunderclap"],"picked":"Clash","floor":1},{"not_picked":["Body Slam","Clothesline","Armaments"],"picked":"SKIP","floor":3},{"not_picked":["Armaments","Body Slam","Anger"],"picked":"SKIP","floor":4},{"not_picked":["Uppercut","Clash","Evolve"],"picked":"SKIP","floor":7},{"not_picked":["Flame Barrier+1","Perfected Strike+1","Thunderclap"],"picked":"SKIP","floor":18},{"not_picked":["Twin Strike","Thunderclap","Flex"],"picked":"SKIP","floor":19},{"not_picked":["Havoc","Flame Barrier","Sever Soul"],"picked":"SKIP","floor":27},{"not_picked":["Armaments","Ghostly Armor","Carnage+1"],"picked":"SKIP","floor":29},{"not_picked":["Uppercut","Rage","Twin Strike+1"],"picked":"SKIP","floor":30},{"not_picked":["Twin Strike","Reaper","Seeing Red"],"picked":"SKIP","floor":31},{"not_picked":["Thunderclap+1","Body Slam+1","Pommel Strike"],"picked":"SKIP","floor":35},{"not_picked":["Flex","Rage+1","Battle Trance"],"picked":"SKIP","floor":37},{"not_picked":["Flex+1","Wild Strike","Rage"],"picked":"SKIP","floor":40},{"not_picked":["Clothesline+1","Body Slam+1"],"picked":"Dropkick+1","floor":42},{"not_picked":["Flex","Sword Boomerang+1"],"picked":"Shrug It Off+1","floor":45},{"not_picked":["Pommel Strike+1","Flame Barrier","Iron Wave+1"],"picked":"SKIP","floor":46},{"not_picked":["True Grit+1","Fire Breathing+1","Anger+1"],"picked":"SKIP","floor":48}],"player_experience":143290,"relics_obtained":[{"floor":9,"key":"Paper Frog"},{"floor":25,"key":"Mango"},{"floor":26,"key":"Anchor"},{"floor":30,"key":"Red Skull"},{"floor":40,"key":"Tiny Chest"},{"floor":40,"key":"Molten Egg 2"},{"floor":43,"key":"Letter Opener"},{"floor":45,"key":"Unceasing Top"},{"floor":45,"key":"Regal Pillow"},{"floor":47,"key":"Blood Vial"}],"event_choices":[{"damage_healed":0,"gold_gain":75,"player_choice":"Touch","damage_taken":8,"max_hp_gain":0,"max_hp_loss":0,"event_name":"FaceTrader","floor":2,"gold_loss":0},{"cards_removed":["Defend_R"],"damage_healed":0,"gold_gain":0,"player_choice":"Card Removal","damage_taken":0,"max_hp_gain":0,"max_hp_loss":0,"event_name":"The Cleric","floor":11,"gold_loss":50},{"damage_healed":0,"gold_gain":0,"player_choice":"Success","damage_taken":18,"relics_obtained":["Girya"],"max_hp_gain":0,"max_hp_loss":0,"event_name":"Scrap Ooze","floor":13,"gold_loss":0},{"cards_removed":["Strike_R"],"damage_healed":0,"gold_gain":0,"player_choice":"Forget","damage_taken":0,"max_hp_gain":0,"max_hp_loss":0,"event_name":"Living Wall","floor":14,"gold_loss":0},{"damage_healed":0,"gold_gain":0,"player_choice":"Paid Fearfully","damage_taken":0,"max_hp_gain":0,"max_hp_loss":0,"event_name":"Masked Bandits","floor":20,"gold_loss":143},{"damage_healed":0,"gold_gain":0,"player_choice":"Ignored","damage_taken":0,"max_hp_gain":0,"max_hp_loss":0,"event_name":"Beggar","floor":21,"gold_loss":0},{"damage_healed":0,"gold_gain":0,"player_choice":"Inject Mutagens","damage_taken":0,"relics_obtained":["MutagenicStrength"],"max_hp_gain":0,"max_hp_loss":0,"event_name":"Drug Dealer","floor":24,"gold_loss":0},{"damage_healed":0,"gold_gain":0,"player_choice":"Ignored","damage_taken":0,"max_hp_gain":0,"max_hp_loss":0,"event_name":"Mysterious Sphere","floor":38,"gold_loss":0},{"damage_healed":0,"gold_gain":0,"player_choice":"Forge","damage_taken":0,"max_hp_gain":0,"max_hp_loss":0,"event_name":"Accursed Blacksmith","floor":39,"gold_loss":0,"cards_upgraded":["Strike_R"]}],"is_beta":false,"boss_relics":[{"not_picked":["Runic Cube","Snecko Eye"],"picked":"Sozu"},{"not_picked":["Velvet Choker","Astrolabe"],"picked":"Black Star"}],"items_purged_floors":[5,12,36,44],"is_endless":false,"potions_floor_spawned":[3,4,18,31,33,40,45,46],"ascension_level":0}