{"gold_per_floor":[214,214,224,2,18,18,18,18,73,106,106,106,139,156,156,257,257,267,267,267,267,286,315,315,341,364,364,378,378,396,426,426,525,575,593,593,611,191,236,236,249,281,281,295,295,97,197,210,210,210],"floor_reached":50,"playtime":5028,"items_purged":["Pain"],"score":762,"play_id":"dff6dfda-383a-4340-b7d9-7183dbb51be6","local_time":"20190604193646","is_ascension_mode":true,"campfire_choices":[{"data":"Defragment","floor":6,"key":"SMITH"},{"data":"Zap","floor":12,"key":"SMITH"},{"data":"Defragment","floor":15,"key":"SMITH"},{"floor":27,"key":"REST"},{"floor":32,"key":"REST"},{"floor":40,"key":"REST"},{"floor":45,"key":"REST"},{"floor":49,"key":"RECALL"}],"neow_cost":"NONE","seed_source_timestamp":1507349999476309,"circlet_count":0,"master_deck":["Zap+1","Dualcast","Melter","Leap","Defragment+1","Defragment+1","Coolheaded","Creative AI","Gash","Electrodynamics","Consume","Steam+1","Rainbow","Double Energy","Cold Snap+1","Glacier+1","Defragment","FTL","Coolheaded+1","Core Surge+1","Gash","Gash","Chaos+1","Compile Driver","Chaos+1","Transmutation","All For One"],"relics":["Cracked Core","WarpedTongs","Anchor","Juzu Bracelet","Happy Flower","Blue Candle","Pandora\u0027s Box","Cables","Bronze Scales","Nilry\u0027s Codex","Symbiotic Virus","Turnip","Omamori","Tiny House","Membership Card","Whetstone","Torii","FossilizedHelix","Gremlin Horn","Meat on the Bone","Shovel"],"potions_floor_usage":[23,25,25,35,44,44,48,50,50,50],"damage_taken":[{"damage":3,"enemies":"2 Louse","floor":1,"turns":3},{"damage":2,"enemies":"Cultist","floor":3,"turns":3},{"damage":0,"enemies":"Jaw Worm","floor":5,"turns":3},{"damage":10,"enemies":"Gremlin Nob","floor":10,"turns":4},{"damage":15,"enemies":"Lagavulin","floor":13,"turns":6},{"damage":7,"enemies":"2 Fungi Beasts","floor":14,"turns":3},{"damage":10,"enemies":"Hexaghost","floor":16,"turns":10},{"damage":0,"enemies":"3 Byrds","floor":18,"turns":2},{"damage":0,"enemies":"Chosen","floor":22,"turns":4},{"damage":0,"enemies":"Gremlin Leader","floor":23,"turns":8},{"damage":17,"enemies":"Slavers","floor":25,"turns":4},{"damage":17,"enemies":"Centurion and Healer","floor":28,"turns":5},{"damage":14,"enemies":"Snake Plant","floor":30,"turns":3},{"damage":15,"enemies":"Book of Stabbing","floor":31,"turns":5},{"damage":23,"enemies":"Automaton","floor":33,"turns":8},{"damage":9,"enemies":"3 Darklings","floor":35,"turns":3},{"damage":2,"enemies":"Orb Walker","floor":37,"turns":3},{"damage":24,"enemies":"2 Orb Walkers","floor":39,"turns":7},{"damage":1,"enemies":"Transient","floor":41,"turns":5},{"damage":0,"enemies":"Nemesis","floor":42,"turns":5},{"damage":10,"enemies":"3 Darklings","floor":44,"turns":5},{"damage":0,"enemies":"Mind Bloom Boss Battle","floor":47,"turns":5},{"damage":25,"enemies":"Jaw Worm Horde","floor":48,"turns":3},{"damage":64,"enemies":"Time Eater","floor":50,"turns":9}],"seed_played":"-3146399501605096450","potions_obtained":[{"floor":10,"key":"SpeedPotion"},{"floor":13,"key":"Regen Potion"},{"floor":14,"key":"LiquidBronze"},{"floor":22,"key":"Swift Potion"},{"floor":30,"key":"Strength Potion"},{"floor":31,"key":"GamblersBrew"},{"floor":34,"key":"Dexterity Potion"},{"floor":39,"key":"EssenceOfSteel"},{"floor":44,"key":"Energy Potion"},{"floor":47,"key":"Explosive Potion"},{"floor":48,"key":"Weak Potion"}],"is_trial":false,"path_per_floor":["M","?","M","$","M","R","?","?","T","E","$","R","E","M","R","B",null,"M","?","T","?","M","E","?","E","T","R","M","T","M","E","R","B",null,"M","?","M","$","?","R","M","E","T","M","R","$","?","M","R","B"],"character_chosen":"DEFECT","items_purchased":["Anchor","Membership Card","Whetstone","Torii","Transmutation","Regen Potion","All For One"],"campfire_rested":4,"item_purchase_floors":[4,38,38,38,46,46,46],"current_hp_per_floor":[65,65,63,63,63,63,63,56,56,46,46,46,31,24,24,14,60,60,60,60,60,60,60,44,39,39,61,44,44,30,15,37,14,65,56,56,54,54,30,54,53,53,53,43,67,67,67,42,42,0],"gold":210,"neow_bonus":"HUNDRED_GOLD","is_prod":false,"is_daily":false,"chose_seed":false,"campfire_upgraded":3,"win_rate":0,"timestamp":1559687806,"path_taken":["M","?","M","?","?","R","?","?","T","E","$","R","E","M","R","BOSS","M","?","?","?","M","E","?","E","T","R","M","?","M","E","R","BOSS","M","?","M","$","?","R","M","E","T","M","R","$","?","M","R","BOSS"],"build_version":"2019-01-23","purchased_purges":1,"victory":false,"max_hp_per_floor":[75,75,75,75,75,75,75,75,75,75,75,75,75,75,75,75,75,75,75,75,75,75,75,75,75,75,75,75,75,75,75,75,75,80,80,80,80,80,80,80,80,80,80,80,80,80,80,80,80,80],"card_choices":[{"not_picked":["Cold Snap","Chill"],"picked":"Melter","floor":1},{"not_picked":["FTL","Ball Lightning"],"picked":"Leap","floor":3},{"not_picked":["Redo","Steam"],"picked":"Defragment","floor":5},{"not_picked":["Beam Cell","Hologram","Barrage"],"picked":"SKIP","floor":10},{"not_picked":["Turbo","Go for the Eyes"],"picked":"Defragment","floor":13},{"not_picked":["Cold Snap","Steam"],"picked":"Coolheaded","floor":14},{"not_picked":["Machine Learning","Amplify"],"picked":"Creative AI","floor":16},{"not_picked":["Go for the Eyes+1","Redo"],"picked":"Cold Snap","floor":18},{"not_picked":["Conserve Battery","Ball Lightning"],"picked":"Glacier+1","floor":22},{"not_picked":["Reprogram","Rebound"],"picked":"Defragment","floor":23},{"not_picked":["Lockon+1","Ball Lightning","Cold Snap"],"picked":"SKIP","floor":25},{"not_picked":["Turbo","Beam Cell","Hyperbeam"],"picked":"SKIP","floor":28},{"not_picked":["Hologram+1","Steam Power+1"],"picked":"FTL","floor":30},{"not_picked":["Conserve Battery","Consume"],"picked":"Coolheaded+1","floor":31},{"not_picked":["Buffer","Machine Learning"],"picked":"Core Surge","floor":33},{"not_picked":["Steam+1","Hologram"],"picked":"Gash","floor":34},{"not_picked":["Tempest+1","Sweeping Beam"],"picked":"Gash","floor":35},{"not_picked":["Stack","Coolheaded"],"picked":"Chaos+1","floor":37},{"not_picked":["Hologram+1","Gash"],"picked":"Compile Driver","floor":39},{"not_picked":["Sweeping Beam","Coolheaded"],"picked":"Chaos+1","floor":41},{"not_picked":["Machine Learning","Cold Snap+1","Blizzard+1"],"picked":"SKIP","floor":42},{"not_picked":["Coolheaded","Reprogram+1","Cold Snap"],"picked":"SKIP","floor":44},{"not_picked":["Streamline","Ball Lightning+1","Rip and Tear+1"],"picked":"SKIP","floor":48}],"player_experience":904938,"relics_obtained":[{"floor":9,"key":"Juzu Bracelet"},{"floor":10,"key":"Happy Flower"},{"floor":13,"key":"Blue Candle"},{"floor":20,"key":"Cables"},{"floor":23,"key":"Bronze Scales"},{"floor":24,"key":"Nilry\u0027s Codex"},{"floor":25,"key":"Symbiotic Virus"},{"floor":29,"key":"Turnip"},{"floor":31,"key":"Omamori"},{"floor":39,"key":"FossilizedHelix"},{"floor":42,"key":"Gremlin Horn"},{"floor":43,"key":"Meat on the Bone"},{"floor":47,"key":"Shovel"}],"event_choices":[{"damage_healed":0,"gold_gain":0,"player_choice":"Rummage","damage_taken":0,"relics_obtained":["WarpedTongs"],"max_hp_gain":0,"max_hp_loss":0,"event_name":"Accursed Blacksmith","floor":2,"gold_loss":0,"cards_obtained":["Pain"]},{"damage_healed":0,"gold_gain":0,"player_choice":"Leave","damage_taken":0,"max_hp_gain":0,"max_hp_loss":0,"event_name":"The Cleric","floor":7,"gold_loss":0},{"cards_removed":["Strike_B"],"damage_healed":0,"gold_gain":0,"player_choice":"Card Removal","damage_taken":7,"max_hp_gain":0,"max_hp_loss":0,"event_name":"Golden Wing","floor":8,"gold_loss":0},{"damage_healed":0,"gold_gain":0,"player_choice":"Ignored","damage_taken":0,"max_hp_gain":0,"max_hp_loss":0,"event_name":"Vampires","floor":19,"gold_loss":0},{"cards_removed":["Scrape"],"damage_healed":0,"gold_gain":0,"player_choice":"Elegance","damage_taken":0,"max_hp_gain":0,"max_hp_loss":0,"event_name":"Back to Basics","floor":21,"gold_loss":0},{"damage_healed":0,"gold_gain":0,"player_choice":"Obtained Book","damage_taken":16,"max_hp_gain":0,"max_hp_loss":0,"event_name":"Cursed Tome","floor":24,"gold_loss":0},{"damage_healed":0,"gold_gain":0,"player_choice":"Memory 1","damage_taken":0,"max_hp_gain":0,"max_hp_loss":0,"event_name":"SensoryStone","floor":36,"gold_loss":0},{"damage_healed":0,"gold_gain":0,"player_choice":"Fight","damage_taken":0,"max_hp_gain":0,"max_hp_loss":0,"event_name":"Mysterious Sphere","floor":39,"gold_loss":0},{"damage_healed":0,"gold_gain":0,"player_choice":"Fight","damage_taken":0,"max_hp_gain":0,"max_hp_loss":0,"event_name":"MindBloom","floor":47,"gold_loss":0}],"is_beta":false,"boss_relics":[{"not_picked":["Orrery","Astrolabe"],"picked":"Pandora\u0027s Box"},{"not_picked":["Calling Bell","Cursed Key"],"picked":"Tiny House"}],"items_purged_floors":[4],"is_endless":false,"potions_floor_spawned":[10,13,14,22,30,31,39,44,47,48],"killed_by":"Time Eater","ascension_level":6}