{"path_per_floor":["M","T","M","M","?","R","M","R","T","E","M","?","M","$","R","B",null,"M","$","M","?","M","R","$","M","T","E"],"character_chosen":"THE_SILENT","items_purchased":["Master of Strategy","Dagger Spray","Caltrops"],"gold_per_floor":[111,136,149,163,163,163,183,183,234,264,281,231,248,61,61,158,158,170,49,59,59,74,74,40,57,80,114],"floor_reached":28,"campfire_rested":1,"playtime":2652,"current_hp_per_floor":[70,70,70,65,58,58,58,58,58,54,50,50,48,48,70,54,70,59,59,52,52,45,45,45,34,41,29],"items_purged":["Strike_G"],"gold":114,"play_id":"521d8cf0-9481-4d64-91b0-8e6c65a7249d","is_prod":false,"is_daily":false,"is_ascension_mode":false,"campfire_upgraded":3,"path_taken":["M","?","M","M","?","R","?","R","T","E","M","?","M","$","R","BOSS","M","$","?","?","M","R","$","M","T","E","M"],"build_version":"2018-01-25-PROD3","purchased_purges":1,"victory":false,"master_deck":["Defend_G","Defend_G","Defend_G","Defend_G","Defend_G","Strike_G","Strike_G","Survivor+1","Neutralize+1","Escape Plan","Catalyst+1","Deadly Poison","Heel Hook","Bane","Distraction","Poisoned Stab","Leg Sweep","Master of Strategy","Adrenaline","Dagger Spray","Footwork+1","Noxious Fumes","Catalyst","Caltrops","PiercingWail+1"],"max_hp_per_floor":[70,70,70,70,70,70,70,70,70,70,70,70,70,70,70,70,70,70,70,70,70,70,70,70,70,77,77],"relics":["Ring of the Snake","Regal Pillow","Toxic Egg","Orichalcum","Strawberry","Bottled Flame"],"card_choices":[{"not_picked":["Poisoned Stab","Flying Knee"],"picked":"Escape Plan"},{"not_picked":["Dash","PiercingWail"],"picked":"Catalyst"},{"not_picked":["Flying Knee","Endless Agony"],"picked":"Deadly Poison"},{"not_picked":["Endless Agony","Prepared"],"picked":"Heel Hook"},{"not_picked":["Underhanded Strike","Infinite Blades"],"picked":"Bane"},{"not_picked":["Flying Knee","Slice"],"picked":"Distraction"},{"not_picked":["Slice","Dagger Throw"],"picked":"Poisoned Stab"},{"not_picked":["All Out Attack","Masterful Stab"],"picked":"Leg Sweep"},{"not_picked":["Venomology","Doppelganger"],"picked":"Adrenaline"},{"not_picked":["Blade Dance","Quick Slash"],"picked":"Footwork"},{"not_picked":["Outmaneuver","Escape Plan"],"picked":"Catalyst"},{"not_picked":["Unload","Bane"],"picked":"PiercingWail"}],"player_experience":162185,"potions_floor_usage":[18],"damage_taken":[{"damage":0.0,"enemies":"Blue Slaver","floor":1.0,"turns":7.0},{"damage":0.0,"enemies":"2 Louse","floor":3.0,"turns":4.0},{"damage":5.0,"enemies":"Small Slimes","floor":4.0,"turns":5.0},{"damage":0.0,"enemies":"3 Louse","floor":7.0,"turns":5.0},{"damage":4.0,"enemies":"Gremlin Nob","floor":10.0,"turns":3.0},{"damage":4.0,"enemies":"Exordium Thugs","floor":11.0,"turns":5.0},{"damage":2.0,"enemies":"Gremlin Gang","floor":13.0,"turns":5.0},{"damage":16.0,"enemies":"The Guardian","floor":16.0,"turns":8.0},{"damage":11,"enemies":"Spheric Guardian","floor":18,"turns":8},{"damage":7,"enemies":"Chosen","floor":20,"turns":4},{"damage":7,"enemies":"Snake Plant","floor":22,"turns":4},{"damage":11,"enemies":"Centurion and Healer","floor":25,"turns":8},{"damage":12,"enemies":"Book of Stabbing","floor":27,"turns":5},{"damage":0,"enemies":"3 Cultists","floor":28,"turns":1}],"event_choices":[{"event_name":"Golden Wing","player_choice":"Card Removal","floor":5.0,"damage_taken":0.0},{"event_name":"The Cleric","player_choice":"Card Removal","floor":12.0,"damage_taken":0.0},{"event_name":"The Library","player_choice":"Read","floor":21,"damage_taken":0}],"boss_relics":[],"potions_floor_spawned":[1,4,13,16,18,25,27],"seed_played":"7822279447450155558","killed_by":"3 Cultists","ascension_level":0,"is_trial":false}