{"gold_per_floor":[113,113,123,66,66,95,95,109,135,153,153,153,173,235,235,235],"floor_reached":16,"playtime":605,"items_purged":[],"score":244,"play_id":"27dca6b0-6e8a-43dc-8aff-65a45f6634e4","local_time":"20190620180539","is_ascension_mode":true,"campfire_choices":[{"data":"Armaments","floor":7,"key":"SMITH"},{"data":"Whirlwind","floor":11,"key":"SMITH"},{"data":"Intimidate","floor":15,"key":"SMITH"}],"neow_cost":"NONE","seed_source_timestamp":270430576012556,"circlet_count":0,"master_deck":["AscendersBane","Strike_R","Strike_R","Strike_R","Strike_R","Defend_R","Defend_R","Defend_R","Defend_R","Bash","Twin Strike","Armaments+1","True Grit","Whirlwind+1","Intimidate+1"],"relics":["Burning Blood","NeowsBlessing","Art of War","Anchor","Prayer Wheel"],"potions_floor_usage":[14,14],"damage_taken":[{"damage":0,"enemies":"2 Louse","floor":1,"turns":1},{"damage":0,"enemies":"Cultist","floor":3,"turns":1},{"damage":0,"enemies":"3 Sentries","floor":6,"turns":2},{"damage":2,"enemies":"Jaw Worm","floor":8,"turns":3},{"damage":5,"enemies":"Gremlin Gang","floor":10,"turns":4},{"damage":0,"enemies":"3 Louse","floor":13,"turns":1},{"damage":37,"enemies":"Lagavulin Event","floor":14,"turns":6},{"damage":56,"enemies":"The Guardian","floor":16,"turns":9}],"seed_played":"338759873812229648","potions_obtained":[{"floor":1,"key":"FearPotion"},{"floor":14,"key":"Ancient Potion"}],"is_trial":false,"path_per_floor":["M","?","M","$","?","E","R","M","T","M","R","?","M","?","R","B"],"character_chosen":"IRONCLAD","items_purchased":["PowerPotion"],"campfire_rested":0,"item_purchase_floors":[4],"current_hp_per_floor":[74,67,73,73,69,75,75,75,75,75,75,75,75,44,44,0],"gold":235,"neow_bonus":"THREE_ENEMY_KILL","is_prod":false,"is_daily":false,"chose_seed":false,"campfire_upgraded":3,"win_rate":0,"timestamp":1561064739,"path_taken":["M","?","M","$","?","E","R","?","T","M","R","?","?","?","R","BOSS"],"build_version":"2019-01-23","purchased_purges":0,"victory":false,"max_hp_per_floor":[75,75,75,75,75,75,75,75,75,75,75,75,75,75,75,75],"card_choices":[{"not_picked":["Reckless Charge","Metallicize"],"picked":"Twin Strike","floor":1},{"not_picked":["Perfected Strike","Pommel Strike"],"picked":"Armaments","floor":3},{"not_picked":["Clash","Heavy Blade"],"picked":"True Grit","floor":6},{"not_picked":["Perfected Strike","Evolve"],"picked":"Whirlwind","floor":8},{"not_picked":["Heavy Blade","Exhume","Iron Wave"],"picked":"SKIP","floor":10},{"not_picked":["Twin Strike","Anger"],"picked":"Intimidate","floor":13}],"player_experience":1110613,"relics_obtained":[{"floor":6,"key":"Art of War"},{"floor":9,"key":"Anchor"},{"floor":14,"key":"Prayer Wheel"}],"event_choices":[{"cards_removed":["Strike_R"],"damage_healed":0,"gold_gain":0,"player_choice":"Card Removal","damage_taken":7,"max_hp_gain":0,"max_hp_loss":0,"event_name":"Golden Wing","floor":2,"gold_loss":0},{"damage_healed":0,"gold_gain":0,"player_choice":"Bought 0 Potions","damage_taken":0,"max_hp_gain":0,"max_hp_loss":0,"event_name":"The Woman in Blue","floor":5,"gold_loss":0},{"damage_healed":0,"gold_gain":0,"player_choice":"0 cards matched","damage_taken":0,"max_hp_gain":0,"max_hp_loss":0,"event_name":"Match and Keep!","floor":12,"gold_loss":0,"cards_obtained":[]},{"damage_healed":0,"gold_gain":0,"player_choice":"Searched \u00272\u0027 times","damage_taken":0,"max_hp_gain":0,"max_hp_loss":0,"event_name":"Dead Adventurer","floor":14,"gold_loss":0}],"is_beta":false,"boss_relics":[],"items_purged_floors":[],"is_endless":false,"potions_floor_spawned":[1,6,14],"killed_by":"The Guardian","ascension_level":19}