{"gold_per_floor":[116,116,116,132,57,57,57,75,75,75,94,117,157,57,57,57],"floor_reached":16,"playtime":435,"items_purged":["Strike_B","Strike_B"],"score":100,"play_id":"ae3739ce-5ca7-41af-936f-b635b135fcd8","local_time":"20190620182311","is_ascension_mode":false,"campfire_choices":[{"data":"Consume","floor":6,"key":"SMITH"},{"data":"BootSequence","floor":10,"key":"SMITH"},{"floor":15,"key":"REST"}],"neow_cost":"NONE","seed_source_timestamp":565993091161230,"circlet_count":0,"master_deck":["Strike_B","Strike_B","Defend_B","Defend_B+1","Defend_B","Defend_B","Zap","Dualcast+1","Consume+1","BootSequence+1","Cold Snap"],"relics":["Cracked Core","Golden Idol","Toxic Egg 2","Bag of Preparation"],"potions_floor_usage":[],"damage_taken":[{"damage":1,"enemies":"Cultist","floor":1,"turns":3},{"damage":3,"enemies":"2 Louse","floor":4,"turns":2},{"damage":18,"enemies":"Small Slimes","floor":8,"turns":10},{"damage":0,"enemies":"Exordium Wildlife","floor":11,"turns":3},{"damage":17,"enemies":"3 Louse","floor":12,"turns":4},{"damage":24,"enemies":"3 Sentries","floor":13,"turns":9},{"damage":22,"enemies":"The Guardian","floor":16,"turns":6}],"seed_played":"-2352307932991235377","potions_obtained":[{"floor":1,"key":"Ancient Potion"},{"floor":8,"key":"GamblersBrew"},{"floor":12,"key":"FearPotion"}],"is_trial":false,"path_per_floor":["M","?","?","M","$","R","$","M","T","R","M","M","E","$","R","B"],"character_chosen":"DEFECT","items_purchased":[],"campfire_rested":1,"item_purchase_floors":[],"current_hp_per_floor":[74,69,69,66,66,66,66,48,48,48,48,31,7,7,27,5],"gold":57,"neow_bonus":"UPGRADE_CARD","is_prod":false,"is_daily":false,"chose_seed":false,"campfire_upgraded":2,"win_rate":0,"timestamp":1561047791,"path_taken":["M","?","?","?","?","R","?","M","T","R","?","?","E","?","R","BOSS"],"build_version":"2019-01-23","purchased_purges":2,"victory":false,"max_hp_per_floor":[75,69,69,69,69,69,69,69,69,69,69,69,69,69,69,69],"card_choices":[{"not_picked":["Tempest","Capacitor","Redo"],"picked":"SKIP","floor":1},{"not_picked":["Go for the Eyes","Doom and Gloom"],"picked":"Consume","floor":4},{"not_picked":["Skim","Go for the Eyes"],"picked":"BootSequence","floor":8},{"not_picked":["Compile Driver","Go for the Eyes","Self Repair"],"picked":"SKIP","floor":11},{"not_picked":["Barrage","Go for the Eyes","Stack+1"],"picked":"SKIP","floor":12},{"not_picked":["Gash","Streamline"],"picked":"Cold Snap","floor":13}],"player_experience":291589,"relics_obtained":[{"floor":9,"key":"Toxic Egg 2"},{"floor":13,"key":"Bag of Preparation"}],"event_choices":[{"damage_healed":0,"gold_gain":0,"player_choice":"Lose Max HP","damage_taken":0,"relics_obtained":["Golden Idol"],"max_hp_gain":0,"max_hp_loss":6,"event_name":"Golden Idol","floor":2,"gold_loss":0},{"damage_healed":0,"gold_gain":0,"player_choice":"Upgraded","damage_taken":0,"max_hp_gain":0,"max_hp_loss":0,"event_name":"Upgrade Shrine","floor":3,"gold_loss":0,"cards_upgraded":["Dualcast"]}],"is_beta":false,"boss_relics":[],"items_purged_floors":[5,14],"is_endless":false,"potions_floor_spawned":[1,8,12],"killed_by":"The Guardian","ascension_level":0}