{"gold_per_floor":[12,12,12,28,41,41,74,90,90,105,105,117,117,131,131,234,234,250,525,542,144,158,158,191,202,202,221,246,196,213,69,69,69],"floor_reached":33,"playtime":1963,"items_purged":[],"score":363,"play_id":"b01c07fb-1190-414f-b76a-90d1242e1fd9","local_time":"20190204131922","is_ascension_mode":true,"campfire_choices":[{"data":"Dagger Spray","floor":6,"key":"SMITH"},{"floor":11,"key":"REST"},{"floor":15,"key":"RECALL"},{"data":"Tools of the Trade","floor":23,"key":"SMITH"},{"floor":32,"key":"REST"}],"neow_cost":"NO_GOLD","seed_source_timestamp":1216011027866869,"circlet_count":0,"master_deck":["Defend_G","Defend_G","Defend_G","Defend_G","Strike_G","Strike_G","Survivor","Neutralize","Deadly Poison","Backstab","Dagger Spray+1","Poisoned Stab","Bane","Tactician","Skewer","Tools of the Trade+1","Deadly Poison","Crippling Poison","Escape Plan","Panache","Deflect","Expertise+1","Deadly Poison","Terror"],"relics":["Ring of the Snake","CultistMask","Omamori","Busted Crown","Tiny Chest","Shuriken","Ninja Scroll","Centennial Puzzle","Anchor"],"potions_floor_usage":[7,7,10,14,24,24,28,33],"damage_taken":[{"damage":0,"enemies":"Small Slimes","floor":1,"turns":5},{"damage":0,"enemies":"2 Louse","floor":4,"turns":3},{"damage":0,"enemies":"Cultist","floor":5,"turns":3},{"damage":36,"enemies":"Lagavulin","floor":7,"turns":7},{"damage":0,"enemies":"Looter","floor":8,"turns":3},{"damage":0,"enemies":"Red Slaver","floor":10,"turns":2},{"damage":0,"enemies":"3 Louse","floor":12,"turns":3},{"damage":8,"enemies":"Exordium Wildlife","floor":14,"turns":4},{"damage":31,"enemies":"Hexaghost","floor":16,"turns":9},{"damage":10,"enemies":"Shell Parasite","floor":18,"turns":6},{"damage":0,"enemies":"Chosen","floor":20,"turns":4},{"damage":8,"enemies":"Snecko","floor":22,"turns":5},{"damage":23,"enemies":"Slavers","floor":24,"turns":5},{"damage":0,"enemies":"Chosen and Byrds","floor":25,"turns":4},{"damage":0,"enemies":"3 Cultists","floor":27,"turns":4},{"damage":0,"enemies":"Gremlin Leader","floor":28,"turns":4},{"damage":10,"enemies":"Snake Plant","floor":30,"turns":3},{"damage":64,"enemies":"Automaton","floor":33,"turns":6}],"seed_played":"5711926740619119129","potions_obtained":[{"floor":4,"key":"SteroidPotion"},{"floor":5,"key":"Energy Potion"},{"floor":8,"key":"GamblersBrew"},{"floor":12,"key":"AttackPotion"},{"floor":16,"key":"Ancient Potion"},{"floor":20,"key":"Strength Potion"},{"floor":27,"key":"AttackPotion"},{"floor":28,"key":"Ancient Potion"},{"floor":30,"key":"LiquidBronze"}],"is_trial":false,"path_per_floor":["M","?","?","M","M","R","E","M","T","M","R","M","?","M","R","B",null,"M","?","M","$","M","R","E","M","T","M","E","?","M","$","R","B"],"character_chosen":"THE_SILENT","items_purchased":["Crippling Poison","Tiny Chest","Escape Plan","Panache","Anchor"],"campfire_rested":2,"item_purchase_floors":[21,21,21,21,31],"current_hp_per_floor":[70,63,63,63,63,63,27,27,27,27,48,48,48,40,40,9,70,60,60,60,60,52,52,29,29,29,29,29,29,19,19,40,0],"gold":69,"neow_bonus":"REMOVE_TWO","is_prod":false,"is_daily":false,"chose_seed":false,"campfire_upgraded":2,"win_rate":0,"timestamp":1549300762,"path_taken":["M","?","?","?","M","R","E","M","T","M","R","M","?","M","R","BOSS","M","?","M","$","M","R","E","?","T","M","E","?","?","$","R","BOSS"],"build_version":"2019-01-23","purchased_purges":0,"victory":false,"max_hp_per_floor":[70,70,70,70,70,70,70,70,70,70,70,70,70,70,70,70,70,70,70,70,70,70,70,70,70,70,70,70,70,70,70,70,70],"card_choices":[{"not_picked":["Prepared","Finisher"],"picked":"Deadly Poison","floor":1},{"not_picked":["Heel Hook","Poisoned Stab"],"picked":"Backstab","floor":4},{"not_picked":["Footwork","Outmaneuver"],"picked":"Dagger Spray","floor":5},{"not_picked":["Finisher","Dagger Spray"],"picked":"Poisoned Stab","floor":7},{"not_picked":["Choke","Burst"],"picked":"Bane","floor":8},{"not_picked":["Bouncing Flask","Acrobatics","Quick Slash"],"picked":"SKIP","floor":10},{"not_picked":["Accuracy","Flying Knee"],"picked":"Tactician","floor":12},{"not_picked":["Distraction","Predator"],"picked":"Skewer","floor":14},{"not_picked":["Phantasmal Killer","Glass Knife"],"picked":"Tools of the Trade","floor":16},{"not_picked":["Blade Dance"],"picked":"SKIP","floor":18},{"not_picked":[],"picked":"Deadly Poison","floor":20},{"not_picked":[],"picked":"Deflect","floor":22},{"not_picked":["Sucker Punch"],"picked":"SKIP","floor":24},{"not_picked":[],"picked":"Expertise+1","floor":25},{"not_picked":["Sucker Punch"],"picked":"SKIP","floor":27},{"not_picked":[],"picked":"Deadly Poison","floor":28},{"not_picked":[],"picked":"Terror","floor":30}],"player_experience":416574,"relics_obtained":[{"floor":7,"key":"Omamori"},{"floor":24,"key":"Shuriken"},{"floor":26,"key":"Ninja Scroll"},{"floor":28,"key":"Centennial Puzzle"}],"event_choices":[{"cards_removed":["Strike_G"],"damage_healed":0,"gold_gain":0,"player_choice":"Card Removal","damage_taken":7,"max_hp_gain":0,"max_hp_loss":0,"event_name":"Golden Wing","floor":2,"gold_loss":0},{"damage_healed":0,"gold_gain":0,"player_choice":"Trade","damage_taken":0,"relics_obtained":["CultistMask"],"max_hp_gain":0,"max_hp_loss":0,"event_name":"FaceTrader","floor":3,"gold_loss":0},{"cards_removed":["Strike_G"],"damage_healed":0,"gold_gain":0,"player_choice":"Purged","damage_taken":0,"max_hp_gain":0,"max_hp_loss":0,"event_name":"Purifier","floor":13,"gold_loss":0},{"damage_healed":0,"gold_gain":275,"player_choice":"Desecrate","damage_taken":0,"max_hp_gain":0,"max_hp_loss":0,"event_name":"Golden Shrine","floor":19,"gold_loss":0,"cards_obtained":["Regret"]},{"damage_healed":0,"gold_gain":0,"player_choice":"Bet on Owner","damage_taken":0,"max_hp_gain":0,"max_hp_loss":0,"event_name":"The Joust","floor":29,"gold_loss":50}],"is_beta":false,"boss_relics":[{"not_picked":["Ring of the Serpent","Runic Pyramid"],"picked":"Busted Crown"}],"items_purged_floors":[],"is_endless":false,"potions_floor_spawned":[4,5,8,12,16,20,27,28,30],"killed_by":"Automaton","ascension_level":3}