{"gold_per_floor":[110,120,120,130,130,130,165,181,227,227,227,241,254,254,254,254],"floor_reached":16,"playtime":756,"items_purged":[],"score":102,"play_id":"b1bb837f-d1ad-459d-901f-48bdaf110816","local_time":"20190301154644","is_ascension_mode":false,"campfire_choices":[{"data":"Seeing Red","floor":6,"key":"SMITH"},{"floor":11,"key":"REST"},{"floor":15,"key":"REST"}],"neow_cost":"NONE","seed_source_timestamp":232864565406869,"circlet_count":0,"master_deck":["Strike_R","Strike_R","Strike_R","Strike_R","Strike_R","Defend_R","Defend_R","Defend_R","Defend_R","Bash","Uppercut+1","Evolve","Seeing Red+1","Searing Blow","Fire Breathing","Searing Blow","Dropkick"],"relics":["Burning Blood","Toxic Egg 2","Bag of Marbles","Smiling Mask"],"potions_floor_usage":[7,12],"damage_taken":[{"damage":14,"enemies":"Jaw Worm","floor":1,"turns":4},{"damage":8,"enemies":"2 Louse","floor":2,"turns":3},{"damage":0,"enemies":"Small Slimes","floor":4,"turns":3},{"damage":34,"enemies":"Lagavulin","floor":7,"turns":8},{"damage":5,"enemies":"Looter","floor":8,"turns":3},{"damage":22,"enemies":"Exordium Thugs","floor":12,"turns":5},{"damage":12,"enemies":"Gremlin Gang","floor":13,"turns":6},{"damage":62,"enemies":"The Guardian","floor":16,"turns":9}],"seed_played":"-3462963831197160991","potions_obtained":[{"floor":2,"key":"SteroidPotion"},{"floor":8,"key":"Energy Potion"},{"floor":12,"key":"GamblersBrew"}],"is_trial":false,"path_per_floor":["M","M","?","M","?","R","E","M","T","?","R","M","M","?","R","B"],"character_chosen":"IRONCLAD","items_purchased":[],"campfire_rested":2,"item_purchase_floors":[],"current_hp_per_floor":[80,78,78,84,59,59,31,32,32,32,58,42,36,36,62,0],"gold":254,"neow_bonus":"TEN_PERCENT_HP_BONUS","is_prod":false,"is_daily":false,"chose_seed":false,"campfire_upgraded":1,"win_rate":0,"timestamp":1551484004,"path_taken":["M","M","?","M","?","R","E","M","T","?","R","M","M","?","R","BOSS"],"build_version":"2019-01-23","purchased_purges":0,"victory":false,"max_hp_per_floor":[88,88,88,88,88,88,88,88,88,88,88,88,88,88,88,88],"card_choices":[{"not_picked":["Warcry","Anger"],"picked":"Uppercut","floor":1},{"not_picked":["Pummel","Perfected Strike"],"picked":"Evolve","floor":2},{"not_picked":["Warcry","Entrench"],"picked":"Seeing Red","floor":4},{"not_picked":["Pommel Strike","Clash"],"picked":"Searing Blow","floor":7},{"not_picked":["Pommel Strike","Rampage"],"picked":"Fire Breathing","floor":8},{"not_picked":["Reckless Charge","Evolve"],"picked":"Searing Blow","floor":12},{"not_picked":["Wild Strike","Warcry+1"],"picked":"Dropkick","floor":13}],"player_experience":535580,"relics_obtained":[{"floor":7,"key":"Bag of Marbles"},{"floor":9,"key":"Smiling Mask"}],"event_choices":[{"damage_healed":0,"gold_gain":0,"player_choice":"Grow","damage_taken":0,"max_hp_gain":0,"max_hp_loss":0,"event_name":"Living Wall","floor":3,"gold_loss":0,"cards_upgraded":["Uppercut"]},{"damage_healed":0,"gold_gain":0,"player_choice":"Success","damage_taken":25,"relics_obtained":["Toxic Egg 2"],"max_hp_gain":0,"max_hp_loss":0,"event_name":"Scrap Ooze","floor":5,"gold_loss":0},{"damage_healed":0,"gold_gain":0,"player_choice":"Ignored","damage_taken":0,"max_hp_gain":0,"max_hp_loss":0,"event_name":"Liars Game","floor":10,"gold_loss":0},{"damage_healed":0,"gold_gain":0,"player_choice":"Ignored","damage_taken":0,"max_hp_gain":0,"max_hp_loss":0,"event_name":"NoteForYourself","floor":14,"gold_loss":0}],"is_beta":false,"boss_relics":[],"items_purged_floors":[],"is_endless":false,"potions_floor_spawned":[2,8,12],"killed_by":"The Guardian","ascension_level":0}