{"gold_per_floor":[110,121,141,155,167,201,218,218,244,273,233,265,280,342,342,441,441,454,454,454,472,472,472,169,169,169,169,169,241,84,100,100,202,202,216,235,247,347,447,447,482,20,44,44,60,70,70,96,96,96],"floor_reached":51,"playtime":4270,"items_purged":["Double Energy"],"score":799,"play_id":"ea5341fd-2edb-401f-a445-f7e057b440ea","local_time":"20190421115749","is_ascension_mode":true,"campfire_choices":[{"data":"Glacier","floor":8.0,"key":"SMITH"},{"floor":15.0,"key":"REST"},{"floor":23.0,"key":"REST"},{"floor":25.0,"key":"RECALL"},{"floor":28.0,"key":"REST"},{"floor":32.0,"key":"REST"},{"floor":40,"key":"REST"},{"floor":49,"key":"REST"}],"neow_cost":"NONE","seed_source_timestamp":0,"circlet_count":0,"master_deck":["Strike_B","Strike_B","Strike_B+1","Defend_B","Defend_B","Defend_B","Defend_B","Zap+1","Dualcast","Coolheaded","Ball Lightning","Auto Shields","Gash+1","Gash","Glacier+1","Conserve Battery","Reinforced Body","Rainbow","Consume+1","Turbo","Hologram","Glacier+1","Chill","Capacitor","BootSequence","Thunder Strike","BootSequence+1","Coolheaded+1","Hologram+1","Consume"],"special_seed":0,"relics":["Cracked Core","Kunai","Orichalcum","FossilizedHelix","Art of War","Juzu Bracelet","Fusion Hammer","Oddly Smooth Stone","Blue Candle","Darkstone Periapt","Regal Pillow","Inserter","Turnip","Anchor","Whetstone","Lee\u0027s Waffle","Omamori","Bag of Marbles"],"potions_floor_usage":[50,50,50],"damage_taken":[{"damage":0.0,"enemies":"2 Louse","floor":1.0,"turns":2.0},{"damage":0.0,"enemies":"Cultist","floor":2.0,"turns":3.0},{"damage":4.0,"enemies":"Jaw Worm","floor":3.0,"turns":4.0},{"damage":9.0,"enemies":"3 Louse","floor":4.0,"turns":3.0},{"damage":1.0,"enemies":"Gremlin Gang","floor":5.0,"turns":6.0},{"damage":14.0,"enemies":"3 Sentries","floor":6.0,"turns":7.0},{"damage":10.0,"enemies":"Exordium Thugs","floor":7.0,"turns":3.0},{"damage":14.0,"enemies":"Gremlin Nob","floor":10.0,"turns":5.0},{"damage":0.0,"enemies":"3 Sentries","floor":12.0,"turns":7.0},{"damage":0.0,"enemies":"Red Slaver","floor":13.0,"turns":2.0},{"damage":11.0,"enemies":"Lagavulin Event","floor":14.0,"turns":7.0},{"damage":18.0,"enemies":"The Guardian","floor":16.0,"turns":12.0},{"damage":9.0,"enemies":"Chosen","floor":18.0,"turns":6.0},{"damage":4.0,"enemies":"3 Byrds","floor":21.0,"turns":6.0},{"damage":0.0,"enemies":"Snecko","floor":31.0,"turns":9.0},{"damage":66.0,"enemies":"Collector","floor":33.0,"turns":23.0},{"damage":9.0,"enemies":"3 Darklings","floor":35.0,"turns":11.0},{"damage":8.0,"enemies":"Orb Walker","floor":36.0,"turns":6.0},{"damage":0,"enemies":"Maw","floor":37,"turns":10},{"damage":10,"enemies":"Mind Bloom Boss Battle","floor":38,"turns":10},{"damage":0,"enemies":"Giant Head","floor":41,"turns":15},{"damage":11,"enemies":"Sphere and 2 Shapes","floor":45,"turns":11},{"damage":0,"enemies":"Writhing Mass","floor":46,"turns":10},{"damage":26,"enemies":"Time Eater","floor":50,"turns":13}],"seed_played":"5064546236119325850","potions_obtained":[{"floor":1.0,"key":"EntropicBrew"},{"floor":2.0,"key":"SkillPotion"},{"floor":5.0,"key":"Swift Potion"},{"floor":11.0,"key":"Explosive Potion"},{"floor":11.0,"key":"Swift Potion"},{"floor":11.0,"key":"AttackPotion"},{"floor":13.0,"key":"Dexterity Potion"},{"floor":14.0,"key":"Block Potion"},{"floor":18.0,"key":"Fire Potion"},{"floor":21.0,"key":"Weak Potion"},{"floor":33.0,"key":"SpeedPotion"},{"floor":37,"key":"SpeedPotion"},{"floor":41,"key":"Fire Potion"},{"floor":45,"key":"PowerPotion"}],"is_trial":false,"path_per_floor":["M","M","M","M","M","E","M","R","T","E","?","E","M","?","R","B",null,"M","?","?","M","?","R","$","R","T","?","R","T","$","M","R","B",null,"M","M","M","?","?","R","E","$","T","?","M","M","$","T","R","B",null],"character_chosen":"DEFECT","items_purchased":["Chill","Capacitor","Oddly Smooth Stone","Regal Pillow","Fire Potion","Whetstone","Lee\u0027s Waffle"],"campfire_rested":6,"item_purchase_floors":[24,24,24,30,42,42,42],"current_hp_per_floor":[75,75,71,62,75,61,51,51,51,37,37,37,37,26,48,30,75,66,66,66,62,62,75,75,75,75,75,75,75,75,75,75,9,75,66,58,58,48,48,75,75,82,82,82,71,71,71,71,82,56],"gold":96,"neow_bonus":"UPGRADE_CARD","is_prod":false,"is_daily":false,"chose_seed":false,"campfire_upgraded":1,"win_rate":0,"timestamp":1555873069,"path_taken":["M","M","M","M","M","E","M","R","T","E","?","E","?","?","R","BOSS","M","?","?","M","?","R","?","R","T","?","R","?","$","M","R","BOSS","M","M","M","?","?","R","E","$","T","?","M","M","?","?","R","BOSS"],"build_version":"2019-01-23","purchased_purges":1,"victory":true,"max_hp_per_floor":[75,75,75,75,75,75,75,75,75,75,75,75,75,75,75,75,75,75,75,75,75,75,75,75,75,75,75,75,75,75,75,75,75,75,75,75,75,75,75,75,75,82,82,82,82,82,82,82,82,82],"card_choices":[{"not_picked":["Hello World","Barrage"],"picked":"Coolheaded","floor":1.0},{"not_picked":["Force Field","Redo"],"picked":"Ball Lightning","floor":2.0},{"not_picked":["Cold Snap","Sweeping Beam"],"picked":"Auto Shields","floor":3.0},{"not_picked":["Ball Lightning","Heatsinks"],"picked":"Gash","floor":4.0},{"not_picked":["Biased Cognition","Fusion"],"picked":"Gash","floor":5.0},{"not_picked":["Sunder","Recycle"],"picked":"Hello World","floor":6.0},{"not_picked":["Auto Shields","White Noise"],"picked":"Glacier","floor":7.0},{"not_picked":["Coolheaded","Steam","Streamline"],"picked":"SKIP","floor":10.0},{"not_picked":["Sunder","Barrage"],"picked":"Conserve Battery","floor":12.0},{"not_picked":["Scrape","Compile Driver"],"picked":"Reinforced Body","floor":13.0},{"not_picked":["Coolheaded","Rebound"],"picked":"Double Energy","floor":14.0},{"not_picked":["Reboot","Core Surge"],"picked":"Rainbow","floor":16.0},{"not_picked":["Beam Cell","Ball Lightning"],"picked":"Consume+1","floor":18.0},{"not_picked":["Loop","Force Field+1"],"picked":"Glacier","floor":21.0},{"not_picked":["Consume","Go for the Eyes"],"picked":"BootSequence","floor":31.0},{"not_picked":["Biased Cognition","Reboot"],"picked":"Thunder Strike","floor":33.0},{"not_picked":["Redo+1","Steam Power","Recycle"],"picked":"SKIP","floor":35.0},{"not_picked":["Rebound+1","Redo+1"],"picked":"BootSequence+1","floor":36},{"not_picked":["Double Energy","Redo"],"picked":"Coolheaded+1","floor":37},{"not_picked":["Beam Cell","Turbo"],"picked":"Hologram+1","floor":41},{"not_picked":["Double Energy+1","Melter"],"picked":"Consume","floor":45},{"not_picked":["Go for the Eyes","Consume+1","Steam+1"],"picked":"SKIP","floor":46}],"player_experience":725690,"relics_obtained":[{"floor":6.0,"key":"Kunai"},{"floor":9.0,"key":"Orichalcum"},{"floor":10.0,"key":"FossilizedHelix"},{"floor":12.0,"key":"Art of War"},{"floor":14.0,"key":"Juzu Bracelet"},{"floor":26.0,"key":"Blue Candle"},{"floor":29.0,"key":"Darkstone Periapt"},{"floor":38,"key":"Turnip"},{"floor":41,"key":"Anchor"},{"floor":43,"key":"Omamori"},{"floor":48,"key":"Bag of Marbles"}],"event_choices":[{"damage_healed":0.0,"max_hp_gain":0.0,"max_hp_loss":0.0,"gold_gain":0.0,"event_name":"The Woman in Blue","player_choice":"Bought 3 Potions","floor":11.0,"gold_loss":0.0,"damage_taken":0.0},{"damage_healed":0.0,"max_hp_gain":0.0,"max_hp_loss":0.0,"gold_gain":0.0,"event_name":"Dead Adventurer","player_choice":"Searched \u00272\u0027 times","floor":14.0,"gold_loss":0.0,"damage_taken":0.0},{"damage_healed":0.0,"max_hp_gain":0.0,"max_hp_loss":0.0,"gold_gain":0.0,"event_name":"N\u0027loth","player_choice":"Ignored","floor":19.0,"gold_loss":0.0,"damage_taken":0.0},{"damage_healed":0.0,"max_hp_gain":0.0,"max_hp_loss":0.0,"gold_gain":0.0,"cards_transformed":["Strike_B","Hello World"],"event_name":"Drug Dealer","player_choice":"Became Test Subject","floor":20.0,"gold_loss":0.0,"damage_taken":0.0,"cards_obtained":["Turbo","Hologram"]},{"damage_healed":0.0,"max_hp_gain":0.0,"max_hp_loss":0.0,"gold_gain":0.0,"event_name":"Vampires","player_choice":"Ignored","floor":22.0,"gold_loss":0.0,"damage_taken":0.0},{"damage_healed":0.0,"max_hp_gain":0.0,"max_hp_loss":0.0,"gold_gain":0.0,"event_name":"Upgrade Shrine","player_choice":"Upgraded","floor":27.0,"gold_loss":0.0,"damage_taken":0.0,"cards_upgraded":["Glacier"]},{"damage_healed":0,"gold_gain":0,"player_choice":"Fight","damage_taken":0,"max_hp_gain":0,"max_hp_loss":0,"event_name":"MindBloom","floor":38,"gold_loss":0},{"damage_healed":0,"gold_gain":100,"player_choice":"Pray","damage_taken":0,"max_hp_gain":0,"max_hp_loss":0,"event_name":"Golden Shrine","floor":39,"gold_loss":0},{"damage_healed":0,"gold_gain":0,"player_choice":"Leave","damage_taken":0,"max_hp_gain":0,"max_hp_loss":0,"event_name":"FaceTrader","floor":44,"gold_loss":0}],"is_beta":false,"boss_relics":[{"not_picked":["Busted Crown","Astrolabe"],"picked":"Fusion Hammer"},{"not_picked":["Pandora\u0027s Box","FrozenCore"],"picked":"Inserter"}],"items_purged_floors":[42],"is_endless":false,"potions_floor_spawned":[1,2,3,5,13,14,18,21,33,37,41,45],"ascension_level":3}