{"gold_per_floor":[119,219,99,117,130,130,140,159,159,172,188,188,205,216,216,314,314,329,0,16,36,36,48,48,58,58,58,58,58,91,106,106,106],"floor_reached":33,"playtime":726,"items_purged":["Defend_R"],"score":315,"play_id":"d3594722-b4dd-47ec-9a36-5d68c94a3acd","local_time":"20190416211000","is_ascension_mode":false,"campfire_choices":[{"data":"Clash","floor":6.0,"key":"SMITH"},{"data":"Flex","floor":15.0,"key":"SMITH"},{"floor":24,"key":"REST"},{"floor":29,"key":"REST"},{"floor":32,"key":"REST"}],"neow_cost":"NONE","seed_source_timestamp":0,"circlet_count":0,"master_deck":["Strike_R","Strike_R","Strike_R","Strike_R","Strike_R","Defend_R","Defend_R","Defend_R","Bash+1","Sword Boomerang","Flex+1","Clash+1","Cleave","Anger","Double Tap","Clash"],"special_seed":0,"relics":["Burning Blood","Matryoshka","Fusion Hammer","GremlinMask","Letter Opener","Dead Branch","Enchiridion","Pantograph"],"potions_floor_usage":[23,31,33],"damage_taken":[{"damage":5.0,"enemies":"2 Louse","floor":1.0,"turns":2.0},{"damage":0.0,"enemies":"Cultist","floor":4.0,"turns":2.0},{"damage":0.0,"enemies":"Small Slimes","floor":5.0,"turns":3.0},{"damage":10.0,"enemies":"Looter","floor":7.0,"turns":2.0},{"damage":12.0,"enemies":"3 Louse","floor":8.0,"turns":2.0},{"damage":6.0,"enemies":"Lots of Slimes","floor":10.0,"turns":3.0},{"damage":0.0,"enemies":"2 Fungi Beasts","floor":11.0,"turns":2.0},{"damage":6.0,"enemies":"Exordium Thugs","floor":13.0,"turns":3.0},{"damage":15.0,"enemies":"3 Louse","floor":14.0,"turns":2.0},{"damage":34.0,"enemies":"Hexaghost","floor":16.0,"turns":7.0},{"damage":0.0,"enemies":"Chosen","floor":18.0,"turns":3.0},{"damage":8,"enemies":"3 Byrds","floor":20,"turns":4},{"damage":51,"enemies":"Shelled Parasite and Fungi","floor":21,"turns":5},{"damage":14,"enemies":"Chosen and Byrds","floor":23,"turns":5},{"damage":35,"enemies":"Centurion and Healer","floor":25,"turns":4},{"damage":7,"enemies":"Book of Stabbing","floor":30,"turns":2},{"damage":27,"enemies":"3 Cultists","floor":31,"turns":4},{"damage":89,"enemies":"Champ","floor":33,"turns":8}],"seed_played":"-7902253644564319741","potions_obtained":[{"floor":1.0,"key":"Ancient Potion"},{"floor":7.0,"key":"EssenceOfSteel"},{"floor":8.0,"key":"Dexterity Potion"},{"floor":10.0,"key":"SkillPotion"},{"floor":13.0,"key":"Regen Potion"},{"floor":18.0,"key":"SpeedPotion"},{"floor":30,"key":"Ancient Potion"}],"is_trial":false,"path_per_floor":["M","?","$","M","M","R","M","M","T","M","M","?","M","M","R","B",null,"M","?","M","M","?","M","R","M","T","?","$","R","E","M","R","B"],"character_chosen":"IRONCLAD","items_purchased":["Flex"],"campfire_rested":3,"item_purchase_floors":[3],"current_hp_per_floor":[80,80,80,80,80,80,76,70,70,70,76,76,76,67,67,39,80,80,80,78,33,33,39,63,34,34,18,18,42,41,20,44,0],"gold":106,"neow_bonus":"UPGRADE_CARD","is_prod":false,"is_daily":false,"chose_seed":false,"campfire_upgraded":2,"win_rate":0,"timestamp":1555441800,"path_taken":["M","?","$","?","M","R","M","?","T","M","M","?","M","M","R","BOSS","M","?","M","M","?","M","R","?","T","?","$","R","E","M","R","BOSS"],"build_version":"2019-01-23","purchased_purges":1,"victory":false,"max_hp_per_floor":[80,80,80,80,80,80,80,80,80,80,80,80,80,80,80,80,80,80,80,80,80,80,80,80,80,80,80,80,80,80,80,80,80],"card_choices":[{"not_picked":["Flame Barrier","Intimidate"],"picked":"Sword Boomerang","floor":1.0},{"not_picked":["Pummel","True Grit"],"picked":"Clash","floor":4.0},{"not_picked":["Carnage","Dual Wield","Corruption"],"picked":"SKIP","floor":5.0},{"not_picked":["Warcry","Fire Breathing"],"picked":"Cleave","floor":7.0},{"not_picked":["Pommel Strike","Rampage","Sever Soul"],"picked":"SKIP","floor":8.0},{"not_picked":["Battle Trance","Corruption"],"picked":"Anger","floor":10.0},{"not_picked":["Power Through","Armaments","Dual Wield"],"picked":"SKIP","floor":11.0},{"not_picked":["Thunderclap","Sword Boomerang","Twin Strike"],"picked":"SKIP","floor":13.0},{"not_picked":["Armaments","Headbutt","True Grit"],"picked":"SKIP","floor":14.0},{"not_picked":["Exhume","Barricade"],"picked":"Double Tap","floor":16.0},{"not_picked":["Fire Breathing+1","Warcry","Searing Blow"],"picked":"SKIP","floor":18.0},{"not_picked":["Carnage","Pummel","Sword Boomerang"],"picked":"SKIP","floor":20},{"not_picked":["Wild Strike","Iron Wave","Immolate"],"picked":"SKIP","floor":21},{"not_picked":["Warcry","Pommel Strike","Feel No Pain"],"picked":"SKIP","floor":23},{"not_picked":["Blood for Blood","Warcry+1"],"picked":"Clash","floor":25},{"not_picked":["Feel No Pain","Iron Wave+1","Clothesline"],"picked":"SKIP","floor":30},{"not_picked":["Fire Breathing","Sever Soul","Iron Wave+1"],"picked":"SKIP","floor":31}],"player_experience":117604,"relics_obtained":[{"floor":9.0,"key":"Matryoshka"},{"floor":26,"key":"Letter Opener"},{"floor":26,"key":"Dead Branch"},{"floor":27,"key":"Enchiridion"},{"floor":30,"key":"Pantograph"}],"event_choices":[{"damage_healed":0.0,"max_hp_gain":0.0,"max_hp_loss":0.0,"gold_gain":100.0,"event_name":"Golden Shrine","player_choice":"Pray","floor":2.0,"gold_loss":0.0,"damage_taken":0.0},{"damage_healed":0.0,"max_hp_gain":0.0,"max_hp_loss":0.0,"gold_gain":0.0,"event_name":"Dead Adventurer","player_choice":"Searched \u00270\u0027 times","floor":12.0,"gold_loss":0.0,"damage_taken":0.0},{"damage_healed":0.0,"max_hp_gain":0.0,"max_hp_loss":0.0,"gold_gain":0.0,"event_name":"Masked Bandits","player_choice":"Paid Fearfully","floor":19.0,"gold_loss":329.0,"damage_taken":0.0},{"damage_healed":0,"gold_gain":0,"player_choice":"Trade","damage_taken":0,"relics_obtained":["GremlinMask"],"max_hp_gain":0,"max_hp_loss":0,"event_name":"FaceTrader","floor":22,"gold_loss":0},{"damage_healed":0,"gold_gain":0,"player_choice":"Obtained Book","damage_taken":16,"max_hp_gain":0,"max_hp_loss":0,"event_name":"Cursed Tome","floor":27,"gold_loss":0}],"is_beta":false,"boss_relics":[{"not_picked":["Mark of Pain","Lizard Tail"],"picked":"Fusion Hammer"}],"items_purged_floors":[3],"is_endless":false,"potions_floor_spawned":[1,7,8,10,11,13,18,30],"killed_by":"Champ","ascension_level":0}