{"gold_per_floor":[111,131,131,131,56,88,88,118,143,173,185,197,261,294,306,446,458,485,397,397,190,211,211,211,231,231,231,249,267,288,138,138,267,267,286,309,86,211,211,249,249,269,269,312,325,125,125,149,149,149],"floor_reached":51,"playtime":1755,"items_purged":["Defend_R","Defend_R","Defend_R","Defend_R","Strike_R","Strike_R"],"score":942,"play_id":"e54e12d6-9fcc-4b9d-84c9-e337f89ba695","local_time":"20190503083613","is_ascension_mode":false,"campfire_choices":[{"data":"Bash","floor":7.0,"key":"SMITH"},{"data":"Shrug It Off","floor":11.0,"key":"SMITH"},{"data":"Strike_R","floor":15.0,"key":"SMITH"},{"data":"Dropkick","floor":23.0,"key":"SMITH"},{"floor":32.0,"key":"REST"},{"data":"Dropkick","floor":41,"key":"SMITH"},{"data":"Clash","floor":47,"key":"SMITH"},{"floor":49,"key":"REST"}],"neow_cost":"NONE","seed_source_timestamp":1927389061795182,"circlet_count":0,"master_deck":["Strike_R+1","Bash+1","Shrug It Off+1","Dropkick+1","Dropkick+1","Clash+1"],"special_seed":0,"relics":["Burning Blood","Orichalcum","Bronze Scales","Pear","MawBank","Golden Idol","Bag of Preparation","Lizard Tail","Nloth\u0027s Gift","Pen Nib","Paper Frog","Empty Cage","Nunchaku","Omamori","Meat on the Bone","Question Card"],"potions_floor_usage":[33,33,36,50,50,50],"damage_taken":[{"damage":0.0,"enemies":"2 Louse","floor":1.0,"turns":1.0},{"damage":0.0,"enemies":"Jaw Worm","floor":2.0,"turns":1.0},{"damage":0.0,"enemies":"Lagavulin","floor":6.0,"turns":1.0},{"damage":16.0,"enemies":"Gremlin Nob","floor":8.0,"turns":4.0},{"damage":0.0,"enemies":"Cultist","floor":10.0,"turns":3.0},{"damage":4.0,"enemies":"Looter","floor":14.0,"turns":2.0},{"damage":59.0,"enemies":"The Guardian","floor":16.0,"turns":11.0},{"damage":4.0,"enemies":"3 Byrds","floor":18.0,"turns":3.0},{"damage":15.0,"enemies":"Shell Parasite","floor":22.0,"turns":6.0},{"damage":0.0,"enemies":"Centurion and Healer","floor":24.0,"turns":1.0},{"damage":14.0,"enemies":"Snake Plant","floor":25.0,"turns":4.0},{"damage":18.0,"enemies":"3 Cultists","floor":28.0,"turns":6.0},{"damage":10.0,"enemies":"Chosen and Byrds","floor":29.0,"turns":4.0},{"damage":13.0,"enemies":"Centurion and Healer","floor":30.0,"turns":4.0},{"damage":90,"enemies":"Automaton","floor":33,"turns":11},{"damage":0,"enemies":"Orb Walker","floor":35,"turns":1},{"damage":14,"enemies":"3 Shapes","floor":36,"turns":10},{"damage":0,"enemies":"Mind Bloom Boss Battle","floor":38,"turns":1},{"damage":0,"enemies":"Nemesis","floor":40,"turns":1},{"damage":5,"enemies":"3 Darklings","floor":42,"turns":6},{"damage":0,"enemies":"Reptomancer","floor":44,"turns":1},{"damage":2,"enemies":"Jaw Worm Horde","floor":45,"turns":3},{"damage":0,"enemies":"Transient","floor":48,"turns":1},{"damage":0,"enemies":"Awakened One","floor":50,"turns":2}],"seed_played":"6606451290304840214","potions_obtained":[{"floor":1.0,"key":"EssenceOfSteel"},{"floor":8.0,"key":"SteroidPotion"},{"floor":10.0,"key":"SmokeBomb"},{"floor":29.0,"key":"Block Potion"},{"floor":30.0,"key":"Explosive Potion"},{"floor":33,"key":"GamblersBrew"},{"floor":42,"key":"SteroidPotion"},{"floor":44,"key":"SteroidPotion"}],"is_trial":false,"path_per_floor":["M","M","?","?","$","E","R","E","T","M","R","?","T","M","R","B",null,"M","$","?","$","M","R","M","M","T","?","M","M","M","$","R","B",null,"M","M","$","?","?","E","R","M","T","E","M","$","R","M","R","B",null],"character_chosen":"IRONCLAD","items_purchased":["Dropkick","Clash"],"campfire_rested":2,"item_purchase_floors":[21,37],"current_hp_per_floor":[80,80,85,78,78,84,84,84,84,90,90,88,88,88,88,35,88,88,88,88,88,79,79,85,77,77,77,65,61,54,54,80,50,88,88,80,80,86,86,88,88,88,88,88,88,88,88,88,88,88],"gold":149,"neow_bonus":"THREE_ENEMY_KILL","is_prod":false,"is_daily":false,"chose_seed":false,"campfire_upgraded":6,"win_rate":0,"timestamp":1556865373,"path_taken":["M","M","?","?","$","E","R","E","T","M","R","?","?","M","R","BOSS","M","$","?","?","M","R","M","M","T","?","?","M","M","$","R","BOSS","M","?","$","?","?","E","R","?","T","E","M","$","R","M","R","BOSS"],"build_version":"2019-01-23","purchased_purges":6,"victory":true,"max_hp_per_floor":[80,80,85,85,85,85,85,95,95,95,95,88,88,88,88,88,88,88,88,88,88,88,88,88,88,88,88,88,88,88,88,88,88,88,88,88,88,88,88,88,88,88,88,88,88,88,88,88,88,88],"card_choices":[{"not_picked":["Hemokinesis","Pommel Strike","Blood for Blood"],"picked":"SKIP","floor":1.0},{"not_picked":["Sever Soul","Flame Barrier","Iron Wave"],"picked":"SKIP","floor":2.0},{"not_picked":["Flex","Spot Weakness","Rupture"],"picked":"SKIP","floor":6.0},{"not_picked":["Iron Wave","Wild Strike"],"picked":"Shrug It Off","floor":8.0},{"not_picked":["Shrug It Off","Spot Weakness","Sever Soul"],"picked":"SKIP","floor":10.0},{"not_picked":["Body Slam","Power Through","Uppercut"],"picked":"SKIP","floor":14.0},{"not_picked":["True Grit","Rampage","Headbutt"],"picked":"SKIP","floor":18.0},{"not_picked":["Cleave","Wild Strike","Headbutt"],"picked":"SKIP","floor":22.0},{"not_picked":["Reaper","Armaments","Anger"],"picked":"SKIP","floor":25.0},{"not_picked":["Thunderclap","Anger"],"picked":"Dropkick","floor":28.0},{"not_picked":["Rupture+1","Armaments","Flex+1"],"picked":"SKIP","floor":29.0},{"not_picked":["Bloodletting+1","Pommel Strike","Corruption"],"picked":"SKIP","floor":30.0},{"not_picked":["Sentinel","Flex","Heavy Blade+1"],"picked":"SKIP","floor":35},{"not_picked":["Power Through+1","Blood for Blood+1","Second Wind"],"picked":"SKIP","floor":36},{"not_picked":["Bludgeon","Armaments+1","Combust+1"],"picked":"SKIP","floor":40},{"not_picked":["Whirlwind+1","Reaper","Pommel Strike+1"],"picked":"SKIP","floor":42},{"not_picked":["Cleave+1","True Grit+1","Feel No Pain+1"],"picked":"SKIP","floor":44},{"not_picked":["Clash+1","Armaments","Sword Boomerang","Metallicize+1"],"picked":"SKIP","floor":45},{"not_picked":["Heavy Blade+1","Iron Wave+1","Pummel+1","Combust"],"picked":"SKIP","floor":48}],"player_experience":159144,"relics_obtained":[{"floor":6.0,"key":"Bronze Scales"},{"floor":8.0,"key":"Pear"},{"floor":9.0,"key":"MawBank"},{"floor":13.0,"key":"Bag of Preparation"},{"floor":26.0,"key":"Pen Nib"},{"floor":38,"key":"Nunchaku"},{"floor":40,"key":"Omamori"},{"floor":43,"key":"Meat on the Bone"},{"floor":44,"key":"Question Card"}],"event_choices":[{"damage_healed":0.0,"max_hp_gain":5.0,"max_hp_loss":0.0,"gold_gain":0.0,"event_name":"Big Fish","player_choice":"Donut","floor":3.0,"gold_loss":0.0,"damage_taken":0.0},{"damage_healed":0.0,"max_hp_gain":0.0,"max_hp_loss":0.0,"gold_gain":0.0,"event_name":"Scrap Ooze","player_choice":"Success","floor":4.0,"gold_loss":0.0,"damage_taken":7.0,"relics_obtained":["Orichalcum"]},{"damage_healed":0.0,"max_hp_gain":0.0,"max_hp_loss":7.0,"gold_gain":0.0,"event_name":"Golden Idol","player_choice":"Lose Max HP","floor":12.0,"gold_loss":0.0,"damage_taken":0.0,"relics_obtained":["Golden Idol"]},{"damage_healed":0.0,"max_hp_gain":0.0,"max_hp_loss":0.0,"gold_gain":0.0,"event_name":"N\u0027loth","player_choice":"Traded Relic","floor":20.0,"relics_lost":["NeowsBlessing"],"gold_loss":0.0,"damage_taken":0.0,"relics_obtained":["Nloth\u0027s Gift"]},{"damage_healed":0.0,"max_hp_gain":0.0,"max_hp_loss":0.0,"gold_gain":0.0,"event_name":"WeMeetAgain","player_choice":"Gave Potion","floor":27.0,"gold_loss":0.0,"damage_taken":0.0,"relics_obtained":["Paper Frog"]},{"damage_healed":0,"gold_gain":0,"player_choice":"Fight","damage_taken":0,"max_hp_gain":0,"max_hp_loss":0,"event_name":"MindBloom","floor":38,"gold_loss":0},{"damage_healed":0,"gold_gain":0,"player_choice":"0 cards matched","damage_taken":0,"max_hp_gain":0,"max_hp_loss":0,"event_name":"Match and Keep!","floor":39,"gold_loss":0,"cards_obtained":[]}],"is_beta":false,"boss_relics":[{"not_picked":["Velvet Choker","Calling Bell"],"picked":"Lizard Tail"},{"not_picked":["Snecko Eye","Orrery"],"picked":"Empty Cage"}],"items_purged_floors":[5,19,21,31,37,46],"is_endless":false,"potions_floor_spawned":[1,8,10,24,29,30,33,42,44,45,48],"ascension_level":0}