{"gold_per_floor":[119,44,57,57,69,69,88,88,113,113,113,125,125,125,125,228,228,248,163,173,272,282,282,282,282,353,57,57,57,70,88,88,185,185,199,199,199,199,45,80,100,100,127,127,143,156,174,192,192,192],"floor_reached":50,"playtime":2717,"items_purged":["Strike_G"],"score":482,"play_id":"5a9aa6c2-e01b-4a01-9829-1f65530f6738","local_time":"20190520204229","is_ascension_mode":false,"campfire_choices":[{"data":"Blade Dance","floor":6.0,"key":"SMITH"},{"data":"Adrenaline","floor":8.0,"key":"SMITH"},{"data":"Cloak And Dagger","floor":11.0,"key":"SMITH"},{"data":"Accuracy","floor":13.0,"key":"SMITH"},{"data":"Deadly Poison","floor":15.0,"key":"SMITH"},{"data":"Venomology","floor":23.0,"key":"SMITH"},{"data":"Concentrate","floor":32.0,"key":"SMITH"},{"floor":42.0,"key":"REST"},{"floor":49,"key":"REST"}],"neow_cost":"NONE","seed_source_timestamp":0,"circlet_count":0,"master_deck":["Defend_G","Defend_G","Defend_G","Strike_G","Survivor","Neutralize","Adrenaline+1","Blade Dance+1","Deflect","Deadly Poison+1","Cloak And Dagger+1","Accuracy+1","Venomology+1","Backstab","Concentrate+1","Adrenaline","Backstab+1","Deadly Poison+1","Parasite","PiercingWail+1","Blade Dance+1","Finisher+1"],"special_seed":0,"relics":["Ring of the Snake","Juzu Bracelet","Runic Pyramid","Centennial Puzzle","Blue Candle","Incense Burner","Empty Cage","Bronze Scales","Blood Vial","Lantern"],"potions_floor_usage":[46,46,46,48,48,50,50],"damage_taken":[{"damage":0.0,"enemies":"2 Louse","floor":1.0,"turns":3.0},{"damage":0.0,"enemies":"Small Slimes","floor":3.0,"turns":4.0},{"damage":1.0,"enemies":"Jaw Worm","floor":5.0,"turns":7.0},{"damage":0.0,"enemies":"Large Slime","floor":7.0,"turns":5.0},{"damage":0.0,"enemies":"Blue Slaver","floor":12.0,"turns":4.0},{"damage":17.0,"enemies":"Hexaghost","floor":16.0,"turns":9.0},{"damage":1.0,"enemies":"2 Thieves","floor":18.0,"turns":4.0},{"damage":5.0,"enemies":"Spheric Guardian","floor":20.0,"turns":3.0},{"damage":2.0,"enemies":"Cultist and Chosen","floor":22.0,"turns":4.0},{"damage":0.0,"enemies":"Slavers","floor":29.0,"turns":1.0},{"damage":6.0,"enemies":"Sentry and Sphere","floor":30.0,"turns":7.0},{"damage":0.0,"enemies":"Snecko","floor":31.0,"turns":4.0},{"damage":2.0,"enemies":"Automaton","floor":33.0,"turns":10.0},{"damage":0.0,"enemies":"Orb Walker","floor":35.0,"turns":3.0},{"damage":26.0,"enemies":"Reptomancer","floor":40.0,"turns":7.0},{"damage":1.0,"enemies":"3 Darklings","floor":41.0,"turns":5.0},{"damage":6.0,"enemies":"4 Shapes","floor":45.0,"turns":5.0},{"damage":4,"enemies":"Writhing Mass","floor":46,"turns":4},{"damage":13,"enemies":"Spire Growth","floor":47,"turns":5},{"damage":1,"enemies":"Sphere and 2 Shapes","floor":48,"turns":3},{"damage":72,"enemies":"Time Eater","floor":50,"turns":9}],"seed_played":"-170702831815946089","potions_obtained":[{"floor":3.0,"key":"Energy Potion"},{"floor":5.0,"key":"FearPotion"},{"floor":31.0,"key":"Explosive Potion"},{"floor":35.0,"key":"Weak Potion"},{"floor":45.0,"key":"GamblersBrew"}],"is_trial":false,"path_per_floor":["M","$","M","$","M","R","M","R","T","?","R","M","R","?","R","B",null,"M","?","M","?","M","R","?","?","T","$","?","E","M","M","R","B",null,"M","?","$","?","$","E","M","R","T","$","M","M","M","M","R","B"],"character_chosen":"THE_SILENT","items_purchased":["Incense Burner","Bronze Scales"],"campfire_rested":2,"item_purchase_floors":[27,39],"current_hp_per_floor":[70,70,70,70,69,69,69,69,69,69,69,69,69,62,62,45,70,69,69,64,64,62,62,62,62,62,62,62,62,56,56,56,54,70,70,70,70,70,70,44,45,66,66,66,62,60,49,50,70,0],"gold":192,"neow_bonus":"ONE_RANDOM_RARE_CARD","is_prod":false,"is_daily":false,"chose_seed":false,"campfire_upgraded":7,"win_rate":0,"timestamp":1558377749,"path_taken":["M","$","M","$","M","R","M","R","T","?","R","M","R","?","R","BOSS","M","?","M","?","M","R","?","?","T","$","?","E","M","M","R","BOSS","M","?","$","?","$","E","M","R","T","$","M","M","M","M","R","BOSS"],"build_version":"2019-01-23","purchased_purges":1,"victory":false,"max_hp_per_floor":[70,70,70,70,70,70,70,70,70,70,70,70,70,70,70,70,70,70,70,70,70,70,70,70,70,70,70,70,70,70,70,70,70,70,70,70,70,70,70,70,70,70,70,70,70,70,70,70,70,70],"card_choices":[{"not_picked":["Endless Agony","Backstab"],"picked":"Blade Dance","floor":1.0},{"not_picked":["Endless Agony","Prepared"],"picked":"Deflect","floor":3.0},{"not_picked":["Masterful Stab","Sucker Punch"],"picked":"Deadly Poison","floor":5.0},{"not_picked":["Dodge and Roll","Slice"],"picked":"Cloak And Dagger","floor":7.0},{"not_picked":["Deflect","Dodge and Roll"],"picked":"Accuracy","floor":12.0},{"not_picked":["After Image","Malaise"],"picked":"Venomology","floor":16.0},{"not_picked":["Slice","Dodge and Roll"],"picked":"Backstab","floor":18.0},{"not_picked":["Backflip","Bane","Dodge and Roll"],"picked":"SKIP","floor":20.0},{"not_picked":["Dagger Throw+1","Well Laid Plans","Quick Slash"],"picked":"SKIP","floor":22.0},{"not_picked":["Quick Slash","Sucker Punch","Dagger Spray"],"picked":"SKIP","floor":30.0},{"not_picked":["Prepared","Underhanded Strike","Slice"],"picked":"SKIP","floor":31.0},{"not_picked":["Corpse Explosion","Malaise"],"picked":"Adrenaline","floor":33.0},{"not_picked":["Bane","Backflip+1","Slice+1"],"picked":"SKIP","floor":35.0},{"not_picked":["Eviscerate+1","Deadly Poison+1"],"picked":"Backstab+1","floor":40.0},{"not_picked":["Cloak And Dagger+1","Quick Slash+1"],"picked":"Deadly Poison+1","floor":41.0},{"not_picked":["Sucker Punch","Die Die Die","Expertise"],"picked":"SKIP","floor":45.0},{"not_picked":["Slice+1","Acrobatics"],"picked":"PiercingWail+1","floor":46},{"not_picked":["Dagger Spray","Deadly Poison+1"],"picked":"Blade Dance+1","floor":47},{"not_picked":["Slice","Bane+1"],"picked":"Finisher+1","floor":48}],"player_experience":204905,"relics_obtained":[{"floor":9.0,"key":"Juzu Bracelet"},{"floor":26.0,"key":"Blue Candle"},{"floor":40.0,"key":"Blood Vial"},{"floor":43.0,"key":"Lantern"}],"event_choices":[{"damage_healed":0.0,"max_hp_gain":0.0,"max_hp_loss":0.0,"gold_gain":0.0,"event_name":"Dead Adventurer","player_choice":"Searched \u00270\u0027 times","floor":10.0,"gold_loss":0.0,"damage_taken":0.0},{"cards_removed":["Strike_G"],"damage_healed":0.0,"max_hp_gain":0.0,"max_hp_loss":0.0,"gold_gain":0.0,"event_name":"Golden Wing","player_choice":"Card Removal","floor":14.0,"gold_loss":0.0,"damage_taken":7.0},{"damage_healed":0.0,"max_hp_gain":0.0,"max_hp_loss":0.0,"gold_gain":0.0,"event_name":"Addict","player_choice":"Obtained Relic","floor":19.0,"gold_loss":85.0,"damage_taken":0.0,"relics_obtained":["Centennial Puzzle"]},{"damage_healed":0.0,"max_hp_gain":0.0,"max_hp_loss":0.0,"gold_gain":99.0,"event_name":"Nest","player_choice":"Stole From Cult","floor":21.0,"gold_loss":0.0,"damage_taken":0.0},{"damage_healed":0.0,"max_hp_gain":0.0,"max_hp_loss":0.0,"gold_gain":0.0,"event_name":"The Library","player_choice":"Read","floor":24.0,"gold_loss":0.0,"damage_taken":0.0,"cards_obtained":["Concentrate"]},{"damage_healed":0.0,"max_hp_gain":0.0,"max_hp_loss":0.0,"gold_gain":0.0,"event_name":"The Mausoleum","player_choice":"Ignored","floor":25.0,"gold_loss":0.0,"damage_taken":0.0},{"cards_removed":["Defend_G"],"damage_healed":0.0,"max_hp_gain":0.0,"max_hp_loss":0.0,"gold_gain":0.0,"event_name":"Back to Basics","player_choice":"Elegance","floor":28.0,"gold_loss":0.0,"damage_taken":0.0},{"cards_removed":["Strike_G"],"damage_healed":0.0,"max_hp_gain":0.0,"max_hp_loss":0.0,"gold_gain":0.0,"event_name":"Wheel of Change","player_choice":"Card Removal","floor":36.0,"gold_loss":0.0,"damage_taken":0.0},{"damage_healed":0.0,"max_hp_gain":0.0,"max_hp_loss":0.0,"gold_gain":0.0,"event_name":"Tomb of Lord Red Mask","player_choice":"Ignored","floor":38.0,"gold_loss":0.0,"damage_taken":0.0}],"is_beta":false,"boss_relics":[{"not_picked":["Calling Bell","Ectoplasm"],"picked":"Runic Pyramid"},{"not_picked":["White Beast Statue","Velvet Choker"],"picked":"Empty Cage"}],"items_purged_floors":[2],"is_endless":false,"potions_floor_spawned":[3,5,29,30,31,35,45],"killed_by":"Time Eater","ascension_level":0}