{"gold_per_floor":[111,186,111,123,142,142,142,159,159,159,177,197,101,101,101,204],"floor_reached":16,"playtime":588,"items_purged":["Defend_G","Defend_G"],"score":170,"play_id":"556f8917-aa09-4186-939d-1f36c9afdd9a","local_time":"20190523175422","is_ascension_mode":true,"campfire_choices":[{"floor":6,"key":"REST"},{"data":"Cloak And Dagger","floor":10,"key":"SMITH"},{"floor":15,"key":"REST"}],"neow_cost":"NONE","seed_source_timestamp":650014016908474,"circlet_count":0,"master_deck":["Defend_G","Defend_G","Defend_G","Strike_G","Strike_G","Strike_G","Strike_G","Survivor","Neutralize","Cloak And Dagger+1","Deadly Poison","Infinite Blades","Cloak And Dagger+1","Backflip+1","Parasite"],"relics":["Ring of the Snake","Toxic Egg 2","Smiling Mask"],"potions_floor_usage":[16],"damage_taken":[{"damage":0,"enemies":"2 Louse","floor":1,"turns":3},{"damage":1,"enemies":"Cultist","floor":4,"turns":3},{"damage":12,"enemies":"Jaw Worm","floor":5,"turns":4},{"damage":12,"enemies":"Large Slime","floor":8,"turns":8},{"damage":6,"enemies":"Lots of Slimes","floor":11,"turns":7},{"damage":28,"enemies":"Exordium Thugs","floor":12,"turns":5},{"damage":56,"enemies":"Slime Boss","floor":16,"turns":16}],"seed_played":"-5311927122707503958","potions_obtained":[{"floor":5,"key":"Swift Potion"},{"floor":12,"key":"Ancient Potion"}],"is_trial":false,"path_per_floor":["M","?","$","M","M","R","?","M","T","R","M","M","$","?","R","B"],"character_chosen":"THE_SILENT","items_purchased":["Backflip+1"],"campfire_rested":2,"item_purchase_floors":[13],"current_hp_per_floor":[70,63,63,62,50,70,70,58,58,58,52,24,24,41,62,6],"gold":204,"neow_bonus":"REMOVE_CARD","is_prod":false,"is_daily":false,"chose_seed":false,"campfire_upgraded":1,"win_rate":0,"timestamp":1558626862,"path_taken":["M","?","$","?","M","R","?","M","T","R","?","M","$","?","R","BOSS"],"build_version":"2019-01-23","purchased_purges":2,"victory":false,"max_hp_per_floor":[70,70,70,70,70,70,70,70,70,70,70,70,70,70,70,70],"card_choices":[{"not_picked":["Blur","Reflex"],"picked":"Cloak And Dagger","floor":1},{"not_picked":["Bane","Blur","Dash"],"picked":"SKIP","floor":4},{"not_picked":["Blur","Dash"],"picked":"Deadly Poison","floor":5},{"not_picked":["PiercingWail+1","Quick Slash"],"picked":"Infinite Blades","floor":8},{"not_picked":["Unload","Deadly Poison+1"],"picked":"Cloak And Dagger+1","floor":11},{"not_picked":["Bane","Outmaneuver+1","Well Laid Plans"],"picked":"SKIP","floor":12}],"player_experience":207622,"relics_obtained":[{"floor":9,"key":"Smiling Mask"}],"event_choices":[{"damage_healed":0,"gold_gain":75,"player_choice":"Touch","damage_taken":7,"max_hp_gain":0,"max_hp_loss":0,"event_name":"FaceTrader","floor":2,"gold_loss":0},{"damage_healed":0,"gold_gain":0,"player_choice":"Gave Potion","damage_taken":0,"relics_obtained":["Toxic Egg 2"],"max_hp_gain":0,"max_hp_loss":0,"event_name":"WeMeetAgain","floor":7,"gold_loss":0},{"damage_healed":17,"gold_gain":0,"player_choice":"Healed and dodged fight","damage_taken":0,"max_hp_gain":0,"max_hp_loss":0,"event_name":"Mushrooms","floor":14,"gold_loss":0,"cards_obtained":["Parasite"]}],"is_beta":false,"boss_relics":[],"items_purged_floors":[3,13],"is_endless":false,"potions_floor_spawned":[5,12],"killed_by":"Slime Boss","ascension_level":4}