{"path_per_floor":["M","M","M","M","?","R","E","R","T","$","M","M","E","M","R","B",null,"M","?","$","M","?","E","R","M","T","M","?","M","R","E","R","B",null,"M","?","M","?","M","R","?","E","T","R","M","$","M"],"character_chosen":"THE_SILENT","items_purchased":["Lantern","Bottled Lightning","Deadly Poison","Ancient Tea Set","Mind Blast","Strength Potion","Poison Potion"],"gold_per_floor":[111,128,147,167,167,167,197,197,197,45,65,84,109,128,128,229,229,243,243,6,21,21,52,52,70,70,82,82,99,99,132,132,227,257,274,325,342,342,352,352,352,384,384,384,395,120,138],"floor_reached":48,"campfire_rested":4,"playtime":3860,"current_hp_per_floor":[70,70,69,69,55,55,48,48,48,48,48,48,45,45,66,45,70,70,70,70,62,62,38,63,61,61,54,54,54,79,79,79,17,89,87,78,78,78,62,62,62,22,22,48,15,15,2],"items_purged":[],"gold":138,"score":538,"play_id":"0f4586e0-8a81-4d6d-96a4-f404ac796e86","is_prod":false,"is_daily":false,"is_ascension_mode":true,"campfire_upgraded":3,"path_taken":["M","M","M","M","?","R","E","R","T","?","M","M","E","?","R","BOSS","M","?","$","M","?","E","R","M","T","?","?","M","R","E","R","BOSS","M","?","M","?","M","R","?","E","T","R","M","$","?","M"],"build_version":"2018-02-15-PROD1","purchased_purges":0,"victory":false,"master_deck":["Defend_G+1","Defend_G","Defend_G+1","Defend_G","Defend_G","Survivor+1","Neutralize","Adrenaline","Footwork+1","Sucker Punch","Dash","Deadly Poison+1","Terror","Concentrate+1","Underhanded Strike","Flying Knee","Setup","Adrenaline+1","Bouncing Flask+1","Eviscerate+1","Glass Knife+1","Sucker Punch","Deadly Poison","Bouncing Flask","Distraction+1","Caltrops+1","After Image","Malaise+1","Noxious Fumes+1","Bouncing Flask+1","Setup+1","Well Laid Plans","Heel Hook","Mind Blast"],"max_hp_per_floor":[70,70,70,70,70,70,70,70,70,70,70,70,70,70,70,70,70,70,70,70,70,70,84,84,84,84,84,84,84,84,84,84,84,89,89,89,89,89,89,89,89,89,89,89,89,89,89],"relics":["Ring of the Snake","Bottled Tornado","Dead Branch","Lantern","The Courier","Astrolabe","Bottled Lightning","Mango","Gambling Chip","Calipers","Tiny House","Girya","Bronze Scales","Vajra","Ancient Tea Set"],"card_choices":[{"not_picked":["Choke","Eviscerate"],"picked":"Footwork"},{"not_picked":["Well Laid Plans","Eviscerate"],"picked":"Sucker Punch"},{"not_picked":["Sucker Punch","Bane"],"picked":"Dash"},{"not_picked":["Eviscerate","Predator"],"picked":"Deadly Poison"},{"not_picked":["Riddle With Holes","Underhanded Strike"],"picked":"Terror"},{"not_picked":["Masterful Stab","Quick Slash"],"picked":"Concentrate"},{"not_picked":["Accuracy","Endless Agony"],"picked":"Underhanded Strike"},{"not_picked":["Riddle With Holes","Deflect"],"picked":"Flying Knee"},{"not_picked":["Dagger Spray","Deflect"],"picked":"Setup"},{"not_picked":["Glass Knife","Storm of Steel"],"picked":"Adrenaline"},{"not_picked":["Underhanded Strike","PiercingWail"],"picked":"Bouncing Flask"},{"not_picked":["Predator","Flying Knee"],"picked":"Distraction"},{"not_picked":["All Out Attack","Dagger Spray"],"picked":"Caltrops"},{"not_picked":["Slice","Setup"],"picked":"Infinite Blades"},{"not_picked":["Venomology","Die Die Die"],"picked":"After Image"},{"not_picked":["Quick Slash","PiercingWail"],"picked":"Malaise"},{"not_picked":["Deflect","Skewer"],"picked":"Noxious Fumes"},{"not_picked":["Quick Slash","Dagger Throw"],"picked":"Bouncing Flask"},{"not_picked":["Acrobatics","Blur"],"picked":"Setup"},{"not_picked":["Deadly Poison","Poisoned Stab"],"picked":"Well Laid Plans"},{"not_picked":["Bullet Time","Quick Slash"],"picked":"Heel Hook"}],"player_experience":147763,"potions_floor_usage":[4,7,13,23,23,27,27,31,33,33,35,42,42,48],"damage_taken":[{"damage":0,"enemies":"2 Louse","floor":1,"turns":2},{"damage":0,"enemies":"Cultist","floor":2,"turns":5},{"damage":1,"enemies":"Jaw Worm","floor":3,"turns":4},{"damage":0,"enemies":"Exordium Thugs","floor":4,"turns":5},{"damage":7,"enemies":"Lagavulin","floor":7,"turns":8},{"damage":0,"enemies":"3 Louse","floor":11,"turns":3},{"damage":0,"enemies":"Gremlin Gang","floor":12,"turns":7},{"damage":3,"enemies":"Gremlin Nob","floor":13,"turns":4},{"damage":0,"enemies":"Looter","floor":14,"turns":3},{"damage":21,"enemies":"The Guardian","floor":16,"turns":11},{"damage":0,"enemies":"Spheric Guardian","floor":18,"turns":2},{"damage":8,"enemies":"Shell Parasite","floor":21,"turns":4},{"damage":47,"enemies":"Gremlin Leader","floor":23,"turns":6},{"damage":2,"enemies":"Sentry and Sphere","floor":25,"turns":5},{"damage":7,"enemies":"Cultist and Chosen","floor":27,"turns":3},{"damage":0,"enemies":"Snecko","floor":29,"turns":3},{"damage":0,"enemies":"Slavers","floor":31,"turns":3},{"damage":62,"enemies":"Champ","floor":33,"turns":11},{"damage":2,"enemies":"Orb Walker","floor":35,"turns":4},{"damage":9,"enemies":"Mysterious Sphere","floor":36,"turns":5},{"damage":0,"enemies":"3 Darklings","floor":37,"turns":4},{"damage":16,"enemies":"4 Shapes","floor":39,"turns":7},{"damage":40,"enemies":"Giant Head","floor":42,"turns":8},{"damage":33,"enemies":"Sphere and 2 Shapes","floor":45,"turns":5},{"damage":13,"enemies":"Maw","floor":47,"turns":6},{"damage":9,"enemies":"4 Shapes","floor":48,"turns":1}],"event_choices":[{"event_name":"Shining Light","player_choice":"Entered Light","floor":5,"damage_taken":0},{"event_name":"Transmorgrifier","player_choice":"Transform","floor":19,"damage_taken":0},{"event_name":"Purifier","player_choice":"One Purge","floor":22,"damage_taken":0},{"event_name":"Cursed Tome","player_choice":"Ignored","floor":28,"damage_taken":0},{"event_name":"Mysterious Sphere","player_choice":"Fight","floor":36,"damage_taken":0},{"event_name":"Accursed Blacksmith","player_choice":"Forge","floor":41,"damage_taken":0}],"boss_relics":[{"not_picked":["Cursed Key","Question Card"],"picked":"Astrolabe"},{"not_picked":["Black Star","Runic Dome"],"picked":"Tiny House"}],"potions_floor_spawned":[1,2,3,11,13,21,25,27,29,37,39,45],"seed_played":"4129420392515276709","killed_by":"4 Shapes","ascension_level":1,"is_trial":false}