{"gold_per_floor":[113,113,131,150,96,127,127,162,187,203,228,228,198,212,212,314,314,326,395,31,31,44,76,76,86,86,97,97,131,531,531,531,635,635,650,925,925,925,126,158,158,188,260,286,313,313,332,432,432,432,432,432,16,48,48],"floor_reached":55,"playtime":3850,"items_purged":["Strike_B","Regret"],"score":999,"play_id":"bcb14e5c-301f-4868-9180-7f39c9e05e95","local_time":"20190602091056","is_ascension_mode":true,"campfire_choices":[{"data":"Dualcast","floor":7,"key":"SMITH"},{"floor":12,"key":"REST"},{"data":"Rainbow","floor":15,"key":"SMITH"},{"floor":24,"key":"REST"},{"data":"Blind","floor":28,"key":"SMITH"},{"floor":32,"key":"REST"},{"floor":41,"key":"RECALL"},{"floor":46,"key":"REST"},{"data":"Coolheaded","floor":49,"key":"SMITH"},{"data":"Echo Form","floor":52,"key":"SMITH"}],"neow_cost":"NONE","seed_source_timestamp":1298178284699886,"circlet_count":0,"master_deck":["Strike_B","Strike_B","Strike_B","Defend_B","Defend_B+1","Defend_B","Zap+1","Dualcast+1","Rainbow+1","Go for the Eyes","Swift Strike","Rebound","Scrape","Beam Cell","Conserve Battery","Beam Cell","Cold Snap","Static Discharge","Echo Form+1","Barrage+1","Blind+1","Go for the Eyes+1","Zap+1","Fusion+1","Steam Power+1","Chill+1","Good Instincts","Hologram+1","Steam+1","Streamline+1","Coolheaded+1","Mayhem"],"relics":["Cracked Core","War Paint","PreservedInsect","Regal Pillow","Molten Egg 2","Inserter","Bottled Tornado","Blood Vial","Juzu Bracelet","Ornamental Fan","Bag of Preparation","Old Coin","Letter Opener","Nuclear Battery","Cables","Lantern","ClockworkSouvenir","WingedGreaves","Bottled Lightning","Ice Cream","DataDisk","StoneCalendar","Bottled Flame","Bronze Scales"],"potions_floor_usage":[10,11,11,13,22,23,30],"damage_taken":[{"damage":7,"enemies":"Small Slimes","floor":1,"turns":4},{"damage":0,"enemies":"Cultist","floor":3,"turns":4},{"damage":0,"enemies":"Jaw Worm","floor":4,"turns":3},{"damage":12,"enemies":"Gremlin Nob","floor":6,"turns":3},{"damage":16,"enemies":"Lagavulin","floor":8,"turns":4},{"damage":0,"enemies":"Lots of Slimes","floor":10,"turns":2},{"damage":12,"enemies":"3 Sentries","floor":11,"turns":3},{"damage":0,"enemies":"2 Fungi Beasts","floor":14,"turns":2},{"damage":43,"enemies":"The Guardian","floor":16,"turns":10},{"damage":24,"enemies":"2 Thieves","floor":18,"turns":3},{"damage":0,"enemies":"Chosen","floor":22,"turns":3},{"damage":35,"enemies":"Slavers","floor":23,"turns":3},{"damage":10,"enemies":"3 Cultists","floor":25,"turns":5},{"damage":0,"enemies":"Centurion and Healer","floor":27,"turns":5},{"damage":2,"enemies":"Book of Stabbing","floor":29,"turns":3},{"damage":18,"enemies":"Colosseum Slavers","floor":30,"turns":3},{"damage":0,"enemies":"Colosseum Nobs","floor":30,"turns":4},{"damage":60,"enemies":"Automaton","floor":33,"turns":10},{"damage":0,"enemies":"3 Shapes","floor":35,"turns":3},{"damage":27,"enemies":"Giant Head","floor":40,"turns":7},{"damage":17,"enemies":"Nemesis","floor":42,"turns":5},{"damage":0,"enemies":"Giant Head","floor":44,"turns":5},{"damage":33,"enemies":"Nemesis","floor":45,"turns":7},{"damage":0,"enemies":"3 Darklings","floor":47,"turns":4},{"damage":0,"enemies":"Mind Bloom Boss Battle","floor":48,"turns":6},{"damage":28,"enemies":"Awakened One","floor":50,"turns":12},{"damage":38,"enemies":"Shield and Spear","floor":54,"turns":5},{"damage":69,"enemies":"The Heart","floor":55,"turns":5}],"seed_played":"-3076943665185198988","potions_obtained":[{"floor":1,"key":"Explosive Potion"},{"floor":4,"key":"FairyPotion"},{"floor":8,"key":"AttackPotion"},{"floor":10,"key":"FocusPotion"},{"floor":13,"key":"FairyPotion"},{"floor":13,"key":"Fruit Juice"},{"floor":18,"key":"SkillPotion"},{"floor":22,"key":"SkillPotion"},{"floor":25,"key":"Weak Potion"},{"floor":33,"key":"Energy Potion"}],"is_trial":false,"path_per_floor":["M","?","M","M","$","E","R","E","T","M","E","R","?","M","R","B",null,"M","T","$","?","M","E","R","M","T","M","R","E","?","?","R","B",null,"M","?","?","?","$","E","R","E","T","E","E","R","M","?","R","B",null,"R","$","E","B"],"character_chosen":"DEFECT","items_purchased":["Beam Cell","Blood Vial","Blind","Go for the Eyes+1","Cables","Good Instincts","Lantern","ClockworkSouvenir","Mayhem","Bottled Flame"],"campfire_rested":4,"item_purchase_floors":[5,20,20,20,39,39,39,39,53,53],"current_hp_per_floor":[68,68,68,68,68,56,56,40,40,40,28,65,70,70,70,27,80,56,56,56,56,58,25,64,56,56,58,58,58,44,29,69,11,85,85,85,85,77,77,52,52,37,37,39,8,48,50,52,52,26,85,85,85,47,0],"gold":48,"neow_bonus":"ONE_RANDOM_RARE_CARD","is_prod":false,"is_daily":false,"chose_seed":false,"campfire_upgraded":5,"win_rate":0,"timestamp":1559477456,"path_taken":["M","?","M","M","?","E","R","E","T","M","E","R","?","M","R","BOSS","M","?","$","?","?","E","R","M","T","M","R","E","?","?","R","BOSS","M","?","?","?","$","E","R","E","T","E","E","R","M","?","R","BOSS","R","$","E","BOSS"],"build_version":"2019-01-23","purchased_purges":2,"victory":false,"max_hp_per_floor":[75,75,75,75,75,75,75,75,75,75,75,75,80,80,80,80,80,80,80,80,80,80,80,80,80,80,80,80,80,80,85,85,85,85,85,85,85,85,85,85,85,85,85,85,85,85,85,85,85,85,85,85,85,85,85],"card_choices":[{"not_picked":["Tempest","Streamline","Stack"],"picked":"SKIP","floor":1},{"not_picked":["White Noise","Recycle"],"picked":"Rebound","floor":3},{"not_picked":["Steam","Redo"],"picked":"Scrape","floor":4},{"not_picked":["Static Discharge","Consume"],"picked":"Conserve Battery","floor":6},{"not_picked":["Coolheaded","Amplify"],"picked":"Beam Cell","floor":8},{"not_picked":["Stack","Rebound"],"picked":"Cold Snap","floor":10},{"not_picked":["Blizzard","Consume"],"picked":"Static Discharge","floor":11},{"not_picked":["Leap","Coolheaded","Sweeping Beam+1"],"picked":"SKIP","floor":14},{"not_picked":["Hyperbeam+1","Core Surge+1"],"picked":"Echo Form","floor":16},{"not_picked":["Darkness+1","Sweeping Beam+1"],"picked":"Barrage+1","floor":18},{"not_picked":["Gash+1","Storm"],"picked":"Fusion+1","floor":22},{"not_picked":["Blizzard+1","Compile Driver+1"],"picked":"Steam Power+1","floor":23},{"not_picked":["Steam Power","Rebound+1","Tempest"],"picked":"SKIP","floor":25},{"not_picked":["Auto Shields","Coolheaded","Rip and Tear+1"],"picked":"SKIP","floor":27},{"not_picked":["Force Field","Multi-Cast","Go for the Eyes+1"],"picked":"SKIP","floor":29},{"not_picked":["Static Discharge+1","Barrage+1"],"picked":"Chill+1","floor":35},{"not_picked":["Coolheaded","Steam+1"],"picked":"Hologram+1","floor":40},{"not_picked":["Stack","Hologram","Undo+1"],"picked":"SKIP","floor":42},{"not_picked":["Turbo","Go for the Eyes+1"],"picked":"Steam+1","floor":44},{"not_picked":["Ball Lightning+1","Conserve Battery+1","Compile Driver+1"],"picked":"SKIP","floor":45},{"not_picked":["Coolheaded+1","Barrage+1","Streamline+1"],"picked":"SKIP","floor":47},{"not_picked":["Coolheaded+1","Barrage+1"],"picked":"Streamline+1","floor":47},{"not_picked":["Sweeping Beam+1","Redo"],"picked":"Coolheaded","floor":48},{"not_picked":["Darkness+1","Reinforced Body","Reboot"],"picked":"SKIP","floor":54}],"player_experience":861894,"relics_obtained":[{"floor":6,"key":"War Paint"},{"floor":8,"key":"PreservedInsect"},{"floor":9,"key":"Regal Pillow"},{"floor":11,"key":"Molten Egg 2"},{"floor":19,"key":"Bottled Tornado"},{"floor":23,"key":"Juzu Bracelet"},{"floor":26,"key":"Ornamental Fan"},{"floor":29,"key":"Bag of Preparation"},{"floor":30,"key":"Old Coin"},{"floor":30,"key":"Letter Opener"},{"floor":40,"key":"WingedGreaves"},{"floor":42,"key":"Bottled Lightning"},{"floor":44,"key":"Ice Cream"},{"floor":45,"key":"DataDisk"},{"floor":48,"key":"StoneCalendar"},{"floor":54,"key":"Bronze Scales"}],"event_choices":[{"damage_healed":0,"gold_gain":0,"player_choice":"2 cards matched","damage_taken":0,"max_hp_gain":0,"max_hp_loss":0,"event_name":"Match and Keep!","floor":2,"gold_loss":0,"cards_obtained":["Go for the Eyes","Swift Strike"]},{"damage_healed":0,"gold_gain":0,"player_choice":"Bought 2 Potions","damage_taken":0,"max_hp_gain":0,"max_hp_loss":0,"event_name":"The Woman in Blue","floor":13,"gold_loss":0},{"damage_healed":0,"gold_gain":0,"player_choice":"Copied","damage_taken":0,"max_hp_gain":0,"max_hp_loss":0,"event_name":"Duplicator","floor":21,"gold_loss":0,"cards_obtained":["Zap"]},{"damage_healed":0,"gold_gain":0,"player_choice":"Fight","damage_taken":0,"max_hp_gain":0,"max_hp_loss":0,"event_name":"Colosseum","floor":30,"gold_loss":0},{"damage_healed":0,"gold_gain":0,"player_choice":"Fought Nobs","damage_taken":0,"max_hp_gain":0,"max_hp_loss":0,"event_name":"Colosseum","floor":30,"gold_loss":0},{"damage_healed":0,"gold_gain":0,"player_choice":"Shed Blood","damage_taken":20,"max_hp_gain":5,"max_hp_loss":0,"event_name":"Forgotten Altar","floor":31,"gold_loss":0},{"damage_healed":0,"gold_gain":275,"player_choice":"Desecrate","damage_taken":0,"max_hp_gain":0,"max_hp_loss":0,"event_name":"Golden Shrine","floor":36,"gold_loss":0,"cards_obtained":["Regret"]},{"cards_removed":["Defend_B"],"damage_healed":0,"gold_gain":0,"player_choice":"Removed Skill","damage_taken":0,"max_hp_gain":0,"max_hp_loss":0,"event_name":"Falling","floor":37,"gold_loss":0},{"damage_healed":0,"gold_gain":0,"player_choice":"Damaged","damage_taken":8,"max_hp_gain":0,"max_hp_loss":0,"event_name":"Wheel of Change","floor":38,"gold_loss":0},{"damage_healed":0,"gold_gain":0,"player_choice":"Fight","damage_taken":0,"max_hp_gain":0,"max_hp_loss":0,"event_name":"MindBloom","floor":48,"gold_loss":0}],"is_beta":false,"boss_relics":[{"not_picked":["Sozu","Tiny House"],"picked":"Inserter"},{"not_picked":["Pandora\u0027s Box","Velvet Choker"],"picked":"Nuclear Battery"}],"items_purged_floors":[20,39],"is_endless":false,"potions_floor_spawned":[1,4,8,10,18,22,25,33,40],"killed_by":"The Heart","ascension_level":4}