{"gold_per_floor":[110,123,123,141,141,141,152,152,206,171,187,9,9,9,9,108,108,126,41,41,61,61,94,19,19,19,19,19,37,53,85,85,85],"floor_reached":33,"playtime":1465,"items_purged":[],"score":339,"play_id":"b9d32ef2-38c5-4a00-994e-72ba0ab61d68","local_time":"20190317090110","is_ascension_mode":true,"campfire_choices":[{"data":"Zap","floor":6,"key":"SMITH"},{"data":"Zap","floor":8,"key":"SMITH"},{"data":"Double Energy","floor":15,"key":"SMITH"},{"floor":25,"key":"REST"},{"data":"Conserve Battery","floor":27,"key":"SMITH"},{"floor":32,"key":"REST"}],"neow_cost":"NONE","seed_source_timestamp":372391666751499,"circlet_count":0,"master_deck":["Defend_B","Defend_B","Defend_B","Defend_B","Zap+1","Dualcast","Rebound","Ball Lightning","Zap+1","Double Energy+1","Conserve Battery+1","Static Discharge","Leap","Conserve Battery","Buffer+1","Beam Cell","Skim","Bite","Bite","Bite","Bite","Bite","Self Repair+1","Coolheaded","BootSequence+1","Rebound+1"],"relics":["Cracked Core","Anchor","Sozu","PreservedInsect","Gremlin Horn","Bottled Tornado","Regal Pillow"],"potions_floor_usage":[16,16,21],"damage_taken":[{"damage":7,"enemies":"Jaw Worm","floor":1,"turns":3},{"damage":1,"enemies":"Cultist","floor":2,"turns":3},{"damage":3,"enemies":"2 Louse","floor":4,"turns":2},{"damage":14,"enemies":"Exordium Thugs","floor":7,"turns":4},{"damage":0,"enemies":"2 Fungi Beasts","floor":11,"turns":2},{"damage":40,"enemies":"Slime Boss","floor":16,"turns":10},{"damage":2,"enemies":"Chosen","floor":18,"turns":5},{"damage":22,"enemies":"Colosseum Slavers","floor":20,"turns":5},{"damage":14,"enemies":"Spheric Guardian","floor":21,"turns":5},{"damage":31,"enemies":"Gremlin Leader","floor":23,"turns":6},{"damage":28,"enemies":"Snake Plant","floor":29,"turns":5},{"damage":17,"enemies":"Centurion and Healer","floor":30,"turns":9},{"damage":32,"enemies":"Slavers","floor":31,"turns":5},{"damage":120,"enemies":"Automaton","floor":33,"turns":12}],"seed_played":"2273491971890663293","potions_obtained":[{"floor":2,"key":"Swift Potion"},{"floor":7,"key":"Ancient Potion"},{"floor":11,"key":"FairyPotion"},{"floor":16,"key":"Regen Potion"}],"is_trial":false,"path_per_floor":["M","M","?","M","?","R","M","R","T","?","M","$","?","$","R","B",null,"M","?","?","M","?","E","?","R","T","R","?","M","M","E","R","B"],"character_chosen":"DEFECT","items_purchased":["Static Discharge","Leap","Conserve Battery"],"campfire_rested":2,"item_purchase_floors":[12,12,12],"current_hp_per_floor":[75,74,74,71,71,71,57,57,57,57,57,57,62,62,62,22,82,80,80,58,58,57,36,36,53,53,53,53,43,57,45,57,0],"gold":85,"neow_bonus":"TEN_PERCENT_HP_BONUS","is_prod":false,"is_daily":false,"chose_seed":false,"campfire_upgraded":4,"win_rate":0,"timestamp":1552838470,"path_taken":["M","M","?","?","?","R","M","R","T","?","M","$","?","$","R","BOSS","M","?","?","M","?","E","?","R","T","R","?","M","?","E","R","BOSS"],"build_version":"2019-01-23","purchased_purges":0,"victory":false,"max_hp_per_floor":[82,82,82,82,82,82,82,82,82,82,82,82,82,82,82,82,82,82,82,82,82,57,57,57,57,57,57,57,57,57,57,57,57],"card_choices":[{"not_picked":["Streamline","Aggregate"],"picked":"Rebound","floor":1},{"not_picked":["Barrage","Redo"],"picked":"Ball Lightning","floor":2},{"not_picked":["Sweeping Beam","Echo Form"],"picked":"Double Energy","floor":4},{"not_picked":["Gash","Glacier"],"picked":"Coolheaded","floor":7},{"not_picked":["Gash","Barrage"],"picked":"Conserve Battery","floor":11},{"not_picked":["Creative AI","Seek"],"picked":"Buffer","floor":16},{"not_picked":["Ball Lightning","Steam"],"picked":"Beam Cell","floor":18},{"not_picked":["Recycle","Static Discharge"],"picked":"Skim","floor":21},{"not_picked":["Redo","Streamline"],"picked":"Self Repair+1","floor":23},{"not_picked":["Force Field","Turbo"],"picked":"Coolheaded","floor":29},{"not_picked":["Compile Driver+1","Double Energy"],"picked":"BootSequence+1","floor":30},{"not_picked":["Loop","Gash"],"picked":"Rebound+1","floor":31}],"player_experience":617668,"relics_obtained":[{"floor":9,"key":"Anchor"},{"floor":23,"key":"Gremlin Horn"},{"floor":26,"key":"Bottled Tornado"},{"floor":31,"key":"Regal Pillow"}],"event_choices":[{"damage_healed":0,"gold_gain":0,"player_choice":"2 cards matched","damage_taken":0,"max_hp_gain":0,"max_hp_loss":0,"event_name":"Match and Keep!","floor":3,"gold_loss":0,"cards_obtained":["Zap","Aggregate"]},{"damage_healed":0,"gold_gain":0,"player_choice":"2 cards matched","damage_taken":0,"max_hp_gain":0,"max_hp_loss":0,"event_name":"Match and Keep!","floor":3,"gold_loss":0,"cards_obtained":["Zap","Aggregate"]},{"damage_healed":0,"gold_gain":0,"player_choice":"Ignored","damage_taken":0,"max_hp_gain":0,"max_hp_loss":0,"event_name":"Shining Light","floor":5,"gold_loss":0},{"damage_healed":0,"gold_gain":0,"player_choice":"Left Gold","damage_taken":0,"max_hp_gain":0,"max_hp_loss":0,"event_name":"World of Goop","floor":10,"gold_loss":35},{"cards_removed":["Coolheaded"],"damage_healed":5,"gold_gain":0,"player_choice":"Offered Common","damage_taken":0,"max_hp_gain":0,"max_hp_loss":0,"event_name":"Bonfire Elementals","floor":13,"gold_loss":0},{"cards_removed":["Coolheaded"],"damage_healed":5,"gold_gain":0,"player_choice":"Offered Special","damage_taken":0,"max_hp_gain":0,"max_hp_loss":0,"event_name":"Bonfire Elementals","floor":13,"gold_loss":0},{"damage_healed":0,"gold_gain":0,"player_choice":"Obtained Relic","damage_taken":0,"relics_obtained":["PreservedInsect"],"max_hp_gain":0,"max_hp_loss":0,"event_name":"Addict","floor":19,"gold_loss":85},{"damage_healed":0,"gold_gain":0,"player_choice":"Fight","damage_taken":0,"max_hp_gain":0,"max_hp_loss":0,"event_name":"Colosseum","floor":20,"gold_loss":0},{"damage_healed":0,"gold_gain":0,"player_choice":"Fled From Nobs","damage_taken":0,"max_hp_gain":0,"max_hp_loss":0,"event_name":"Colosseum","floor":20,"gold_loss":0},{"damage_healed":0,"gold_gain":0,"player_choice":"Became a vampire","damage_taken":0,"max_hp_gain":0,"max_hp_loss":25,"event_name":"Vampires","floor":22,"gold_loss":0,"cards_obtained":["Bite","Bite","Bite","Bite","Bite"]},{"cards_removed":["Aggregate"],"damage_healed":0,"gold_gain":0,"player_choice":"Gave Gold","damage_taken":0,"max_hp_gain":0,"max_hp_loss":0,"event_name":"Beggar","floor":24,"gold_loss":75},{"damage_healed":0,"gold_gain":0,"player_choice":"Forge","damage_taken":0,"max_hp_gain":0,"max_hp_loss":0,"event_name":"Accursed Blacksmith","floor":28,"gold_loss":0,"cards_upgraded":["Buffer"]}],"is_beta":false,"boss_relics":[{"not_picked":["Fusion Hammer","Eternal Feather"],"picked":"Sozu"}],"items_purged_floors":[],"is_endless":false,"potions_floor_spawned":[2,7,11,16,20,21,30],"killed_by":"Automaton","ascension_level":3}