{"gold_per_floor":[119,137,137,152,77,77,77,77,104,119,19,39,39,63,63,163,163,177,194,69,69,69],"floor_reached":22,"playtime":855,"items_purged":["Strike_G","Defend_G","Strike_G"],"score":174,"play_id":"e519498c-d7f7-4d6e-b302-63e3ed3d802a","local_time":"20190523190145","is_ascension_mode":false,"campfire_choices":[{"data":"Accuracy","floor":6,"key":"SMITH"},{"data":"Neutralize","floor":8,"key":"SMITH"},{"data":"Bouncing Flask","floor":13,"key":"SMITH"},{"floor":15,"key":"REST"}],"neow_cost":"NONE","seed_source_timestamp":653789466195182,"circlet_count":0,"master_deck":["Defend_G","Defend_G","Defend_G+1","Strike_G","Strike_G","Survivor+1","Neutralize+1","Tools of the Trade","Accuracy+1","Infinite Blades","Bouncing Flask+1","Burst","Cloak And Dagger"],"relics":["Ring of the Snake","War Paint","Odd Mushroom","Philosopher\u0027s Stone"],"potions_floor_usage":[4,12,12,19,19,19],"damage_taken":[{"damage":1,"enemies":"Cultist","floor":1,"turns":5},{"damage":0,"enemies":"2 Louse","floor":2,"turns":3},{"damage":0,"enemies":"Small Slimes","floor":4,"turns":4},{"damage":0,"enemies":"2 Fungi Beasts","floor":10,"turns":5},{"damage":2,"enemies":"Gremlin Gang","floor":12,"turns":6},{"damage":13,"enemies":"The Mushroom Lair","floor":14,"turns":4},{"damage":17,"enemies":"The Guardian","floor":16,"turns":7},{"damage":2,"enemies":"Shell Parasite","floor":18,"turns":4},{"damage":25,"enemies":"3 Byrds","floor":19,"turns":5},{"damage":41,"enemies":"3 Cultists","floor":22,"turns":5}],"seed_played":"-4416165762622783131","potions_obtained":[{"floor":2,"key":"EntropicBrew"},{"floor":4,"key":"EssenceOfSteel"},{"floor":14,"key":"AttackPotion"},{"floor":18,"key":"PowerPotion"}],"is_trial":false,"path_per_floor":["M","M","?","M","$","R","?","R","T","M","$","M","R","?","R","B",null,"M","M","$","?","M"],"character_chosen":"THE_SILENT","items_purchased":[],"campfire_rested":1,"item_purchase_floors":[],"current_hp_per_floor":[69,69,69,69,69,69,62,62,62,62,62,60,60,47,68,51,70,68,43,43,36,0],"gold":69,"neow_bonus":"ONE_RANDOM_RARE_CARD","is_prod":false,"is_daily":false,"chose_seed":false,"campfire_upgraded":3,"win_rate":0,"timestamp":1558630905,"path_taken":["M","?","?","?","$","R","?","R","T","M","$","M","R","?","R","BOSS","M","M","$","?","?"],"build_version":"2019-01-23","purchased_purges":3,"victory":false,"max_hp_per_floor":[70,70,70,70,70,70,70,70,70,70,70,70,70,70,70,70,70,70,70,70,70,70],"card_choices":[{"not_picked":["Poisoned Stab","Sucker Punch","Well Laid Plans"],"picked":"SKIP","floor":1},{"not_picked":["Escape Plan","Dodge and Roll","Dagger Throw"],"picked":"SKIP","floor":2},{"not_picked":["Sucker Punch","Prepared"],"picked":"Accuracy","floor":4},{"not_picked":["Outmaneuver","Sucker Punch"],"picked":"Infinite Blades","floor":10},{"not_picked":["Dagger Spray","Tactician"],"picked":"Bouncing Flask","floor":12},{"not_picked":["Malaise","After Image"],"picked":"Burst","floor":16},{"not_picked":["Skewer","Dagger Spray+1","Distraction"],"picked":"SKIP","floor":18},{"not_picked":["Bane","Deadly Poison"],"picked":"Cloak And Dagger","floor":19}],"player_experience":209786,"relics_obtained":[{"floor":9,"key":"War Paint"},{"floor":14,"key":"Odd Mushroom"}],"event_choices":[{"cards_removed":["Strike_G"],"damage_healed":0,"gold_gain":0,"player_choice":"Offered Basic","damage_taken":0,"max_hp_gain":0,"max_hp_loss":0,"event_name":"Bonfire Elementals","floor":3,"gold_loss":0},{"cards_removed":["Defend_G"],"damage_healed":0,"gold_gain":0,"player_choice":"Card Removal","damage_taken":7,"max_hp_gain":0,"max_hp_loss":0,"event_name":"Golden Wing","floor":7,"gold_loss":0},{"damage_healed":0,"gold_gain":0,"player_choice":"Fought Mushrooms","damage_taken":0,"max_hp_gain":0,"max_hp_loss":0,"event_name":"Mushrooms","floor":14,"gold_loss":0},{"damage_healed":0,"gold_gain":0,"player_choice":"","damage_taken":7,"max_hp_gain":0,"max_hp_loss":0,"event_name":"Knowing Skull","floor":21,"potions_obtained":[],"gold_loss":0,"cards_obtained":[]}],"is_beta":false,"boss_relics":[{"not_picked":["Astrolabe","White Beast Statue"],"picked":"Philosopher\u0027s Stone"}],"items_purged_floors":[5,11,20],"is_endless":false,"potions_floor_spawned":[2,4,14,18],"killed_by":"3 Cultists","ascension_level":0}