{"gold_per_floor":[218,218,218,236,254,254,272,127,177,99,174,208,208,226,226,331,331,351,351,351,351,371,371,390,390,413,413,430,430,430,345,345,441,441,453,68,68,84,99,128,128,138,138,0,0,17,32,47,47,47],"floor_reached":50,"playtime":1597,"items_purged":[],"score":472,"play_id":"51caf50c-ac56-4a5f-b018-ce4d3087b5d5","local_time":"20190415201756","is_ascension_mode":false,"campfire_choices":[{"data":"Cleave","floor":6.0,"key":"SMITH"},{"data":"Metallicize","floor":13.0,"key":"SMITH"},{"data":"Flame Barrier","floor":15.0,"key":"SMITH"},{"data":"Juggernaut","floor":23.0,"key":"SMITH"},{"data":"Reaper","floor":27.0,"key":"SMITH"},{"data":"Inflame","floor":29.0,"key":"SMITH"},{"data":"Shrug It Off","floor":32.0,"key":"SMITH"},{"floor":41,"key":"REST"},{"floor":49,"key":"REST"}],"neow_cost":"NONE","seed_source_timestamp":0,"circlet_count":0,"master_deck":["Strike_R+1","Strike_R+1","Strike_R+1","Strike_R+1","Defend_R+1","Defend_R+1","Defend_R+1","Shrug It Off+1","Shrug It Off+1","Cleave+1","Metallicize+1","Flame Barrier+1","Reaper+1","Impervious+1","Dropkick+1","Wild Strike+1","Juggernaut+1","Inflame+1","Pommel Strike+1","Reaper","Inflame+1","Demon Form","Flame Barrier+1","Limit Break","Doubt","Metallicize+1"],"special_seed":0,"relics":["Burning Blood","Red Skull","Potion Belt","Whetstone","Astrolabe","Lantern","Bag of Marbles","Runic Dome","Singing Bowl","Bag of Preparation","Bottled Flame"],"potions_floor_usage":[33,40,50,50,50,50,50],"damage_taken":[{"damage":17.0,"enemies":"Small Slimes","floor":1.0,"turns":4.0},{"damage":5.0,"enemies":"Jaw Worm","floor":4.0,"turns":5.0},{"damage":0.0,"enemies":"2 Louse","floor":5.0,"turns":3.0},{"damage":7.0,"enemies":"Blue Slaver","floor":7.0,"turns":5.0},{"damage":5.0,"enemies":"3 Sentries","floor":12.0,"turns":10.0},{"damage":0.0,"enemies":"Large Slime","floor":14.0,"turns":6.0},{"damage":24.0,"enemies":"Hexaghost","floor":16.0,"turns":11.0},{"damage":15.0,"enemies":"3 Byrds","floor":18.0,"turns":5.0},{"damage":24.0,"enemies":"2 Thieves","floor":22.0,"turns":5.0},{"damage":14.0,"enemies":"Snake Plant","floor":24.0,"turns":5.0},{"damage":3.0,"enemies":"Snecko","floor":28.0,"turns":5.0},{"damage":49,"enemies":"Champ","floor":33,"turns":18},{"damage":9,"enemies":"Orb Walker","floor":35,"turns":3},{"damage":35,"enemies":"3 Darklings","floor":38,"turns":5},{"damage":20,"enemies":"Jaw Worm Horde","floor":39,"turns":4},{"damage":107,"enemies":"Giant Head","floor":40,"turns":10},{"damage":53,"enemies":"Maw","floor":42,"turns":8},{"damage":33,"enemies":"Sphere and 2 Shapes","floor":46,"turns":7},{"damage":48,"enemies":"Transient","floor":47,"turns":5},{"damage":29,"enemies":"Spire Growth","floor":48,"turns":6},{"damage":114,"enemies":"Awakened One","floor":50,"turns":13}],"seed_played":"4974953790427799128","potions_obtained":[{"floor":1.0,"key":"Fire Potion"},{"floor":5.0,"key":"SkillPotion"},{"floor":12.0,"key":"GamblersBrew"},{"floor":33,"key":"FearPotion"},{"floor":37,"key":"SneckoOil"},{"floor":37,"key":"Block Potion"},{"floor":37,"key":"SneckoOil"},{"floor":39,"key":"Regen Potion"},{"floor":46,"key":"SkillPotion"}],"is_trial":false,"path_per_floor":["M","?","?","M","M","R","M","$","T","$","?","E","R","M","R","B",null,"M","$","?","?","M","R","M","?","T","R","M","R","$","?","R","B",null,"M","$","?","M","M","E","R","M","T","$","?","M","M","M","R","B"],"character_chosen":"IRONCLAD","items_purchased":["Red Skull","Metallicize","Demon Form","Singing Bowl","Limit Break"],"campfire_rested":2,"item_purchase_floors":[8,10,36,36,44],"current_hp_per_floor":[69,69,53,54,60,60,59,59,59,59,48,49,49,55,55,37,80,79,79,79,79,66,66,59,59,59,59,67,67,67,67,67,36,80,77,77,77,69,64,21,46,22,22,22,86,81,46,42,69,0],"gold":47,"neow_bonus":"HUNDRED_GOLD","is_prod":false,"is_daily":false,"chose_seed":false,"campfire_upgraded":7,"win_rate":0,"timestamp":1555352276,"path_taken":["M","?","?","M","M","R","M","$","T","?","?","E","R","M","R","BOSS","M","$","?","?","M","R","M","?","T","R","M","R","$","?","R","BOSS","M","$","?","M","M","E","R","?","T","?","?","M","M","M","R","BOSS"],"build_version":"2019-01-23","purchased_purges":0,"victory":false,"max_hp_per_floor":[80,80,80,80,80,80,80,80,80,80,80,80,80,80,80,80,80,80,80,80,80,80,80,80,80,80,80,80,80,80,80,80,80,80,80,80,80,82,84,86,86,86,86,86,86,88,88,90,90,90],"card_choices":[{"not_picked":["Fire Breathing","Perfected Strike"],"picked":"Shrug It Off","floor":1.0},{"not_picked":["Perfected Strike","Evolve"],"picked":"Shrug It Off","floor":4.0},{"not_picked":["Thunderclap","Combust"],"picked":"Cleave","floor":5.0},{"not_picked":["Dropkick","Clothesline","Havoc"],"picked":"SKIP","floor":7.0},{"not_picked":["Heavy Blade","Thunderclap","Perfected Strike"],"picked":"SKIP","floor":12.0},{"not_picked":["Reckless Charge","Anger"],"picked":"Flame Barrier","floor":14.0},{"not_picked":["Double Tap","Berserk"],"picked":"Reaper","floor":16.0},{"not_picked":["Clash","Wild Strike","True Grit"],"picked":"SKIP","floor":18.0},{"not_picked":["Clothesline+1","Cleave"],"picked":"Juggernaut","floor":22.0},{"not_picked":["Sword Boomerang","True Grit","Twin Strike"],"picked":"SKIP","floor":24.0},{"not_picked":["Exhume","Iron Wave+1"],"picked":"Pommel Strike+1","floor":28.0},{"not_picked":["Limit Break","Dark Embrace"],"picked":"Reaper","floor":33},{"not_picked":["Anger+1","Pommel Strike+1"],"picked":"Inflame+1","floor":35},{"not_picked":["Sentinel","Heavy Blade+1","Inflame"],"picked":"Singing Bowl","floor":38},{"not_picked":["Dual Wield+1","Twin Strike","Heavy Blade+1"],"picked":"Singing Bowl","floor":39},{"not_picked":["Disarm+1","Havoc+1","Twin Strike+1"],"picked":"Singing Bowl","floor":40},{"not_picked":["Thunderclap","Flex+1"],"picked":"Flame Barrier+1","floor":42},{"not_picked":["Clothesline","Offering","Shrug It Off"],"picked":"Singing Bowl","floor":46},{"not_picked":["Anger+1","True Grit"],"picked":"Metallicize+1","floor":47},{"not_picked":["Shrug It Off","Clothesline","Cleave"],"picked":"Singing Bowl","floor":48}],"player_experience":114440,"relics_obtained":[{"floor":9.0,"key":"Potion Belt"},{"floor":12.0,"key":"Whetstone"},{"floor":26.0,"key":"Lantern"},{"floor":40,"key":"Bag of Preparation"},{"floor":43,"key":"Bottled Flame"}],"event_choices":[{"damage_healed":0.0,"max_hp_gain":0.0,"max_hp_loss":0.0,"gold_gain":0.0,"event_name":"Living Wall","player_choice":"Grow","floor":2.0,"gold_loss":0.0,"damage_taken":0.0,"cards_upgraded":["Shrug It Off"]},{"damage_healed":0.0,"max_hp_gain":0.0,"max_hp_loss":0.0,"gold_gain":0.0,"event_name":"Shining Light","player_choice":"Entered Light","floor":3.0,"gold_loss":0.0,"damage_taken":16.0,"cards_upgraded":["Defend_R","Defend_R"]},{"damage_healed":0.0,"max_hp_gain":0.0,"max_hp_loss":0.0,"gold_gain":75.0,"event_name":"World of Goop","player_choice":"Gather Gold","floor":11.0,"gold_loss":0.0,"damage_taken":11.0},{"damage_healed":0.0,"max_hp_gain":0.0,"max_hp_loss":0.0,"gold_gain":0.0,"event_name":"Beggar","player_choice":"Ignored","floor":20.0,"gold_loss":0.0,"damage_taken":0.0},{"damage_healed":0.0,"max_hp_gain":0.0,"max_hp_loss":0.0,"gold_gain":0.0,"event_name":"Back to Basics","player_choice":"Simplicity","floor":21.0,"gold_loss":0.0,"damage_taken":0.0,"cards_upgraded":["Strike_R","Strike_R","Defend_R"]},{"damage_healed":0.0,"max_hp_gain":0.0,"max_hp_loss":0.0,"gold_gain":0.0,"event_name":"The Library","player_choice":"Read","floor":25.0,"gold_loss":0.0,"damage_taken":0.0,"cards_obtained":["Inflame"]},{"damage_healed":0.0,"max_hp_gain":0.0,"max_hp_loss":0.0,"gold_gain":0.0,"event_name":"Addict","player_choice":"Obtained Relic","floor":31.0,"gold_loss":85.0,"damage_taken":0.0,"relics_obtained":["Bag of Marbles"]},{"damage_healed":0,"gold_gain":0,"player_choice":"Got Potions","damage_taken":0,"max_hp_gain":0,"max_hp_loss":0,"event_name":"Lab","floor":37,"gold_loss":0},{"damage_healed":64,"gold_gain":0,"player_choice":"Heal","damage_taken":0,"max_hp_gain":0,"max_hp_loss":0,"event_name":"MindBloom","floor":45,"gold_loss":0,"cards_obtained":["Doubt"]}],"is_beta":false,"boss_relics":[{"not_picked":["Ectoplasm","Tiny House"],"picked":"Astrolabe"},{"not_picked":["Fusion Hammer","Mark of Pain"],"picked":"Runic Dome"}],"items_purged_floors":[],"is_endless":false,"potions_floor_spawned":[1,5,12,33,39,46,48],"killed_by":"Awakened One","ascension_level":0}