{"gold_per_floor":[109,109,127,47,67,67,92,92,115,155,178,92,116,154,154,154],"floor_reached":16,"playtime":1123,"items_purged":[],"score":162,"play_id":"0574cca7-8c41-4acc-b060-b1432190979f","local_time":"20190529232655","is_ascension_mode":true,"campfire_choices":[{"data":"Bash","floor":6,"key":"SMITH"},{"floor":8,"key":"REST"},{"floor":15,"key":"REST"}],"neow_cost":"NONE","seed_source_timestamp":395293169641062,"circlet_count":0,"master_deck":["Strike_R","Strike_R","Strike_R","Strike_R","Defend_R","Defend_R","Defend_R","Defend_R","Bash+1","Sword Boomerang","Disarm","Thunderclap","Corruption","Sentinel","Shrug It Off","Wild Strike","Burning Pact","Feel No Pain","Havoc","Iron Wave","Flame Barrier"],"relics":["Burning Blood","Golden Idol","Blood Vial","Bag of Marbles","Pen Nib"],"potions_floor_usage":[10,13,13,14,16],"damage_taken":[{"damage":0,"enemies":"2 Louse","floor":1,"turns":3},{"damage":7,"enemies":"Jaw Worm","floor":3,"turns":4},{"damage":12,"enemies":"Small Slimes","floor":5,"turns":3},{"damage":36,"enemies":"Exordium Thugs","floor":7,"turns":7},{"damage":37,"enemies":"Lagavulin","floor":10,"turns":8},{"damage":3,"enemies":"2 Fungi Beasts","floor":11,"turns":4},{"damage":20,"enemies":"Exordium Wildlife","floor":13,"turns":6},{"damage":22,"enemies":"3 Sentries","floor":14,"turns":11},{"damage":57,"enemies":"Slime Boss","floor":16,"turns":7}],"seed_played":"-2921955245060876596","potions_obtained":[{"floor":3,"key":"Dexterity Potion"},{"floor":10,"key":"Swift Potion"},{"floor":11,"key":"Regen Potion"},{"floor":13,"key":"BloodPotion"},{"floor":14,"key":"Swift Potion"}],"is_trial":false,"path_per_floor":["M","?","M","$","M","R","M","R","T","E","M","$","M","E","R","B"],"character_chosen":"IRONCLAD","items_purchased":["Corruption","Feel No Pain","Havoc"],"campfire_rested":2,"item_purchase_floors":[4,12,12],"current_hp_per_floor":[78,58,57,57,51,51,21,45,45,16,21,21,24,18,42,0],"gold":154,"neow_bonus":"TRANSFORM_CARD","is_prod":false,"is_daily":false,"chose_seed":false,"campfire_upgraded":1,"win_rate":0,"timestamp":1559197615,"path_taken":["M","?","M","?","M","R","M","R","T","E","M","$","M","E","R","BOSS"],"build_version":"2019-01-23","purchased_purges":0,"victory":false,"max_hp_per_floor":[80,80,80,80,80,80,80,80,80,80,80,80,80,80,80,80],"card_choices":[{"not_picked":["Body Slam","Anger"],"picked":"Disarm","floor":1},{"not_picked":["Havoc","Iron Wave"],"picked":"Thunderclap","floor":3},{"not_picked":["Bloodletting","Perfected Strike"],"picked":"Sentinel","floor":5},{"not_picked":["Brutality","Combust"],"picked":"Shrug It Off","floor":7},{"not_picked":["Perfected Strike","Flex"],"picked":"Wild Strike","floor":10},{"not_picked":["Perfected Strike","True Grit"],"picked":"Burning Pact","floor":11},{"not_picked":["Sword Boomerang","Perfected Strike"],"picked":"Iron Wave","floor":13},{"not_picked":["Corruption","Dual Wield"],"picked":"Flame Barrier","floor":14}],"player_experience":773343,"relics_obtained":[{"floor":9,"key":"Blood Vial"},{"floor":10,"key":"Bag of Marbles"},{"floor":14,"key":"Pen Nib"}],"event_choices":[{"damage_healed":0,"gold_gain":0,"player_choice":"Take Damage","damage_taken":20,"relics_obtained":["Golden Idol"],"max_hp_gain":0,"max_hp_loss":0,"event_name":"Golden Idol","floor":2,"gold_loss":0}],"is_beta":false,"boss_relics":[],"items_purged_floors":[],"is_endless":false,"potions_floor_spawned":[3,10,11,13,14],"killed_by":"Slime Boss","ascension_level":9}