{"gold_per_floor":[219,239,250,263,36,50,50,50,50,50,60,235,261,280,280,385,385,396,415,50,68,68,68,87,87],"floor_reached":25,"playtime":2078,"items_purged":["Strike_G","Strike_G"],"score":207,"play_id":"e217f505-9c44-4f12-b013-29adf7941191","local_time":"20190619083510","is_ascension_mode":false,"campfire_choices":[{"data":"Deadly Poison","floor":7,"key":"SMITH"},{"floor":10,"key":"REST"},{"floor":15,"key":"REST"},{"floor":23,"key":"REST"}],"neow_cost":"NONE","seed_source_timestamp":442670933195917,"circlet_count":0,"master_deck":["Defend_G","Defend_G","Defend_G","Defend_G","Defend_G","Strike_G","Strike_G","Survivor","Neutralize","Deadly Poison+1","Blur","Venomology","A Thousand Cuts","Catalyst+1","Backflip"],"relics":["Ring of the Snake","Art of War","Dead Branch","Empty Cage","Membership Card","Bag of Marbles","Tiny Chest"],"potions_floor_usage":[11,16,16,16,18,21,21,25,25],"damage_taken":[{"damage":1,"enemies":"Cultist","floor":1,"turns":4},{"damage":0,"enemies":"2 Louse","floor":2,"turns":2},{"damage":0,"enemies":"Small Slimes","floor":3,"turns":3},{"damage":6,"enemies":"Looter","floor":4,"turns":4},{"damage":12,"enemies":"Red Slaver","floor":6,"turns":5},{"damage":3,"enemies":"Gremlin Gang","floor":11,"turns":5},{"damage":36,"enemies":"Lagavulin","floor":13,"turns":9},{"damage":16,"enemies":"Large Slime","floor":14,"turns":12},{"damage":11,"enemies":"Hexaghost","floor":16,"turns":10},{"damage":11,"enemies":"Chosen","floor":18,"turns":7},{"damage":11,"enemies":"Shell Parasite","floor":19,"turns":10},{"damage":22,"enemies":"Snecko","floor":21,"turns":8},{"damage":54,"enemies":"3 Cultists","floor":24,"turns":8},{"damage":0,"enemies":"Gremlin Leader","floor":25,"turns":5}],"seed_played":"9029174458336496049","potions_obtained":[{"floor":3,"key":"Swift Potion"},{"floor":8,"key":"LiquidBronze"},{"floor":8,"key":"Energy Potion"},{"floor":14,"key":"Energy Potion"},{"floor":16,"key":"Weak Potion"},{"floor":18,"key":"GamblersBrew"}],"is_trial":false,"path_per_floor":["M","M","M","M","$","M","R","?","T","R","M","?","E","M","R","B",null,"M","M","$","M","?","R","M","E"],"character_chosen":"THE_SILENT","items_purchased":["Art of War","Membership Card","Bag of Marbles","Tiny Chest"],"campfire_rested":3,"item_purchase_floors":[5,20,20,20],"current_hp_per_floor":[69,69,69,63,63,51,51,51,51,70,67,67,31,15,36,25,70,59,48,48,26,26,47,7,7],"gold":87,"neow_bonus":"HUNDRED_GOLD","is_prod":false,"is_daily":false,"chose_seed":false,"campfire_upgraded":1,"win_rate":0,"timestamp":1560926110,"path_taken":["M","M","?","M","$","M","R","?","T","R","?","?","E","M","R","BOSS","M","M","$","M","?","R","M","E"],"build_version":"2019-01-23","purchased_purges":2,"victory":false,"max_hp_per_floor":[70,70,70,70,70,70,70,70,70,70,70,70,70,70,70,70,70,70,70,70,70,70,70,70,70],"card_choices":[{"not_picked":["Underhanded Strike","Slice","Blade Dance"],"picked":"SKIP","floor":1},{"not_picked":["All Out Attack","Leg Sweep"],"picked":"Deadly Poison","floor":2},{"not_picked":["Well Laid Plans","Blade Dance","Prepared"],"picked":"SKIP","floor":3},{"not_picked":["Reflex","Outmaneuver"],"picked":"Blur","floor":4},{"not_picked":["Cloak And Dagger","Dodge and Roll","Finisher"],"picked":"SKIP","floor":6},{"not_picked":["Dodge and Roll","Eviscerate","Blade Dance"],"picked":"SKIP","floor":11},{"not_picked":["Masterful Stab","Flechettes"],"picked":"Venomology","floor":13},{"not_picked":["Escape Plan","All Out Attack","Dodge and Roll"],"picked":"SKIP","floor":14},{"not_picked":["Glass Knife","Storm of Steel"],"picked":"A Thousand Cuts","floor":16},{"not_picked":["Heel Hook","Blade Dance","Reflex"],"picked":"SKIP","floor":18},{"not_picked":["Skewer","Endless Agony+1","Poisoned Stab"],"picked":"SKIP","floor":19},{"not_picked":["Dodge and Roll","Acrobatics"],"picked":"Catalyst","floor":21},{"not_picked":["Slice","Quick Slash"],"picked":"Backflip","floor":24}],"player_experience":275675,"relics_obtained":[{"floor":13,"key":"Dead Branch"}],"event_choices":[{"damage_healed":0,"gold_gain":0,"player_choice":"Got Potions","damage_taken":0,"max_hp_gain":0,"max_hp_loss":0,"event_name":"Lab","floor":8,"gold_loss":0},{"damage_healed":0,"gold_gain":175,"player_choice":"AGREE","damage_taken":0,"max_hp_gain":0,"max_hp_loss":0,"event_name":"Liars Game","floor":12,"gold_loss":0,"cards_obtained":["Doubt"]},{"damage_healed":0,"gold_gain":0,"player_choice":"Forge","damage_taken":0,"max_hp_gain":0,"max_hp_loss":0,"event_name":"Accursed Blacksmith","floor":22,"gold_loss":0,"cards_upgraded":["Catalyst"]}],"is_beta":false,"boss_relics":[{"not_picked":["Ectoplasm","Runic Pyramid"],"picked":"Empty Cage"}],"items_purged_floors":[5,20],"is_endless":false,"potions_floor_spawned":[3,14,16,18],"killed_by":"Gremlin Leader","ascension_level":0}