{"gold_per_floor":[111,73,73,89,13,43,43,43,69,79,94,94,94,94,94,190,190,203,121,135,135],"floor_reached":21,"playtime":1374,"items_purged":[],"score":212,"play_id":"dfd562cf-8de5-48b1-acb2-7cdb8915f032","local_time":"20190409183628","is_ascension_mode":true,"campfire_choices":[{"data":"Armaments","floor":8.0,"key":"SMITH"},{"data":"Demon Form","floor":13.0,"key":"SMITH"},{"floor":15.0,"key":"REST"}],"neow_cost":"NONE","seed_source_timestamp":0,"circlet_count":0,"master_deck":["Strike_R","Strike_R","Strike_R","Strike_R","Strike_R","Defend_R","Defend_R","Defend_R","Defend_R","Bash+1","Shrug It Off+1","Metallicize","Impervious+1","Armaments+1","Decay","Immolate+1","Demon Form+1","Armaments","Shrug It Off","Body Slam","Intimidate","Enlightenment","Pommel Strike+1"],"special_seed":0,"relics":["Burning Blood","Boot","Strawberry","Orrery"],"potions_floor_usage":[21,21],"damage_taken":[{"damage":0.0,"enemies":"Small Slimes","floor":1.0,"turns":3.0},{"damage":0.0,"enemies":"Cultist","floor":4.0,"turns":3.0},{"damage":56.0,"enemies":"Lagavulin","floor":6.0,"turns":10.0},{"damage":1.0,"enemies":"Jaw Worm","floor":10.0,"turns":5.0},{"damage":19.0,"enemies":"Red Slaver","floor":11.0,"turns":6.0},{"damage":19.0,"enemies":"The Guardian","floor":16.0,"turns":12.0},{"damage":36.0,"enemies":"3 Byrds","floor":18.0,"turns":6.0},{"damage":28.0,"enemies":"Spheric Guardian","floor":20.0,"turns":8.0},{"damage":47,"enemies":"Chosen and Byrds","floor":21,"turns":6}],"seed_played":"4800658452489653729","potions_obtained":[{"floor":4.0,"key":"Dexterity Potion"},{"floor":10.0,"key":"GamblersBrew"},{"floor":16.0,"key":"Energy Potion"}],"is_trial":false,"path_per_floor":["M","$","?","M","$","E","?","R","T","M","M","?","R","?","R","B",null,"M","$","M","M"],"character_chosen":"IRONCLAD","items_purchased":["Metallicize","Impervious","Enlightenment"],"campfire_rested":1,"item_purchase_floors":[2,5,19],"current_hp_per_floor":[80,80,80,80,80,30,30,30,37,42,29,58,58,41,67,54,87,57,57,35,0],"gold":135,"neow_bonus":"UPGRADE_CARD","is_prod":false,"is_daily":false,"chose_seed":false,"campfire_upgraded":2,"win_rate":0,"timestamp":1554827788,"path_taken":["M","$","?","M","?","E","?","R","T","M","?","?","R","?","R","BOSS","M","$","M","M"],"build_version":"2019-01-23","purchased_purges":0,"victory":false,"max_hp_per_floor":[80,80,80,80,80,80,80,80,87,87,87,87,87,87,87,87,87,87,87,87,87],"card_choices":[{"not_picked":["Iron Wave","Warcry"],"picked":"Shrug It Off","floor":1.0},{"not_picked":["Disarm","Burning Pact","Heavy Blade"],"picked":"SKIP","floor":4.0},{"not_picked":["Thunderclap","Heavy Blade"],"picked":"Armaments","floor":6.0},{"not_picked":["Perfected Strike","Pommel Strike"],"picked":"Demon Form","floor":10.0},{"not_picked":["Carnage","Wild Strike","Thunderclap"],"picked":"SKIP","floor":11.0},{"not_picked":["Havoc","Clash"],"picked":"Armaments","floor":17.0},{"not_picked":["Clothesline","Sever Soul"],"picked":"Shrug It Off","floor":17.0},{"not_picked":["Hemokinesis","Cleave"],"picked":"Body Slam","floor":17.0},{"not_picked":["Dual Wield","Flex+1"],"picked":"Intimidate","floor":18.0},{"not_picked":["Rupture+1","Searing Blow+1"],"picked":"Pommel Strike+1","floor":20.0}],"player_experience":104017,"relics_obtained":[{"floor":6.0,"key":"Boot"},{"floor":9.0,"key":"Strawberry"}],"event_choices":[{"damage_healed":0.0,"max_hp_gain":0.0,"max_hp_loss":0.0,"gold_gain":0.0,"event_name":"Upgrade Shrine","player_choice":"Upgraded","floor":3.0,"gold_loss":0.0,"damage_taken":0.0,"cards_upgraded":["Shrug It Off"]},{"damage_healed":0.0,"max_hp_gain":0.0,"max_hp_loss":0.0,"gold_gain":0.0,"event_name":"Match and Keep!","player_choice":"2 cards matched","floor":7.0,"gold_loss":0.0,"damage_taken":0.0,"cards_obtained":["Decay","Immolate"]},{"damage_healed":29.0,"max_hp_gain":0.0,"max_hp_loss":0.0,"gold_gain":0.0,"event_name":"Big Fish","player_choice":"Banana","floor":12.0,"gold_loss":0.0,"damage_taken":0.0},{"damage_healed":0.0,"max_hp_gain":0.0,"max_hp_loss":0.0,"gold_gain":0.0,"event_name":"Shining Light","player_choice":"Entered Light","floor":14.0,"gold_loss":0.0,"damage_taken":17.0,"cards_upgraded":["Immolate","Impervious"]}],"is_beta":false,"boss_relics":[{"not_picked":["Runic Pyramid","White Beast Statue"],"picked":"Orrery"}],"items_purged_floors":[],"is_endless":false,"potions_floor_spawned":[4,10,16],"killed_by":"Chosen and Byrds","ascension_level":4}