{"gold_per_floor":[116,44,44,44,63,63,63,63,86,86,98,98,115,115,115,217,217,236,249,265,265,265,265,300,300,300,48,68,68,101,116,116,212,212,225,133,133,33,49,49,62,62,85,85,103,115,131,150,150,150],"floor_reached":51,"playtime":2008,"items_purged":[],"score":825,"play_id":"ef9f3fc2-c0fd-4905-8912-b8df5d1d05f4","local_time":"20190409072849","is_ascension_mode":true,"campfire_choices":[{"data":"Shrug It Off","floor":6.0,"key":"SMITH"},{"data":"Cleave","floor":8.0,"key":"SMITH"},{"data":"Metallicize","floor":10.0,"key":"SMITH"},{"data":"Iron Wave","floor":12.0,"key":"SMITH"},{"data":"Demon Form","floor":15.0,"key":"SMITH"},{"data":"Demon Form","floor":23.0,"key":"SMITH"},{"floor":25.0,"key":"REST"},{"floor":32.0,"key":"REST"},{"data":"Shockwave","floor":40.0,"key":"SMITH"},{"floor":42,"key":"REST"},{"data":"Feed","floor":44,"key":"SMITH"},{"floor":49,"key":"REST"}],"neow_cost":"NONE","seed_source_timestamp":0,"circlet_count":0,"master_deck":["Defend_R+1","Defend_R+1","Defend_R+1","Defend_R+1","Iron Wave+1","Metallicize+1","Shrug It Off","Cleave+1","Shrug It Off+1","Iron Wave","Cleave","Demon Form+1","Impervious","Iron Wave","Demon Form+1","Bite","Bite","Bite","Bite","Bite","Cleave+1","Inflame+1","Feed+1","Enlightenment","Enlightenment","Shockwave+1","Heavy Blade","Body Slam"],"special_seed":0,"relics":["Burning Blood","Vajra","Runic Dome","Champion Belt","Ice Cream","Bottled Tornado","Bag of Marbles","Busted Crown","Lantern"],"potions_floor_usage":[50,50,50],"damage_taken":[{"damage":6.0,"enemies":"Cultist","floor":1.0,"turns":3.0},{"damage":3.0,"enemies":"Small Slimes","floor":5.0,"turns":4.0},{"damage":0.0,"enemies":"2 Louse","floor":11.0,"turns":3.0},{"damage":6.0,"enemies":"Gremlin Gang","floor":13.0,"turns":3.0},{"damage":47.0,"enemies":"Hexaghost","floor":16.0,"turns":8.0},{"damage":1.0,"enemies":"Chosen","floor":18.0,"turns":4.0},{"damage":7.0,"enemies":"Spheric Guardian","floor":19.0,"turns":4.0},{"damage":27.0,"enemies":"Snake Plant","floor":20.0,"turns":5.0},{"damage":42.0,"enemies":"Slavers","floor":24.0,"turns":6.0},{"damage":1.0,"enemies":"3 Cultists","floor":28.0,"turns":5.0},{"damage":41.0,"enemies":"Gremlin Leader","floor":30.0,"turns":5.0},{"damage":31.0,"enemies":"Centurion and Healer","floor":31.0,"turns":5.0},{"damage":37.0,"enemies":"Automaton","floor":33.0,"turns":8.0},{"damage":14.0,"enemies":"3 Shapes","floor":35.0,"turns":2.0},{"damage":30.0,"enemies":"3 Darklings","floor":39.0,"turns":4.0},{"damage":22,"enemies":"Maw","floor":41,"turns":6},{"damage":3,"enemies":"Sphere and 2 Shapes","floor":45,"turns":5},{"damage":0,"enemies":"Transient","floor":46,"turns":5},{"damage":9,"enemies":"3 Darklings","floor":47,"turns":5},{"damage":62,"enemies":"Writhing Mass","floor":48,"turns":4},{"damage":49,"enemies":"Awakened One","floor":50,"turns":9}],"seed_played":"3670312234418283348","potions_obtained":[{"floor":1.0,"key":"Explosive Potion"},{"floor":5.0,"key":"SteroidPotion"},{"floor":16.0,"key":"Energy Potion"},{"floor":28.0,"key":"AttackPotion"},{"floor":31.0,"key":"BloodPotion"},{"floor":33.0,"key":"Poison Potion"},{"floor":41,"key":"SteroidPotion"},{"floor":45,"key":"Swift Potion"}],"is_trial":false,"path_per_floor":["M","$","?","$","M","R","?","R","T","R","M","R","M","?","R","B",null,"M","M","M","?","?","R","E","R","T","$","M","?","E","M","R","B",null,"M","$","?","$","M","R","M","R","T","R","M","M","M","M","R","B",null],"character_chosen":"IRONCLAD","items_purchased":["Shrug It Off","Cleave","Bottled Tornado","Enlightenment","Fruit Juice"],"campfire_rested":4,"item_purchase_floors":[2,2,27,36,38],"current_hp_per_floor":[80,80,64,64,67,67,80,80,80,80,80,80,80,80,80,39,80,80,79,58,56,56,56,26,42,42,42,56,56,27,14,30,20,56,52,52,52,52,39,39,38,57,57,57,64,64,64,18,38,17],"gold":150,"neow_bonus":"THREE_CARDS","is_prod":false,"is_daily":false,"chose_seed":false,"campfire_upgraded":8,"win_rate":0,"timestamp":1554787729,"path_taken":["M","$","?","$","M","R","?","R","T","R","M","R","?","?","R","BOSS","M","M","?","?","?","R","E","R","T","$","M","?","E","M","R","BOSS","M","$","?","$","?","R","M","R","T","R","M","M","M","M","R","BOSS"],"build_version":"2019-01-23","purchased_purges":0,"victory":true,"max_hp_per_floor":[80,80,80,80,80,80,80,80,80,80,80,80,80,80,80,80,80,80,80,80,56,56,56,56,56,56,56,56,56,56,56,56,56,56,56,56,56,56,61,61,64,64,64,64,64,64,64,68,68,68],"card_choices":[{"not_picked":["Thunderclap","Dual Wield"],"picked":"Iron Wave","floor":0.0},{"not_picked":["Bloodletting","Iron Wave"],"picked":"Metallicize","floor":1.0},{"not_picked":["True Grit","Fire Breathing"],"picked":"Shrug It Off","floor":5.0},{"not_picked":["Havoc","Feel No Pain"],"picked":"Iron Wave","floor":11.0},{"not_picked":["Sever Soul","Havoc"],"picked":"Cleave","floor":13.0},{"not_picked":["Demon Form","Dark Embrace"],"picked":"Impervious","floor":16.0},{"not_picked":["Feel No Pain+1","Clothesline","Rampage"],"picked":"SKIP","floor":18.0},{"not_picked":["Thunderclap+1","Sword Boomerang"],"picked":"Iron Wave","floor":19.0},{"not_picked":["Body Slam","Clash+1"],"picked":"Demon Form","floor":20.0},{"not_picked":["Searing Blow+1","Perfected Strike"],"picked":"Cleave+1","floor":24.0},{"not_picked":["Spot Weakness","Twin Strike"],"picked":"Inflame+1","floor":28.0},{"not_picked":["Disarm","Havoc+1","Anger"],"picked":"SKIP","floor":30.0},{"not_picked":["Disarm+1","Perfected Strike","Heavy Blade+1"],"picked":"SKIP","floor":31.0},{"not_picked":["Dark Embrace","Bludgeon"],"picked":"Feed","floor":33.0},{"not_picked":["Warcry"],"picked":"SKIP","floor":35.0},{"not_picked":[],"picked":"Shockwave","floor":39.0},{"not_picked":["Burning Pact"],"picked":"SKIP","floor":41},{"not_picked":[],"picked":"Heavy Blade","floor":45},{"not_picked":["Clothesline+1"],"picked":"SKIP","floor":46},{"not_picked":[],"picked":"Body Slam","floor":47},{"not_picked":["Wild Strike+1"],"picked":"SKIP","floor":48}],"player_experience":102009,"relics_obtained":[{"floor":9.0,"key":"Vajra"},{"floor":24.0,"key":"Champion Belt"},{"floor":26.0,"key":"Ice Cream"},{"floor":30.0,"key":"Bag of Marbles"},{"floor":43,"key":"Lantern"}],"event_choices":[{"damage_healed":0.0,"max_hp_gain":0.0,"max_hp_loss":0.0,"gold_gain":0.0,"event_name":"Shining Light","player_choice":"Entered Light","floor":3.0,"gold_loss":0.0,"damage_taken":16.0,"cards_upgraded":["Strike_R","Defend_R"]},{"damage_healed":13.0,"max_hp_gain":0.0,"max_hp_loss":0.0,"gold_gain":0.0,"event_name":"Wheel of Change","player_choice":"Full Heal","floor":7.0,"gold_loss":0.0,"damage_taken":0.0},{"damage_healed":0.0,"max_hp_gain":0.0,"max_hp_loss":0.0,"gold_gain":0.0,"cards_transformed":["Bash"],"event_name":"Transmorgrifier","player_choice":"Transformed","floor":14.0,"gold_loss":0.0,"damage_taken":0.0,"cards_obtained":["Demon Form"]},{"damage_healed":0.0,"max_hp_gain":0.0,"max_hp_loss":24.0,"gold_gain":0.0,"event_name":"Vampires","player_choice":"Became a vampire","floor":21.0,"gold_loss":0.0,"damage_taken":0.0,"cards_obtained":["Bite","Bite","Bite","Bite","Bite"]},{"damage_healed":0.0,"max_hp_gain":0.0,"max_hp_loss":0.0,"gold_gain":0.0,"event_name":"Back to Basics","player_choice":"Simplicity","floor":22.0,"gold_loss":0.0,"damage_taken":0.0,"cards_upgraded":["Defend_R","Defend_R","Defend_R"]},{"damage_healed":0.0,"max_hp_gain":0.0,"max_hp_loss":0.0,"gold_gain":0.0,"event_name":"Ghosts","player_choice":"Ignored","floor":29.0,"gold_loss":0.0,"damage_taken":0.0},{"damage_healed":0.0,"max_hp_gain":0.0,"max_hp_loss":0.0,"gold_gain":0.0,"event_name":"Duplicator","player_choice":"Copied","floor":37.0,"gold_loss":0.0,"damage_taken":0.0,"cards_obtained":["Enlightenment"]}],"is_beta":false,"boss_relics":[{"not_picked":["Snecko Eye","Eternal Feather"],"picked":"Runic Dome"},{"not_picked":["Fusion Hammer","Sozu"],"picked":"Busted Crown"}],"items_purged_floors":[],"is_endless":false,"potions_floor_spawned":[1,5,16,19,28,31,33,41,45],"ascension_level":3}