{"gold_per_floor":[118,68,68,15,90,114,39,39,88,136,136,155,155,188,188,188],"floor_reached":16,"playtime":277,"items_purged":["Defend_R"],"score":96,"play_id":"3442dd55-7024-4a30-85c4-4a7ca13a9131","local_time":"20190422143804","is_ascension_mode":false,"campfire_choices":[{"floor":8,"key":"REST"},{"data":"Bash","floor":11,"key":"SMITH"},{"floor":15,"key":"REST"}],"neow_cost":"NONE","seed_source_timestamp":1000476494628692,"circlet_count":0,"master_deck":["Strike_R","Strike_R","Strike_R","Strike_R","Strike_R","Defend_R","Bash+1","Thunderclap","Shrug It Off","Parasite"],"relics":["Burning Blood","Golden Idol","Ancient Tea Set","Bronze Scales","Dodecahedron"],"potions_floor_usage":[14,14],"damage_taken":[{"damage":17,"enemies":"Small Slimes","floor":1,"turns":3},{"damage":9,"enemies":"2 Louse","floor":6,"turns":3},{"damage":3,"enemies":"Jaw Worm","floor":12,"turns":2},{"damage":24,"enemies":"Lagavulin","floor":14,"turns":6},{"damage":80,"enemies":"The Guardian","floor":16,"turns":8}],"seed_played":"-3173408067038686955","potions_obtained":[{"floor":1,"key":"Energy Potion"},{"floor":6,"key":"Weak Potion"},{"floor":12,"key":"SpeedPotion"}],"is_trial":false,"path_per_floor":["M","?","?","$","?","M","$","R","T","T","R","M","?","E","R","B"],"character_chosen":"IRONCLAD","items_purchased":["Shrug It Off"],"campfire_rested":2,"item_purchase_floors":[4],"current_hp_per_floor":[69,69,49,49,38,35,35,59,59,59,59,62,80,62,80,0],"gold":188,"neow_bonus":"TRANSFORM_CARD","is_prod":false,"is_daily":false,"chose_seed":false,"campfire_upgraded":1,"win_rate":0,"timestamp":1555936684,"path_taken":["M","?","?","$","?","M","$","R","T","?","R","?","?","E","R","BOSS"],"build_version":"2019-01-23","purchased_purges":1,"victory":false,"max_hp_per_floor":[80,80,80,80,80,80,80,80,80,80,80,80,80,80,80,80],"card_choices":[{"not_picked":["Feel No Pain","Body Slam","Armaments"],"picked":"SKIP","floor":1},{"not_picked":["Iron Wave","Inflame","Fire Breathing"],"picked":"SKIP","floor":6},{"not_picked":["Body Slam","Ghostly Armor","Carnage"],"picked":"SKIP","floor":12},{"not_picked":["Perfected Strike","Warcry","Heavy Blade"],"picked":"SKIP","floor":14}],"player_experience":142612,"relics_obtained":[{"floor":9,"key":"Ancient Tea Set"},{"floor":10,"key":"Bronze Scales"},{"floor":14,"key":"Dodecahedron"}],"event_choices":[{"cards_removed":["Defend_R"],"damage_healed":0,"gold_gain":0,"player_choice":"Card Removal","damage_taken":0,"max_hp_gain":0,"max_hp_loss":0,"event_name":"The Cleric","floor":2,"gold_loss":50},{"damage_healed":0,"gold_gain":0,"player_choice":"Take Damage","damage_taken":20,"relics_obtained":["Golden Idol"],"max_hp_gain":0,"max_hp_loss":0,"event_name":"Golden Idol","floor":3,"gold_loss":0},{"damage_healed":0,"gold_gain":75,"player_choice":"Gather Gold","damage_taken":11,"max_hp_gain":0,"max_hp_loss":0,"event_name":"World of Goop","floor":5,"gold_loss":0},{"damage_healed":20,"gold_gain":0,"player_choice":"Healed and dodged fight","damage_taken":0,"max_hp_gain":0,"max_hp_loss":0,"event_name":"Mushrooms","floor":13,"gold_loss":0,"cards_obtained":["Parasite"]}],"is_beta":false,"boss_relics":[],"items_purged_floors":[7],"is_endless":false,"potions_floor_spawned":[1,6,12],"killed_by":"The Guardian","ascension_level":0}