{"gold_per_floor":[113,128,203,215,226,226,260,260,260,42,61,61,75,75,75,176,176,188,200,21,21,32,59,59,59,59,59,59],"floor_reached":28,"playtime":1326,"items_purged":["Strike_G","Strike_G"],"score":345,"play_id":"d0e40a40-2e88-476c-90f3-35e67978eb61","local_time":"20190518091942","is_ascension_mode":true,"campfire_choices":[{"data":"Bouncing Flask","floor":6.0,"key":"SMITH"},{"floor":12.0,"key":"REST"},{"data":"Catalyst","floor":15.0,"key":"SMITH"},{"floor":25,"key":"REST"}],"neow_cost":"NONE","seed_source_timestamp":0,"circlet_count":0,"master_deck":["Defend_G+1","Defend_G+1","Defend_G+1","Defend_G+1","Defend_G+1","Strike_G+1","Strike_G+1","Strike_G+1","Survivor","Neutralize","Poisoned Stab","Bouncing Flask+1","Quick Slash","Calculated Gamble","Footwork","Catalyst+1","Cloak And Dagger","Caltrops","Corpse Explosion","Bouncing Flask+1","Noxious Fumes","Skewer","Deflect+1","Terror"],"special_seed":0,"relics":["Ring of the Snake","NeowsBlessing","Ancient Tea Set","Letter Opener","Shuriken","Bottled Lightning","White Beast Statue","Paper Crane","Blue Candle"],"potions_floor_usage":[22,22,23,28,28],"damage_taken":[{"damage":0.0,"enemies":"Small Slimes","floor":1.0,"turns":1.0},{"damage":0.0,"enemies":"Cultist","floor":2.0,"turns":1.0},{"damage":0.0,"enemies":"Jaw Worm","floor":4.0,"turns":1.0},{"damage":3.0,"enemies":"Blue Slaver","floor":5.0,"turns":5.0},{"damage":12.0,"enemies":"Gremlin Nob","floor":7.0,"turns":3.0},{"damage":1.0,"enemies":"Exordium Thugs","floor":11.0,"turns":4.0},{"damage":0.0,"enemies":"2 Fungi Beasts","floor":13.0,"turns":3.0},{"damage":27.0,"enemies":"Hexaghost","floor":16.0,"turns":7.0},{"damage":10,"enemies":"Shell Parasite","floor":18,"turns":3},{"damage":0,"enemies":"Spheric Guardian","floor":19,"turns":2},{"damage":15,"enemies":"Centurion and Healer","floor":22,"turns":9},{"damage":25,"enemies":"Slavers","floor":23,"turns":4},{"damage":19,"enemies":"Sentry and Sphere","floor":28,"turns":6}],"seed_played":"3423524111929376996","potions_obtained":[{"floor":1.0,"key":"FearPotion"},{"floor":2.0,"key":"EssenceOfSteel"},{"floor":4.0,"key":"FearPotion"},{"floor":16.0,"key":"Block Potion"},{"floor":18,"key":"Swift Potion"},{"floor":19,"key":"SkillPotion"},{"floor":22,"key":"AttackPotion"},{"floor":23,"key":"Block Potion"}],"is_trial":false,"path_per_floor":["M","M","?","M","M","R","E","?","T","$","M","R","M","T","R","B",null,"M","M","$","?","M","E","?","R","T","?","M"],"character_chosen":"THE_SILENT","items_purchased":["Footwork","Catalyst","Skewer"],"campfire_rested":2,"item_purchase_floors":[10,10,20],"current_hp_per_floor":[63,63,56,56,53,53,41,23,23,23,22,43,43,43,43,16,57,47,47,47,47,32,7,7,28,28,15,0],"gold":59,"neow_bonus":"THREE_ENEMY_KILL","is_prod":false,"is_daily":false,"chose_seed":false,"campfire_upgraded":2,"win_rate":0,"timestamp":1558196382,"path_taken":["M","M","?","?","M","R","E","?","T","$","M","R","M","?","R","BOSS","M","M","$","?","M","E","?","R","T","?","M"],"build_version":"2019-01-23","purchased_purges":2,"victory":false,"max_hp_per_floor":[70,70,70,70,70,70,70,70,70,70,70,70,70,70,70,70,70,70,70,70,70,70,70,70,70,70,75,75],"card_choices":[{"not_picked":["Choke","Sucker Punch"],"picked":"Poisoned Stab","floor":1.0},{"not_picked":["Predator","PiercingWail"],"picked":"Bouncing Flask","floor":2.0},{"not_picked":["Deadly Poison","Outmaneuver"],"picked":"Quick Slash","floor":4.0},{"not_picked":["Blade Dance","Outmaneuver","Prepared"],"picked":"SKIP","floor":5.0},{"not_picked":["Acrobatics","Outmaneuver"],"picked":"Calculated Gamble","floor":7.0},{"not_picked":["Backflip","Expertise"],"picked":"Cloak And Dagger","floor":11.0},{"not_picked":["Blade Dance","Flechettes"],"picked":"Caltrops","floor":13.0},{"not_picked":["A Thousand Cuts","Phantasmal Killer"],"picked":"Corpse Explosion","floor":16.0},{"not_picked":["Escape Plan","Dagger Throw+1"],"picked":"Bouncing Flask+1","floor":18},{"not_picked":["Prepared","Sucker Punch+1"],"picked":"Noxious Fumes","floor":19},{"not_picked":["Terror","Flying Knee+1"],"picked":"Deflect+1","floor":22},{"not_picked":["Quick Slash","Corpse Explosion"],"picked":"Terror","floor":23}],"player_experience":761607,"relics_obtained":[{"floor":7.0,"key":"Ancient Tea Set"},{"floor":9.0,"key":"Shuriken"},{"floor":14.0,"key":"Bottled Lightning"},{"floor":23,"key":"Paper Crane"},{"floor":26,"key":"Blue Candle"}],"event_choices":[{"damage_healed":0.0,"max_hp_gain":0.0,"max_hp_loss":0.0,"gold_gain":75.0,"event_name":"FaceTrader","player_choice":"Touch","floor":3.0,"gold_loss":0.0,"damage_taken":7.0},{"damage_healed":0.0,"max_hp_gain":0.0,"max_hp_loss":0.0,"gold_gain":0.0,"event_name":"Scrap Ooze","player_choice":"Success","floor":8.0,"gold_loss":0.0,"damage_taken":18.0,"relics_obtained":["Letter Opener"]},{"damage_healed":0,"gold_gain":0,"player_choice":"Simplicity","damage_taken":0,"max_hp_gain":0,"max_hp_loss":0,"event_name":"Back to Basics","floor":21,"gold_loss":0,"cards_upgraded":["Defend_G","Defend_G","Defend_G","Defend_G","Defend_G","Strike_G","Strike_G","Strike_G"]},{"damage_healed":0,"gold_gain":0,"player_choice":"Ignored","damage_taken":0,"max_hp_gain":0,"max_hp_loss":0,"event_name":"Beggar","floor":24,"gold_loss":0},{"damage_healed":0,"gold_gain":0,"player_choice":"Shed Blood","damage_taken":18,"max_hp_gain":5,"max_hp_loss":0,"event_name":"Forgotten Altar","floor":27,"gold_loss":0}],"is_beta":false,"boss_relics":[{"not_picked":["Busted Crown","Calling Bell"],"picked":"White Beast Statue"}],"items_purged_floors":[10,20],"is_endless":false,"potions_floor_spawned":[1,2,4,16,18,19,22,23],"killed_by":"Sentry and Sphere","ascension_level":9}