{"gold_per_floor":[111,36,56,73,93,109,9,9,9,9,22,22,22,22,22,122,122,136,235,160,172,192,192],"floor_reached":23,"playtime":573,"items_purged":["Defend_R","Defend_R"],"score":183,"play_id":"d966c09a-1e52-47a8-9b09-144c5e0c0dcb","local_time":"20190428223447","is_ascension_mode":false,"campfire_choices":[{"data":"Bash","floor":8,"key":"SMITH"},{"data":"Shrug It Off","floor":10,"key":"SMITH"},{"data":"Strike_R","floor":12,"key":"SMITH"},{"floor":15,"key":"REST"}],"neow_cost":"NONE","seed_source_timestamp":1547182273528186,"circlet_count":0,"master_deck":["Strike_R+1","Strike_R","Strike_R+1","Strike_R","Defend_R+1","Bash+1","Shrug It Off+1"],"relics":["Burning Blood","NeowsBlessing","Bottled Flame","Philosopher\u0027s Stone"],"potions_floor_usage":[16,16,23],"damage_taken":[{"damage":0,"enemies":"Cultist","floor":1,"turns":1},{"damage":0,"enemies":"Small Slimes","floor":3,"turns":1},{"damage":0,"enemies":"2 Louse","floor":4,"turns":1},{"damage":18,"enemies":"Blue Slaver","floor":5,"turns":4},{"damage":3,"enemies":"Exordium Wildlife","floor":6,"turns":4},{"damage":0,"enemies":"3 Louse","floor":11,"turns":3},{"damage":66,"enemies":"Hexaghost","floor":16,"turns":10},{"damage":16,"enemies":"2 Thieves","floor":18,"turns":4},{"damage":8,"enemies":"Spheric Guardian","floor":21,"turns":4},{"damage":30,"enemies":"Shelled Parasite and Fungi","floor":22,"turns":6},{"damage":24,"enemies":"Slavers","floor":23,"turns":2}],"seed_played":"6018909852222698673","potions_obtained":[{"floor":3,"key":"LiquidBronze"},{"floor":11,"key":"Swift Potion"},{"floor":16,"key":"SneckoOil"}],"is_trial":false,"path_per_floor":["M","$","M","M","M","M","$","R","T","R","M","R","?","?","R","B",null,"M","?","?","M","M","E"],"character_chosen":"IRONCLAD","items_purchased":[],"campfire_rested":1,"item_purchase_floors":[],"current_hp_per_floor":[80,80,80,80,68,71,71,71,71,71,77,77,61,61,80,20,80,70,70,70,68,44,20],"gold":192,"neow_bonus":"THREE_ENEMY_KILL","is_prod":false,"is_daily":false,"chose_seed":false,"campfire_upgraded":3,"win_rate":0,"timestamp":1556483687,"path_taken":["M","$","M","M","M","?","$","R","T","R","M","R","?","?","R","BOSS","M","?","?","?","M","E"],"build_version":"2019-01-23","purchased_purges":2,"victory":false,"max_hp_per_floor":[80,80,80,80,80,80,80,80,80,80,80,80,80,80,80,80,80,80,80,80,80,80,80],"card_choices":[{"not_picked":["Perfected Strike","True Grit","Burning Pact"],"picked":"SKIP","floor":1},{"not_picked":["Clothesline","Wild Strike"],"picked":"Shrug It Off","floor":3},{"not_picked":["Metallicize","Clothesline","Evolve"],"picked":"SKIP","floor":4},{"not_picked":["Perfected Strike","Carnage","Iron Wave"],"picked":"SKIP","floor":5},{"not_picked":["Headbutt","Carnage","Sword Boomerang"],"picked":"SKIP","floor":6},{"not_picked":["Warcry","Twin Strike","Iron Wave"],"picked":"SKIP","floor":11},{"not_picked":["Evolve+1","Dual Wield","Warcry"],"picked":"SKIP","floor":18},{"not_picked":["True Grit","Disarm","Feel No Pain"],"picked":"SKIP","floor":21},{"not_picked":["Rage","Body Slam","Shrug It Off"],"picked":"SKIP","floor":22}],"player_experience":151488,"relics_obtained":[{"floor":9,"key":"Bottled Flame"}],"event_choices":[{"damage_healed":0,"gold_gain":0,"player_choice":"Entered Light","damage_taken":16,"max_hp_gain":0,"max_hp_loss":0,"event_name":"Shining Light","floor":13,"gold_loss":0,"cards_upgraded":["Defend_R","Strike_R"]},{"cards_removed":["Defend_R"],"damage_healed":0,"gold_gain":0,"player_choice":"Forget","damage_taken":0,"max_hp_gain":0,"max_hp_loss":0,"event_name":"Living Wall","floor":14,"gold_loss":0},{"damage_healed":0,"gold_gain":99,"player_choice":"Stole From Cult","damage_taken":0,"max_hp_gain":0,"max_hp_loss":0,"event_name":"Nest","floor":19,"gold_loss":0},{"cards_removed":["Strike_R"],"damage_healed":0,"gold_gain":0,"player_choice":"Gave Gold","damage_taken":0,"max_hp_gain":0,"max_hp_loss":0,"event_name":"Beggar","floor":20,"gold_loss":75}],"is_beta":false,"boss_relics":[{"not_picked":["Mark of Pain","Runic Dome"],"picked":"Philosopher\u0027s Stone"}],"items_purged_floors":[2,7],"is_endless":false,"potions_floor_spawned":[3,11,16],"killed_by":"Slavers","ascension_level":0}