{"gold_per_floor":[111,111,61,77,95,95,124,124,124,124,124,153,1,26,26,127,127,139,91,105,125,160,191,207,219,219,219,231,258,258,258,258,258],"floor_reached":33,"playtime":2077,"items_purged":[],"score":454,"play_id":"6874ccb4-a9bd-4e68-9f1a-bb34d5c93811","local_time":"20190617112546","is_ascension_mode":true,"campfire_choices":[{"data":"Deadly Poison","floor":6.0,"key":"SMITH"},{"floor":8.0,"key":"REST"},{"data":"Crippling Poison","floor":10.0,"key":"SMITH"},{"data":"Survivor","floor":15.0,"key":"SMITH"},{"floor":27,"key":"REST"},{"data":"Crippling Poison","floor":32,"key":"SMITH"}],"neow_cost":"NONE","seed_source_timestamp":0,"circlet_count":0,"master_deck":["AscendersBane","Defend_G","Defend_G","Defend_G","Defend_G","Defend_G","Strike_G","Strike_G","Strike_G","Strike_G","Survivor+1","Neutralize+1","Deadly Poison+1","Slice+1","Crippling Poison+1","Die Die Die","Bullet Time","Crippling Poison+1","PiercingWail","Flying Knee+1","Outmaneuver","Bullet Time","Necronomicurse"],"special_seed":0,"relics":["Ring of the Snake","Pocketwatch","Bag of Marbles","Matryoshka","Regal Pillow","Anchor","Odd Mushroom","Runic Pyramid","Red Mask","Bottled Flame","Meat on the Bone","Turnip","Strawberry","Necronomicon"],"potions_floor_usage":[22,22,29,33],"damage_taken":[{"damage":3.0,"enemies":"Jaw Worm","floor":1.0,"turns":4.0},{"damage":0.0,"enemies":"Small Slimes","floor":4.0,"turns":3.0},{"damage":0.0,"enemies":"2 Louse","floor":5.0,"turns":3.0},{"damage":21.0,"enemies":"Lagavulin","floor":7.0,"turns":6.0},{"damage":2.0,"enemies":"3 Sentries","floor":12.0,"turns":7.0},{"damage":6.0,"enemies":"The Mushroom Lair","floor":14.0,"turns":3.0},{"damage":4.0,"enemies":"The Guardian","floor":16.0,"turns":11.0},{"damage":0.0,"enemies":"Shell Parasite","floor":18.0,"turns":5.0},{"damage":0.0,"enemies":"2 Thieves","floor":20.0,"turns":4.0},{"damage":8,"enemies":"Centurion and Healer","floor":21,"turns":5},{"damage":9,"enemies":"Masked Bandits","floor":22,"turns":4},{"damage":17,"enemies":"Book of Stabbing","floor":23,"turns":6},{"damage":0,"enemies":"Sentry and Sphere","floor":24,"turns":3},{"damage":1,"enemies":"3 Cultists","floor":25,"turns":4},{"damage":0,"enemies":"Snake Plant","floor":28,"turns":5},{"damage":4,"enemies":"Gremlin Leader","floor":29,"turns":8},{"damage":62,"enemies":"Automaton","floor":33,"turns":12}],"seed_played":"-4035756254229939765","potions_obtained":[{"floor":5.0,"key":"SkillPotion"},{"floor":12.0,"key":"Strength Potion"},{"floor":14.0,"key":"SkillPotion"},{"floor":23,"key":"Weak Potion"},{"floor":24,"key":"SpeedPotion"}],"is_trial":false,"path_per_floor":["M","?","?","M","M","R","E","R","T","R","?","E","$","?","R","B",null,"M","$","M","M","?","E","M","M","T","R","M","E","?","?","R","B"],"character_chosen":"THE_SILENT","items_purchased":["Anchor","PiercingWail"],"campfire_rested":2,"item_purchase_floors":[13,19],"current_hp_per_floor":[60,53,53,53,53,53,32,53,53,53,53,51,51,45,45,41,63,63,63,63,55,46,29,29,28,28,64,64,67,51,51,51,0],"gold":258,"neow_bonus":"UPGRADE_CARD","is_prod":false,"is_daily":false,"chose_seed":false,"campfire_upgraded":4,"win_rate":0,"timestamp":1560781546,"path_taken":["M","?","?","M","?","R","E","R","T","R","?","E","$","?","R","BOSS","M","$","M","M","?","E","M","M","T","R","M","E","?","?","R","BOSS"],"build_version":"2019-01-23","purchased_purges":0,"victory":false,"max_hp_per_floor":[70,70,70,70,70,70,70,70,70,70,70,70,70,70,70,70,70,70,70,70,70,70,70,70,70,70,70,70,77,77,77,77,77],"card_choices":[{"not_picked":["Expertise","Endless Agony"],"picked":"Deadly Poison","floor":1.0},{"not_picked":["Deadly Poison","Bane"],"picked":"Slice","floor":4.0},{"not_picked":["Tactician","Concentrate","Bane"],"picked":"SKIP","floor":5.0},{"not_picked":["Dagger Spray","Underhanded Strike"],"picked":"Crippling Poison","floor":7.0},{"not_picked":["Flying Knee","Calculated Gamble"],"picked":"Die Die Die","floor":12.0},{"not_picked":["Burst","Adrenaline"],"picked":"Bullet Time","floor":16.0},{"not_picked":["Crippling Poison","Dagger Spray","Acrobatics"],"picked":"SKIP","floor":18.0},{"not_picked":["Dagger Spray","Acrobatics"],"picked":"Crippling Poison","floor":18.0},{"not_picked":["Deadly Poison","Dagger Spray"],"picked":"Flying Knee+1","floor":20},{"not_picked":["Leg Sweep","Acrobatics","Poisoned Stab"],"picked":"SKIP","floor":21},{"not_picked":["Endless Agony","Poisoned Stab"],"picked":"Outmaneuver","floor":23},{"not_picked":["Cloak And Dagger+1","Underhanded Strike","Masterful Stab"],"picked":"SKIP","floor":24},{"not_picked":["Masterful Stab","Blade Dance","Dagger Throw"],"picked":"SKIP","floor":25},{"not_picked":["Dagger Spray","Dash","Outmaneuver+1"],"picked":"SKIP","floor":28},{"not_picked":["Cloak And Dagger","Flechettes"],"picked":"Bullet Time","floor":29}],"player_experience":1074208,"relics_obtained":[{"floor":7.0,"key":"Bag of Marbles"},{"floor":9.0,"key":"Matryoshka"},{"floor":12.0,"key":"Regal Pillow"},{"floor":14.0,"key":"Odd Mushroom"},{"floor":22,"key":"Red Mask"},{"floor":23,"key":"Bottled Flame"},{"floor":26,"key":"Meat on the Bone"},{"floor":26,"key":"Turnip"},{"floor":29,"key":"Strawberry"},{"floor":30,"key":"Necronomicon"}],"event_choices":[{"damage_healed":0.0,"max_hp_gain":0.0,"max_hp_loss":0.0,"gold_gain":0.0,"event_name":"Scrap Ooze","player_choice":"Success","floor":2.0,"gold_loss":0.0,"damage_taken":7.0,"relics_obtained":["Pocketwatch"]},{"cards_removed":["Strike_G"],"damage_healed":0.0,"max_hp_gain":0.0,"max_hp_loss":0.0,"gold_gain":0.0,"event_name":"The Cleric","player_choice":"Card Removal","floor":3.0,"gold_loss":50.0,"damage_taken":0.0},{"damage_healed":0.0,"max_hp_gain":0.0,"max_hp_loss":0.0,"gold_gain":0.0,"event_name":"Living Wall","player_choice":"Grow","floor":11.0,"gold_loss":0.0,"damage_taken":0.0,"cards_upgraded":["Slice"]},{"damage_healed":0.0,"max_hp_gain":0.0,"max_hp_loss":0.0,"gold_gain":0.0,"event_name":"Mushrooms","player_choice":"Fought Mushrooms","floor":14.0,"gold_loss":0.0,"damage_taken":0.0},{"damage_healed":0,"gold_gain":0,"player_choice":"Fought Bandits","damage_taken":0,"max_hp_gain":0,"max_hp_loss":0,"event_name":"Masked Bandits","floor":22,"gold_loss":0},{"damage_healed":0,"gold_gain":0,"player_choice":"Obtained Book","damage_taken":16,"max_hp_gain":0,"max_hp_loss":0,"event_name":"Cursed Tome","floor":30,"gold_loss":0},{"damage_healed":0,"gold_gain":0,"player_choice":"Ignored","damage_taken":0,"max_hp_gain":0,"max_hp_loss":0,"event_name":"Vampires","floor":31,"gold_loss":0}],"is_beta":false,"boss_relics":[{"not_picked":["Busted Crown","Lizard Tail"],"picked":"Runic Pyramid"}],"items_purged_floors":[],"is_endless":false,"potions_floor_spawned":[5,12,14,20,23,24,25],"killed_by":"Automaton","ascension_level":11}