{"gold_per_floor":[116,116,130,130,205,205,240,251,251,251,266,292,292,39,39,134,134,145,145,145,72,87,119,119],"floor_reached":24,"playtime":1179,"items_purged":[],"score":244,"play_id":"3e0ae446-e2d4-42bb-a0a4-85393af76939","local_time":"20190526094437","is_ascension_mode":true,"campfire_choices":[{"floor":6,"key":"REST"},{"floor":10,"key":"REST"},{"floor":15,"key":"REST"}],"neow_cost":"PERCENT_DAMAGE","seed_source_timestamp":698081068417561,"circlet_count":0,"master_deck":["Strike_B","Strike_B","Strike_B","Defend_B","Defend_B","Defend_B","Defend_B","Zap","Dualcast","Dark Shackles","Panacea","Defragment","Chill","Capacitor","Coolheaded","Conserve Battery","Buffer","Redo+1","Sweeping Beam","Pain","Zap","Storm","Consume"],"relics":["Cracked Core","Mummified Hand","Art of War","Mercury Hourglass","Singing Bowl","Cursed Key","Omamori"],"potions_floor_usage":[16,23],"damage_taken":[{"damage":1,"enemies":"Small Slimes","floor":1,"turns":3},{"damage":1,"enemies":"Cultist","floor":3,"turns":3},{"damage":44,"enemies":"Gremlin Nob","floor":7,"turns":5},{"damage":9,"enemies":"2 Louse","floor":8,"turns":2},{"damage":12,"enemies":"Large Slime","floor":11,"turns":8},{"damage":5,"enemies":"3 Sentries","floor":12,"turns":12},{"damage":16,"enemies":"Hexaghost","floor":16,"turns":12},{"damage":4,"enemies":"Shell Parasite","floor":18,"turns":8},{"damage":10,"enemies":"Chosen","floor":22,"turns":5},{"damage":42,"enemies":"Book of Stabbing","floor":23,"turns":7},{"damage":31,"enemies":"Centurion and Healer","floor":24,"turns":9}],"seed_played":"1591337270843143624","potions_obtained":[{"floor":8,"key":"Poison Potion"},{"floor":11,"key":"FearPotion"},{"floor":18,"key":"Poison Potion"},{"floor":22,"key":"Fire Potion"}],"is_trial":false,"path_per_floor":["M","?","M","?","?","R","E","M","T","R","M","E","?","$","R","B",null,"M","?","?","$","M","E","M"],"character_chosen":"DEFECT","items_purchased":["Singing Bowl","Storm"],"campfire_rested":3,"item_purchase_floors":[14,21],"current_hp_per_floor":[53,53,52,52,41,63,19,10,10,32,20,15,15,15,37,21,75,71,71,71,71,61,21,0],"gold":119,"neow_bonus":"RANDOM_COLORLESS_2","is_prod":false,"is_daily":false,"chose_seed":false,"campfire_upgraded":0,"win_rate":0,"timestamp":1558874677,"path_taken":["M","?","?","?","?","R","E","M","T","R","M","E","?","$","R","BOSS","M","?","?","$","M","E","?"],"build_version":"2019-01-23","purchased_purges":0,"victory":false,"max_hp_per_floor":[75,75,75,75,75,75,75,75,75,75,75,75,75,75,75,75,75,75,75,75,75,75,77,77],"card_choices":[{"not_picked":["Streamline","Barrage"],"picked":"Defragment","floor":1},{"not_picked":["Streamline","Auto Shields"],"picked":"Chill","floor":3},{"not_picked":["Steam","Lockon"],"picked":"Capacitor","floor":7},{"not_picked":["Gash","Redo","Beam Cell"],"picked":"SKIP","floor":8},{"not_picked":["Steam","Genetic Algorithm"],"picked":"Coolheaded","floor":11},{"not_picked":["Capacitor","Gash"],"picked":"Conserve Battery","floor":12},{"not_picked":["Rainbow","Seek"],"picked":"Buffer","floor":16},{"not_picked":["Beam Cell","Scrape+1"],"picked":"Redo+1","floor":18},{"not_picked":["Redo","Turbo"],"picked":"Consume","floor":22},{"not_picked":["Auto Shields","Conserve Battery","Chaos"],"picked":"Singing Bowl","floor":23}],"player_experience":784902,"relics_obtained":[{"floor":7,"key":"Mummified Hand"},{"floor":9,"key":"Art of War"},{"floor":12,"key":"Mercury Hourglass"},{"floor":23,"key":"Omamori"}],"event_choices":[{"cards_removed":["Strike_B"],"damage_healed":0,"gold_gain":0,"player_choice":"Offered Basic","damage_taken":0,"max_hp_gain":0,"max_hp_loss":0,"event_name":"Bonfire Elementals","floor":2,"gold_loss":0},{"damage_healed":0,"gold_gain":0,"player_choice":"Ignored","damage_taken":0,"max_hp_gain":0,"max_hp_loss":0,"event_name":"Liars Game","floor":4,"gold_loss":0},{"damage_healed":0,"gold_gain":75,"player_choice":"Gather Gold","damage_taken":11,"max_hp_gain":0,"max_hp_loss":0,"event_name":"World of Goop","floor":5,"gold_loss":0},{"damage_healed":0,"gold_gain":0,"player_choice":"Ignored","damage_taken":0,"max_hp_gain":0,"max_hp_loss":0,"event_name":"Shining Light","floor":13,"gold_loss":0},{"damage_healed":0,"gold_gain":0,"player_choice":"Read","damage_taken":0,"max_hp_gain":0,"max_hp_loss":0,"event_name":"The Library","floor":19,"gold_loss":0,"cards_obtained":["Sweeping Beam"]},{"damage_healed":0,"gold_gain":0,"player_choice":"2 cards matched","damage_taken":0,"max_hp_gain":0,"max_hp_loss":0,"event_name":"Match and Keep!","floor":20,"gold_loss":0,"cards_obtained":["Pain","Zap"]}],"is_beta":false,"boss_relics":[{"not_picked":["Runic Dome","Calling Bell"],"picked":"Cursed Key"}],"items_purged_floors":[],"is_endless":false,"potions_floor_spawned":[8,11,18,22],"killed_by":"Centurion and Healer","ascension_level":2}