{"gold_per_floor":[113,132,57,157,172,172,191,208,265,165,265,279,279,299,299,299],"floor_reached":16,"playtime":304,"items_purged":["Defend_R","Defend_R"],"score":94,"play_id":"fdfedf82-939c-45b2-b91b-7b61b8bebfe5","local_time":"20190418182942","is_ascension_mode":false,"campfire_choices":[{"floor":13,"key":"REST"},{"floor":15,"key":"REST"}],"neow_cost":"NONE","seed_source_timestamp":668747510394127,"circlet_count":0,"master_deck":["Strike_R","Strike_R","Strike_R","Strike_R","Strike_R","Defend_R","Defend_R","Bash+1","Whirlwind","Flex"],"relics":["Burning Blood","Singing Bowl","Tiny Chest"],"potions_floor_usage":[8,16,16],"damage_taken":[{"damage":6,"enemies":"Cultist","floor":1,"turns":3},{"damage":18,"enemies":"Jaw Worm","floor":2,"turns":3},{"damage":3,"enemies":"Small Slimes","floor":5,"turns":3},{"damage":15,"enemies":"Looter","floor":7,"turns":3},{"damage":32,"enemies":"Large Slime","floor":8,"turns":5},{"damage":19,"enemies":"2 Fungi Beasts","floor":12,"turns":3},{"damage":29,"enemies":"Gremlin Gang","floor":14,"turns":5},{"damage":72,"enemies":"Hexaghost","floor":16,"turns":9}],"seed_played":"4883718508092603623","potions_obtained":[{"floor":5,"key":"EssenceOfSteel"},{"floor":8,"key":"Regen Potion"},{"floor":12,"key":"Poison Potion"}],"is_trial":false,"path_per_floor":["M","M","$","?","M","T","M","M","T","$","?","M","R","M","R","B"],"character_chosen":"IRONCLAD","items_purchased":[],"campfire_rested":2,"item_purchase_floors":[],"current_hp_per_floor":[80,68,68,68,71,71,64,40,40,40,40,29,54,31,56,0],"gold":299,"neow_bonus":"UPGRADE_CARD","is_prod":false,"is_daily":false,"chose_seed":false,"campfire_upgraded":0,"win_rate":0,"timestamp":1555604982,"path_taken":["M","M","$","?","?","?","M","?","T","$","?","M","R","M","R","BOSS"],"build_version":"2019-01-23","purchased_purges":2,"victory":false,"max_hp_per_floor":[80,80,80,80,80,80,82,84,84,84,84,86,86,86,86,86],"card_choices":[{"not_picked":["Heavy Blade","Flame Barrier","Anger"],"picked":"SKIP","floor":1},{"not_picked":["Body Slam","Heavy Blade","Cleave"],"picked":"SKIP","floor":2},{"not_picked":["Dropkick","Perfected Strike"],"picked":"Whirlwind","floor":5},{"not_picked":["Cleave","Thunderclap","Body Slam"],"picked":"Singing Bowl","floor":7},{"not_picked":["Perfected Strike","Burning Pact","Headbutt"],"picked":"Singing Bowl","floor":8},{"not_picked":["Corruption","Burning Pact","Barricade"],"picked":"Singing Bowl","floor":12},{"not_picked":["Clothesline","Body Slam"],"picked":"Flex","floor":14}],"player_experience":126187,"relics_obtained":[{"floor":6,"key":"Singing Bowl"},{"floor":9,"key":"Tiny Chest"}],"event_choices":[{"damage_healed":0,"gold_gain":100,"player_choice":"Gold","damage_taken":0,"max_hp_gain":0,"max_hp_loss":0,"event_name":"Wheel of Change","floor":4,"gold_loss":0},{"damage_healed":0,"gold_gain":100,"player_choice":"Pray","damage_taken":0,"max_hp_gain":0,"max_hp_loss":0,"event_name":"Golden Shrine","floor":11,"gold_loss":0}],"is_beta":false,"boss_relics":[],"items_purged_floors":[3,10],"is_endless":false,"potions_floor_spawned":[5,8,12],"killed_by":"Hexaghost","ascension_level":0}