{"gold_per_floor":[13,13,13,13,33,33,33,56,56,80,94,115,115,190,190,190],"floor_reached":16,"playtime":400,"items_purged":[],"score":92,"play_id":"c2386f9e-aee4-4c1e-92da-7d8100b4ac26","local_time":"20190428224138","is_ascension_mode":false,"campfire_choices":[{"data":"Bash","floor":6,"key":"SMITH"},{"floor":15,"key":"REST"}],"neow_cost":"NO_GOLD","seed_source_timestamp":1547768015855471,"circlet_count":0,"master_deck":["Strike_R","Strike_R","Strike_R","Strike_R","Strike_R","Defend_R","Bash+1","Pommel Strike","Dropkick","Shrug It Off"],"relics":["Burning Blood","Golden Idol","Bottled Flame"],"potions_floor_usage":[16,16],"damage_taken":[{"damage":10,"enemies":"Small Slimes","floor":1,"turns":4},{"damage":6,"enemies":"Jaw Worm","floor":5,"turns":3},{"damage":8,"enemies":"2 Louse","floor":8,"turns":2},{"damage":8,"enemies":"Red Slaver","floor":10,"turns":2},{"damage":46,"enemies":"Gremlin Gang","floor":11,"turns":4},{"damage":19,"enemies":"Large Slime","floor":12,"turns":7},{"damage":50,"enemies":"Hexaghost","floor":16,"turns":10}],"seed_played":"-7371249750692913360","potions_obtained":[{"floor":1,"key":"Weak Potion"},{"floor":11,"key":"SpeedPotion"},{"floor":12,"key":"Regen Potion"}],"is_trial":false,"path_per_floor":["M","?","?","?","M","R","$","M","T","M","M","M","?","?","R","B"],"character_chosen":"IRONCLAD","items_purchased":[],"campfire_rested":1,"item_purchase_floors":[],"current_hp_per_floor":[76,74,79,79,79,79,79,77,77,75,35,22,22,11,34,0],"gold":190,"neow_bonus":"REMOVE_TWO","is_prod":false,"is_daily":false,"chose_seed":false,"campfire_upgraded":1,"win_rate":0,"timestamp":1556484098,"path_taken":["M","?","?","?","M","R","$","?","T","?","M","M","?","?","R","BOSS"],"build_version":"2019-01-23","purchased_purges":0,"victory":false,"max_hp_per_floor":[80,74,79,79,79,79,79,79,79,79,79,79,79,79,79,79],"card_choices":[{"not_picked":["Fire Breathing","Wild Strike","Armaments"],"picked":"SKIP","floor":1},{"not_picked":["Carnage","Bloodletting","True Grit"],"picked":"SKIP","floor":5},{"not_picked":["Blood for Blood","Flame Barrier"],"picked":"Dropkick","floor":8},{"not_picked":["Headbutt","Heavy Blade","Sever Soul"],"picked":"SKIP","floor":10},{"not_picked":["Searing Blow","Wild Strike","Perfected Strike"],"picked":"SKIP","floor":11},{"not_picked":["Pommel Strike","Thunderclap"],"picked":"Shrug It Off","floor":12}],"player_experience":152061,"relics_obtained":[{"floor":9,"key":"Bottled Flame"}],"event_choices":[{"damage_healed":0,"gold_gain":0,"player_choice":"Lose Max HP","damage_taken":0,"relics_obtained":["Golden Idol"],"max_hp_gain":0,"max_hp_loss":6,"event_name":"Golden Idol","floor":2,"gold_loss":0},{"damage_healed":0,"gold_gain":0,"player_choice":"Donut","damage_taken":0,"max_hp_gain":5,"max_hp_loss":0,"event_name":"Big Fish","floor":3,"gold_loss":0},{"damage_healed":0,"gold_gain":0,"cards_transformed":["Defend_R"],"player_choice":"Transformed","damage_taken":0,"max_hp_gain":0,"max_hp_loss":0,"event_name":"Transmorgrifier","floor":4,"gold_loss":0,"cards_obtained":["Pommel Strike"]},{"damage_healed":0,"gold_gain":0,"player_choice":"Searched \u00270\u0027 times","damage_taken":0,"max_hp_gain":0,"max_hp_loss":0,"event_name":"Dead Adventurer","floor":13,"gold_loss":0},{"damage_healed":0,"gold_gain":75,"player_choice":"Gather Gold","damage_taken":11,"max_hp_gain":0,"max_hp_loss":0,"event_name":"World of Goop","floor":14,"gold_loss":0}],"is_beta":false,"boss_relics":[],"items_purged_floors":[],"is_endless":false,"potions_floor_spawned":[1,11,12],"killed_by":"Hexaghost","ascension_level":0}