{"gold_per_floor":[116,130,142,142,160,160,193,193,220,220,236,268,12,32,32,128,128,143,143],"floor_reached":19,"playtime":934,"items_purged":[],"score":206,"play_id":"3396c04b-38af-465c-8a03-192985b6fbce","local_time":"20190601090137","is_ascension_mode":true,"campfire_choices":[{"data":"Streamline","floor":6,"key":"SMITH"},{"data":"Zap","floor":8,"key":"SMITH"},{"data":"Gash","floor":10,"key":"SMITH"},{"floor":15,"key":"REST"}],"neow_cost":"NONE","seed_source_timestamp":1214139042830674,"circlet_count":0,"master_deck":["Strike_B+1","Strike_B","Strike_B","Strike_B","Defend_B","Defend_B","Defend_B","Defend_B","Zap+1","Dualcast+1","Leap","Streamline+1","Gash+1","Leap","Scrape","Coolheaded","Defragment","Conserve Battery","Go for the Eyes","Buffer","Reprogram","Defragment","Gash","Beam Cell","Gash+1"],"relics":["Cracked Core","Anchor","Blood Vial","Bag of Marbles","Smiling Mask","Membership Card","Orrery"],"potions_floor_usage":[7,12,12,18],"damage_taken":[{"damage":0,"enemies":"2 Louse","floor":1,"turns":2},{"damage":0,"enemies":"Jaw Worm","floor":2,"turns":3},{"damage":0,"enemies":"Small Slimes","floor":3,"turns":4},{"damage":12,"enemies":"Exordium Thugs","floor":5,"turns":4},{"damage":6,"enemies":"3 Sentries","floor":7,"turns":6},{"damage":0,"enemies":"Looter","floor":11,"turns":1},{"damage":12,"enemies":"Lagavulin","floor":12,"turns":6},{"damage":0,"enemies":"Exordium Wildlife","floor":14,"turns":3},{"damage":24,"enemies":"Hexaghost","floor":16,"turns":10},{"damage":1,"enemies":"Spheric Guardian","floor":18,"turns":3},{"damage":76,"enemies":"Masked Bandits","floor":19,"turns":4}],"seed_played":"-6205738499964370504","potions_obtained":[{"floor":2,"key":"Strength Potion"},{"floor":5,"key":"Explosive Potion"},{"floor":11,"key":"PowerPotion"},{"floor":16,"key":"Swift Potion"}],"is_trial":false,"path_per_floor":["M","M","M","?","M","R","E","R","T","R","M","E","$","M","R","B",null,"M","?"],"character_chosen":"DEFECT","items_purchased":["Membership Card","Defragment","Conserve Battery"],"campfire_rested":1,"item_purchase_floors":[13,13,13],"current_hp_per_floor":[75,75,75,60,48,48,42,42,42,42,44,34,34,36,58,36,75,74,0],"gold":143,"neow_bonus":"RANDOM_COMMON_RELIC","is_prod":false,"is_daily":false,"chose_seed":false,"campfire_upgraded":3,"win_rate":0,"timestamp":1559390497,"path_taken":["M","M","M","?","M","R","E","R","T","R","M","E","?","M","R","BOSS","M","?"],"build_version":"2019-01-23","purchased_purges":0,"victory":false,"max_hp_per_floor":[75,75,75,75,75,75,75,75,75,75,75,75,75,75,75,75,75,75,75],"card_choices":[{"not_picked":["Turbo","Sweeping Beam"],"picked":"Leap","floor":1},{"not_picked":["Scrape","Barrage"],"picked":"Streamline","floor":2},{"not_picked":["Steam","Chaos","Hologram"],"picked":"SKIP","floor":3},{"not_picked":["Streamline","Reprogram"],"picked":"Gash","floor":5},{"not_picked":["Go for the Eyes","Sweeping Beam"],"picked":"Leap","floor":7},{"not_picked":["Creative AI","Streamline"],"picked":"Scrape","floor":11},{"not_picked":["Compile Driver","Streamline"],"picked":"Coolheaded","floor":12},{"not_picked":["Compile Driver","White Noise"],"picked":"Go for the Eyes","floor":14},{"not_picked":["Multi-Cast","All For One"],"picked":"Buffer","floor":16},{"not_picked":["Conserve Battery","Stack"],"picked":"Reprogram","floor":17},{"not_picked":["Leap","Barrage"],"picked":"Defragment","floor":17},{"not_picked":["Rebound","Coolheaded"],"picked":"Gash","floor":17},{"not_picked":["Storm","Redo"],"picked":"Beam Cell","floor":17},{"not_picked":["BootSequence","Coolheaded"],"picked":"Gash+1","floor":18}],"player_experience":845017,"relics_obtained":[{"floor":7,"key":"Blood Vial"},{"floor":9,"key":"Bag of Marbles"},{"floor":12,"key":"Smiling Mask"}],"event_choices":[{"damage_healed":0,"gold_gain":0,"player_choice":"Entered Light","damage_taken":15,"max_hp_gain":0,"max_hp_loss":0,"event_name":"Shining Light","floor":4,"gold_loss":0,"cards_upgraded":["Strike_B","Dualcast"]},{"damage_healed":0,"gold_gain":0,"player_choice":"Fought Bandits","damage_taken":0,"max_hp_gain":0,"max_hp_loss":0,"event_name":"Masked Bandits","floor":19,"gold_loss":0}],"is_beta":false,"boss_relics":[{"not_picked":["Snecko Eye","FrozenCore"],"picked":"Orrery"}],"items_purged_floors":[],"is_endless":false,"potions_floor_spawned":[2,5,11,16],"killed_by":"Masked Bandits","ascension_level":3}