{"gold_per_floor":[112,112,112,125,125,125,149,174,200,225,241,251,262,274,274,376,376,389,375,375,375,64,93,93,122,134,175,187,102,29,52,64,173,185,215,245,277,67,67,67,92,92,140,175,175,175,175,175,175,175,175,175,30,55,55],"floor_reached":55,"playtime":3491,"items_purged":[],"score":1262,"play_id":"b641df11-d921-49e7-a461-a783a59aecc8","local_time":"20190618153727","is_ascension_mode":true,"campfire_choices":[{"data":"Caltrops","floor":6.0,"key":"SMITH"},{"floor":15.0,"key":"REST"},{"floor":24,"key":"REST"},{"data":"Apotheosis","floor":28,"key":"SMITH"},{"floor":32,"key":"REST"},{"data":"Envenom","floor":40,"key":"SMITH"},{"floor":42,"key":"RECALL"},{"floor":47,"key":"REST"},{"data":"Adrenaline","floor":49,"key":"SMITH"},{"floor":52,"key":"REST"}],"neow_cost":"NONE","seed_source_timestamp":0,"circlet_count":0,"master_deck":["AscendersBane","Survivor","Neutralize+1","Poisoned Stab","Caltrops+1","Deadly Poison","Bane","Dash","Leg Sweep","Envenom+1","Adrenaline+1","Cloak And Dagger","Acrobatics","Apotheosis+1","Slice+1","Prepared","Dash","Deflect","All Out Attack","Setup","Dash","Dagger Throw+1","Backflip","Infinite Blades+1","Panache+1","Footwork+1","Doppelganger","Blade Dance+1","Madness+1","Madness+1"],"special_seed":0,"relics":["Ring of the Snake","PreservedInsect","Pantograph","Art of War","Happy Flower","Juzu Bracelet","Centennial Puzzle","Busted Crown","Lantern","Thread and Needle","MawBank","Ninja Scroll","Bag of Preparation","Frozen Egg 2","Letter Opener","Pandora\u0027s Box","Vajra","Toxic Egg 2","Oddly Smooth Stone","Ginger"],"potions_floor_usage":[23,27,33,50,50],"damage_taken":[{"damage":0.0,"enemies":"Small Slimes","floor":1.0,"turns":4.0},{"damage":0.0,"enemies":"2 Louse","floor":4.0,"turns":2.0},{"damage":19.0,"enemies":"Lagavulin","floor":8.0,"turns":7.0},{"damage":20.0,"enemies":"3 Sentries","floor":10.0,"turns":8.0},{"damage":0.0,"enemies":"Cultist","floor":11.0,"turns":3.0},{"damage":0.0,"enemies":"Exordium Wildlife","floor":12.0,"turns":3.0},{"damage":5.0,"enemies":"Exordium Thugs","floor":13.0,"turns":4.0},{"damage":2.0,"enemies":"3 Louse","floor":14.0,"turns":5.0},{"damage":20.0,"enemies":"Slime Boss","floor":16.0,"turns":12.0},{"damage":5,"enemies":"3 Byrds","floor":18,"turns":5},{"damage":7,"enemies":"2 Thieves","floor":19,"turns":4},{"damage":28,"enemies":"Gremlin Leader","floor":23,"turns":8},{"damage":20,"enemies":"Book of Stabbing","floor":25,"turns":4},{"damage":0,"enemies":"Slavers","floor":27,"turns":4},{"damage":0,"enemies":"Snecko","floor":31,"turns":4},{"damage":8,"enemies":"Champ","floor":33,"turns":11},{"damage":3,"enemies":"3 Darklings","floor":35,"turns":5},{"damage":0,"enemies":"3 Shapes","floor":36,"turns":4},{"damage":2,"enemies":"Jaw Worm Horde","floor":37,"turns":4},{"damage":0,"enemies":"Nemesis","floor":41,"turns":5},{"damage":0,"enemies":"Reptomancer","floor":44,"turns":4},{"damage":49,"enemies":"Donu and Deca","floor":50,"turns":8},{"damage":52,"enemies":"Shield and Spear","floor":54,"turns":6},{"damage":43,"enemies":"The Heart","floor":55,"turns":3}],"seed_played":"748496126829683176","potions_obtained":[{"floor":4.0,"key":"SkillPotion"},{"floor":10.0,"key":"GhostInAJar"},{"floor":13.0,"key":"FearPotion"},{"floor":19,"key":"PowerPotion"},{"floor":23,"key":"Weak Potion"},{"floor":25,"key":"SkillPotion"},{"floor":35,"key":"LiquidBronze"},{"floor":36,"key":"Dexterity Potion"},{"floor":54,"key":"EssenceOfSteel"}],"is_trial":false,"path_per_floor":["M","?","?","M","$","R","T","E","T","E","M","M","M","M","R","B",null,"M","M","?","?","$","E","R","E","T","E","R","?","?","M","R","B",null,"M","M","M","$","?","R","E","R","T","E","?","?","R","?","R","B",null,"R","$","E","B"],"character_chosen":"THE_SILENT","items_purchased":["Apotheosis","Lantern","Panache+1","Footwork+1","Oddly Smooth Stone"],"campfire_rested":5,"item_purchase_floors":[22,22,38,38,53],"current_hp_per_floor":[63,51,51,51,51,51,51,32,32,12,12,12,7,5,26,31,60,55,48,70,70,70,42,63,43,43,43,43,43,43,43,64,62,68,65,65,63,63,63,63,63,63,63,63,63,54,70,63,63,21,58,70,70,18,0],"gold":55,"neow_bonus":"RANDOM_COMMON_RELIC","is_prod":false,"is_daily":false,"chose_seed":false,"campfire_upgraded":4,"win_rate":0,"timestamp":1560883047,"path_taken":["M","?","?","?","$","R","?","E","T","E","M","M","M","M","R","BOSS","M","M","?","?","$","E","R","E","T","E","R","?","?","M","R","BOSS","M","M","M","$","?","R","E","R","T","E","?","?","R","?","R","BOSS","R","$","E","BOSS"],"build_version":"2019-01-23","purchased_purges":0,"victory":false,"max_hp_per_floor":[70,70,70,70,70,70,70,70,70,70,70,70,70,70,70,70,70,70,70,70,70,70,70,70,70,70,70,70,70,70,70,70,70,70,70,70,70,70,70,70,70,70,70,70,70,70,70,70,70,70,70,70,70,70,70],"card_choices":[{"not_picked":["Prepared","Dash"],"picked":"Poisoned Stab","floor":1.0},{"not_picked":["Acrobatics","Concentrate"],"picked":"Caltrops","floor":4.0},{"not_picked":["Prepared","Malaise"],"picked":"Deadly Poison","floor":8.0},{"not_picked":["Endless Agony","Concentrate","Expertise"],"picked":"SKIP","floor":10.0},{"not_picked":["Flying Knee","Flechettes"],"picked":"Bane","floor":11.0},{"not_picked":["PiercingWail","Noxious Fumes"],"picked":"Dash","floor":12.0},{"not_picked":["Quick Slash","Heel Hook"],"picked":"Leg Sweep","floor":13.0},{"not_picked":["Backflip","Riddle With Holes"],"picked":"Envenom","floor":14.0},{"not_picked":["Glass Knife","Tools of the Trade"],"picked":"Adrenaline","floor":16.0},{"not_picked":["Flechettes"],"picked":"SKIP","floor":18},{"not_picked":["Flying Knee"],"picked":"SKIP","floor":19},{"not_picked":[],"picked":"Slice+1","floor":23},{"not_picked":["Expertise"],"picked":"SKIP","floor":25},{"not_picked":["Blade Dance"],"picked":"SKIP","floor":27},{"not_picked":["Dagger Spray"],"picked":"SKIP","floor":31},{"not_picked":[],"picked":"Dagger Throw+1","floor":35},{"not_picked":[],"picked":"Backflip","floor":36},{"not_picked":[],"picked":"Infinite Blades+1","floor":37},{"not_picked":[],"picked":"Doppelganger","floor":41},{"not_picked":["Poisoned Stab"],"picked":"SKIP","floor":44},{"not_picked":["Dagger Spray"],"picked":"SKIP","floor":54}],"player_experience":1087551,"relics_obtained":[{"floor":7.0,"key":"Art of War"},{"floor":8.0,"key":"Happy Flower"},{"floor":9.0,"key":"Juzu Bracelet"},{"floor":10.0,"key":"Centennial Puzzle"},{"floor":23,"key":"Thread and Needle"},{"floor":25,"key":"MawBank"},{"floor":26,"key":"Ninja Scroll"},{"floor":27,"key":"Bag of Preparation"},{"floor":41,"key":"Vajra"},{"floor":44,"key":"Toxic Egg 2"},{"floor":54,"key":"Ginger"}],"event_choices":[{"damage_healed":0.0,"max_hp_gain":0.0,"max_hp_loss":0.0,"gold_gain":0.0,"event_name":"Scrap Ooze","player_choice":"Success","floor":2.0,"gold_loss":0.0,"damage_taken":12.0,"relics_obtained":["Pantograph"]},{"damage_healed":0.0,"max_hp_gain":0.0,"max_hp_loss":0.0,"gold_gain":0.0,"event_name":"Upgrade Shrine","player_choice":"Upgraded","floor":3.0,"gold_loss":0.0,"damage_taken":0.0,"cards_upgraded":["Neutralize"]},{"damage_healed":23,"gold_gain":0,"player_choice":"Heal","damage_taken":0,"max_hp_gain":0,"max_hp_loss":0,"event_name":"The Library","floor":20,"gold_loss":0},{"damage_healed":0,"gold_gain":0,"cards_transformed":["Strike_G","Defend_G"],"player_choice":"Became Test Subject","damage_taken":0,"max_hp_gain":0,"max_hp_loss":0,"event_name":"Drug Dealer","floor":21,"gold_loss":0,"cards_obtained":["Cloak And Dagger","Acrobatics"]},{"damage_healed":0,"gold_gain":0,"player_choice":"Paid Gold","damage_taken":0,"relics_obtained":["Frozen Egg 2"],"max_hp_gain":0,"max_hp_loss":0,"event_name":"WeMeetAgain","floor":29,"gold_loss":97},{"damage_healed":0,"gold_gain":0,"player_choice":"Obtained Relic","damage_taken":0,"relics_obtained":["Letter Opener"],"max_hp_gain":0,"max_hp_loss":0,"event_name":"Addict","floor":30,"gold_loss":85},{"cards_removed":["Flechettes"],"damage_healed":0,"gold_gain":0,"player_choice":"Removed Attack","damage_taken":0,"max_hp_gain":0,"max_hp_loss":0,"event_name":"Falling","floor":39,"gold_loss":0},{"damage_healed":0,"gold_gain":0,"cards_transformed":["Flechettes"],"player_choice":"Transformed","damage_taken":0,"max_hp_gain":0,"max_hp_loss":0,"event_name":"Transmorgrifier","floor":45,"gold_loss":0,"cards_obtained":["Blade Dance"]},{"damage_healed":0,"gold_gain":0,"player_choice":"Embrace Madness","damage_taken":9,"max_hp_gain":0,"max_hp_loss":0,"event_name":"Winding Halls","floor":46,"gold_loss":0,"cards_obtained":["Madness","Madness"]},{"damage_healed":0,"gold_gain":0,"player_choice":"Damaged","damage_taken":7,"max_hp_gain":0,"max_hp_loss":0,"event_name":"Wheel of Change","floor":48,"gold_loss":0}],"is_beta":false,"boss_relics":[{"not_picked":["HoveringKite","Sozu"],"picked":"Busted Crown"},{"not_picked":["Tiny House","Eternal Feather"],"picked":"Pandora\u0027s Box"}],"items_purged_floors":[],"is_endless":false,"potions_floor_spawned":[4,10,13,14,19,23,25,35,36,44,54],"killed_by":"The Heart","ascension_level":11}