{"path_per_floor":["M","?","$","M","?","R","M","R","T","E","$","R","M","?","R","B",null,"M","$","?","?","M","R","?","M","T","M","R","M","E","M","R","B",null,"M","M","$","M","M","R","?","R","T","M","M","R","M","M","R"],"character_chosen":"THE_SILENT","items_purchased":["Crippling Poison","Well Laid Plans","Noxious Fumes","Happy Flower"],"gold_per_floor":[111,111,42,62,62,62,85,85,108,152,8,8,31,69,69,193,193,206,30,30,30,44,44,44,62,62,78,78,91,116,131,131,234,234,251,263,118,134,152,152,152,152,152,167,181,181,191,206,206],"floor_reached":50,"campfire_rested":6,"playtime":7464,"current_hp_per_floor":[68,65,65,62,55,55,50,50,50,18,18,37,31,18,37,31,65,62,62,62,46,46,46,46,36,36,26,45,47,40,33,52,21,65,65,53,53,30,32,32,32,32,32,23,12,31,21,10,29],"items_purged":["Strike_G","Strike_G"],"gold":206,"play_id":"4835e170-2030-46fa-9bbb-000bc8826349","is_prod":false,"is_daily":false,"is_ascension_mode":false,"campfire_upgraded":5,"path_taken":["M","?","$","M","?","R","M","R","T","E","$","R","M","?","R","BOSS","M","$","?","?","M","R","?","?","T","M","R","M","E","M","R","BOSS","M","M","$","M","M","R","?","R","T","M","M","R","?","M","R","BOSS"],"build_version":"2018-01-25-PROD3","purchased_purges":3,"victory":false,"master_deck":["Defend_G+1","Defend_G+1","Defend_G+1","Defend_G+1","Defend_G+1","Strike_G+1","Survivor","Neutralize+1","Acrobatics","Crippling Poison+1","Flechettes","Deadly Poison+1","Heel Hook","Well Laid Plans","Poisoned Stab","Backflip+1","Dagger Spray","Bouncing Flask+1","PiercingWail+1","Noxious Fumes+1","Backflip+1","Bouncing Flask","Sucker Punch","Outmaneuver+1","Deadly Poison+1","PiercingWail+1","Bane+1","Heel Hook+1"],"max_hp_per_floor":[70,65,65,65,65,65,65,65,65,65,65,65,65,65,65,65,65,65,65,65,65,65,65,65,65,65,65,65,65,65,65,65,65,65,65,65,65,65,65,65,65,65,65,65,65,65,65,65,65],"relics":["Ring of the Snake","Bloody Idol","Pen Nib","Oddly Smooth Stone","Odd Mushroom","Orrery","Enchiridion","Peace Pipe","Kunai","The Specimen","Happy Flower","Bottled Flame"],"card_choices":[{"not_picked":["Terror","Blade Dance"],"picked":"Acrobatics"},{"not_picked":["Outmaneuver","Acrobatics"],"picked":"Flechettes"},{"not_picked":["Deflect","Underhanded Strike"],"picked":"Deadly Poison"},{"not_picked":["Acrobatics","Backflip"],"picked":"Heel Hook"},{"not_picked":["Skewer","Heel Hook"],"picked":"Poisoned Stab"},{"not_picked":["Quick Slash","Flying Knee"],"picked":"Backflip"},{"not_picked":["Calculated Gamble","Deflect"],"picked":"Dagger Spray"},{"not_picked":["Prepared","Dodge and Roll"],"picked":"Bouncing Flask"},{"not_picked":["Outmaneuver","Malaise"],"picked":"PiercingWail"},{"not_picked":["Flying Knee","Predator"],"picked":"Backflip"},{"not_picked":["Distraction","Outmaneuver"],"picked":"Bouncing Flask"},{"not_picked":["Quick Slash","Acrobatics"],"picked":"Sucker Punch"},{"not_picked":["Dash","Flying Knee"],"picked":"Outmaneuver"},{"not_picked":["Dash","Slice"],"picked":"Deadly Poison"},{"not_picked":["Prepared","Bane"],"picked":"PiercingWail"},{"not_picked":["Glass Knife","Quick Slash"],"picked":"Bane"},{"not_picked":["Acrobatics","Dagger Throw"],"picked":"Heel Hook"}],"player_experience":154721,"potions_floor_usage":[],"damage_taken":[{"damage":2.0,"enemies":"Cultist","floor":1.0,"turns":6.0},{"damage":3.0,"enemies":"2 Louse","floor":4.0,"turns":5.0},{"damage":5.0,"enemies":"Blue Slaver","floor":7.0,"turns":4.0},{"damage":32.0,"enemies":"Gremlin Nob","floor":10.0,"turns":5.0},{"damage":6.0,"enemies":"Large Slime","floor":13.0,"turns":6.0},{"damage":13.0,"enemies":"The Mushroom Lair","floor":14.0,"turns":4.0},{"damage":6.0,"enemies":"The Guardian","floor":16.0,"turns":10.0},{"damage":3.0,"enemies":"Shell Parasite","floor":18.0,"turns":5.0},{"damage":0.0,"enemies":"Chosen","floor":22.0,"turns":5.0},{"damage":15.0,"enemies":"Snake Plant","floor":25.0,"turns":5.0},{"damage":15.0,"enemies":"Centurion and Healer","floor":27.0,"turns":6.0},{"damage":3.0,"enemies":"Snecko","floor":29.0,"turns":4.0},{"damage":12.0,"enemies":"Slavers","floor":30.0,"turns":7.0},{"damage":12.0,"enemies":"3 Cultists","floor":31.0,"turns":6.0},{"damage":36.0,"enemies":"Collector","floor":33.0,"turns":8.0},{"damage":5.0,"enemies":"Orb Walker","floor":35.0,"turns":4.0},{"damage":17.0,"enemies":"3 Darklings","floor":36.0,"turns":5.0},{"damage":28.0,"enemies":"4 Shapes","floor":38.0,"turns":7.0},{"damage":18.0,"enemies":"Maw","floor":39.0,"turns":7.0},{"damage":14.0,"enemies":"Sphere and 2 Shapes","floor":44.0,"turns":5.0},{"damage":16.0,"enemies":"3 Darklings","floor":45.0,"turns":6.0},{"damage":15.0,"enemies":"Maw","floor":47.0,"turns":8.0},{"damage":16.0,"enemies":"Sphere and 2 Shapes","floor":48.0,"turns":6.0},{"damage":46,"enemies":"Donu and Deca","floor":50,"turns":6}],"event_choices":[{"event_name":"Golden Idol","player_choice":"Lose Max HP","floor":2.0,"damage_taken":0.0},{"event_name":"Golden Wing","player_choice":"Card Removal","floor":5.0,"damage_taken":0.0},{"event_name":"Mushrooms","player_choice":"Fought Mushrooms","floor":14.0,"damage_taken":0.0},{"event_name":"Back to Basics","player_choice":"Simplicity","floor":20.0,"damage_taken":0.0},{"event_name":"Cursed Tome","player_choice":"Obtained Book","floor":21.0,"damage_taken":0.0},{"event_name":"Forgotten Altar","player_choice":"Gave Idol","floor":24.0,"damage_taken":0.0},{"event_name":"Purifier","player_choice":"One Purge","floor":41.0,"damage_taken":0.0}],"boss_relics":[],"potions_floor_spawned":[1,13,14,16,22,25,27,33,35,38,47],"seed_played":"5242052216570402463","killed_by":"Donu and Deca","ascension_level":0,"is_trial":false}