{"gold_per_floor":[211,88,88,40,40,40,68,68,92,104,104,120,140,40,40,138,138,152,27,27,27,46,46,62,62,62,72,88,106,10,0,0,98,148,167,17,17,28,28,28,28,44,95,95,95,95,110,126,126,126],"floor_reached":50,"playtime":1046,"items_purged":["Defend_R","Defend_R","Strike_R","Strike_R"],"score":463,"play_id":"538e6680-d740-405d-a4d3-81a014f0c4f2","local_time":"20190419181917","is_ascension_mode":false,"campfire_choices":[{"data":"Flex","floor":6.0,"key":"SMITH"},{"data":"Flex","floor":8.0,"key":"SMITH"},{"data":"Bash","floor":11.0,"key":"SMITH"},{"data":"Strike_R","floor":15.0,"key":"SMITH"},{"data":"Heavy Blade","floor":23.0,"key":"SMITH"},{"floor":25.0,"key":"REST"},{"floor":32.0,"key":"REST"},{"floor":40.0,"key":"REST"},{"floor":46.0,"key":"REST"},{"floor":49,"key":"REST"}],"neow_cost":"NONE","seed_source_timestamp":733326641382712,"circlet_count":0,"master_deck":["Strike_R","Strike_R+1","Strike_R+1","Defend_R","Bash+1","Flex+1","Flex+1","Infernal Blade+1","Heavy Blade+1","J.A.X.+1","Finesse+1","Flex+1","Dramatic Entrance","Impatience+1"],"special_seed":0,"relics":["Burning Blood","Toxic Egg 2","Ancient Tea Set","Blood Vial","Odd Mushroom","Lizard Tail","Darkstone Periapt","Tiny House","Omamori"],"potions_floor_usage":[50,50],"damage_taken":[{"damage":1.0,"enemies":"Cultist","floor":1.0,"turns":3.0},{"damage":16.0,"enemies":"Gremlin Nob","floor":7.0,"turns":3.0},{"damage":7.0,"enemies":"Small Slimes","floor":10.0,"turns":3.0},{"damage":3.0,"enemies":"Jaw Worm","floor":12.0,"turns":2.0},{"damage":22.0,"enemies":"The Mushroom Lair","floor":13.0,"turns":3.0},{"damage":63.0,"enemies":"Slime Boss","floor":16.0,"turns":11.0},{"damage":17.0,"enemies":"Shell Parasite","floor":18.0,"turns":3.0},{"damage":24.0,"enemies":"Colosseum Slavers","floor":21.0,"turns":3.0},{"damage":3.0,"enemies":"Spheric Guardian","floor":22.0,"turns":2.0},{"damage":21.0,"enemies":"Centurion and Healer","floor":24.0,"turns":3.0},{"damage":9.0,"enemies":"3 Cultists","floor":27.0,"turns":3.0},{"damage":19.0,"enemies":"Snake Plant","floor":28.0,"turns":2.0},{"damage":52.0,"enemies":"Shelled Parasite and Fungi","floor":29.0,"turns":4.0},{"damage":75.0,"enemies":"Collector","floor":33.0,"turns":5.0},{"damage":42.0,"enemies":"3 Darklings","floor":35.0,"turns":5.0},{"damage":14.0,"enemies":"3 Shapes","floor":38.0,"turns":3.0},{"damage":36.0,"enemies":"Maw","floor":42.0,"turns":5.0},{"damage":11,"enemies":"Writhing Mass","floor":47,"turns":4},{"damage":33,"enemies":"3 Darklings","floor":48,"turns":3},{"damage":75,"enemies":"Donu and Deca","floor":50,"turns":4}],"seed_played":"-2146176869128479769","potions_obtained":[{"floor":10.0,"key":"SteroidPotion"},{"floor":12.0,"key":"EssenceOfSteel"},{"floor":16.0,"key":"LiquidBronze"},{"floor":22.0,"key":"SpeedPotion"},{"floor":24.0,"key":"SpeedPotion"},{"floor":27.0,"key":"Regen Potion"},{"floor":29.0,"key":"Regen Potion"},{"floor":34.0,"key":"SpeedPotion"},{"floor":38.0,"key":"Fire Potion"},{"floor":45.0,"key":"Weak Potion"}],"is_trial":false,"path_per_floor":["M","$","?","$","T","R","E","R","T","M","R","M","?","$","R","B",null,"M","$","?","?","M","R","M","R","T","M","M","M","$","?","R","B",null,"M","$","?","M","?","R","?","M","T","?","?","R","M","M","R","B"],"character_chosen":"IRONCLAD","items_purchased":["Flex","Flex","Finesse+1"],"campfire_rested":5,"item_purchase_floors":[2,4,30],"current_hp_per_floor":[80,80,80,80,80,80,70,70,70,71,71,76,62,62,62,7,80,69,69,69,53,58,58,45,69,69,68,62,18,18,18,42,36,85,49,49,49,43,43,68,68,40,40,40,40,64,61,36,60,0],"gold":126,"neow_bonus":"HUNDRED_GOLD","is_prod":false,"is_daily":false,"chose_seed":false,"campfire_upgraded":5,"win_rate":0,"timestamp":1555690757,"path_taken":["M","?","?","$","?","R","E","R","T","M","R","M","?","$","R","BOSS","M","$","?","?","M","R","M","R","T","M","M","M","$","?","R","BOSS","M","$","?","M","?","R","?","?","T","?","?","R","?","M","R","BOSS"],"build_version":"2019-01-23","purchased_purges":4,"victory":false,"max_hp_per_floor":[80,80,80,80,80,80,80,80,80,80,80,80,80,80,80,80,80,80,80,80,80,80,80,80,80,80,80,80,80,80,80,80,80,85,85,85,85,85,85,85,85,85,85,81,81,81,81,81,81,81],"card_choices":[{"not_picked":["Iron Wave","Wild Strike","Heavy Blade"],"picked":"SKIP","floor":1.0},{"not_picked":["Anger","Carnage","Blood for Blood"],"picked":"SKIP","floor":7.0},{"not_picked":["Twin Strike","Dropkick"],"picked":"Infernal Blade+1","floor":10.0},{"not_picked":["Sever Soul","Sentinel+1","Metallicize"],"picked":"SKIP","floor":12.0},{"not_picked":["Sword Boomerang","Wild Strike"],"picked":"Heavy Blade","floor":18.0},{"not_picked":["Cleave","Carnage","True Grit+1"],"picked":"SKIP","floor":22.0},{"not_picked":["Twin Strike+1","Flame Barrier+1","Body Slam"],"picked":"SKIP","floor":24.0},{"not_picked":["Dropkick+1","Headbutt+1","Pommel Strike"],"picked":"SKIP","floor":27.0},{"not_picked":["True Grit+1","Heavy Blade","Headbutt+1"],"picked":"SKIP","floor":28.0},{"not_picked":["Clash","Wild Strike","Second Wind+1"],"picked":"SKIP","floor":29.0},{"not_picked":["Thunderclap","Body Slam+1","True Grit+1"],"picked":"SKIP","floor":35.0},{"not_picked":["Armaments+1","Burning Pact+1"],"picked":"Flex+1","floor":38.0},{"not_picked":["Discovery+1","Mind Blast"],"picked":"Dramatic Entrance","floor":39.0},{"not_picked":["Iron Wave","Shrug It Off+1","Cleave"],"picked":"SKIP","floor":42.0},{"not_picked":["Clash","Body Slam","Ghostly Armor+1"],"picked":"SKIP","floor":47},{"not_picked":["Combust","True Grit+1","Pummel+1"],"picked":"SKIP","floor":48}],"player_experience":128691,"relics_obtained":[{"floor":5.0,"key":"Toxic Egg 2"},{"floor":7.0,"key":"Ancient Tea Set"},{"floor":9.0,"key":"Blood Vial"},{"floor":13.0,"key":"Odd Mushroom"},{"floor":26.0,"key":"Darkstone Periapt"},{"floor":43.0,"key":"Omamori"}],"event_choices":[{"cards_removed":["Defend_R"],"damage_healed":0.0,"max_hp_gain":0.0,"max_hp_loss":0.0,"gold_gain":0.0,"event_name":"Living Wall","player_choice":"Forget","floor":3.0,"gold_loss":0.0,"damage_taken":0.0},{"damage_healed":0.0,"max_hp_gain":0.0,"max_hp_loss":0.0,"gold_gain":0.0,"event_name":"Mushrooms","player_choice":"Fought Mushrooms","floor":13.0,"gold_loss":0.0,"damage_taken":0.0},{"damage_healed":0.0,"max_hp_gain":0.0,"max_hp_loss":0.0,"gold_gain":0.0,"event_name":"Drug Dealer","player_choice":"Obtain J.A.X.","floor":20.0,"gold_loss":0.0,"damage_taken":0.0,"cards_obtained":["J.A.X."]},{"damage_healed":0.0,"max_hp_gain":0.0,"max_hp_loss":0.0,"gold_gain":0.0,"event_name":"Colosseum","player_choice":"Fight","floor":21.0,"gold_loss":0.0,"damage_taken":0.0},{"damage_healed":0.0,"max_hp_gain":0.0,"max_hp_loss":0.0,"gold_gain":0.0,"event_name":"Colosseum","player_choice":"Fled From Nobs","floor":21.0,"gold_loss":0.0,"damage_taken":0.0},{"damage_healed":0.0,"max_hp_gain":0.0,"max_hp_loss":0.0,"gold_gain":0.0,"event_name":"Masked Bandits","player_choice":"Paid Fearfully","floor":31.0,"gold_loss":10.0,"damage_taken":0.0},{"damage_healed":0.0,"max_hp_gain":0.0,"max_hp_loss":0.0,"gold_gain":0.0,"event_name":"Mysterious Sphere","player_choice":"Ignored","floor":37.0,"gold_loss":0.0,"damage_taken":0.0},{"damage_healed":0.0,"max_hp_gain":0.0,"max_hp_loss":0.0,"gold_gain":0.0,"event_name":"SensoryStone","player_choice":"Memory 1","floor":39.0,"gold_loss":0.0,"damage_taken":0.0},{"damage_healed":0.0,"max_hp_gain":0.0,"max_hp_loss":0.0,"gold_gain":0.0,"event_name":"Match and Keep!","player_choice":"1 cards matched","floor":41.0,"gold_loss":0.0,"damage_taken":0.0,"cards_obtained":["Impatience"]},{"damage_healed":0.0,"max_hp_gain":0.0,"max_hp_loss":4.0,"gold_gain":0.0,"event_name":"Winding Halls","player_choice":"Max HP","floor":44.0,"gold_loss":0.0,"damage_taken":0.0},{"damage_healed":0.0,"max_hp_gain":0.0,"max_hp_loss":0.0,"gold_gain":0.0,"event_name":"Lab","player_choice":"Got Potions","floor":45.0,"gold_loss":0.0,"damage_taken":0.0}],"is_beta":false,"boss_relics":[{"not_picked":["Runic Dome","Runic Pyramid"],"picked":"Lizard Tail"},{"not_picked":["Black Blood","Snecko Eye"],"picked":"Tiny House"}],"items_purged_floors":[2,14,19,36],"is_endless":false,"potions_floor_spawned":[10,12,16,22,24,27,29,38,42,47],"killed_by":"Donu and Deca","ascension_level":0}