{"gold_per_floor":[117,137,137,150,168,199,199,217,244,47,78,78,94,94,94,165,165,165,165,165,5,5,5,5,5,5,5,5,5,5,5,5,5,5,5,5,5,5,5,5,5,5,5,5,5,5,5,5,5,5],"floor_reached":51,"playtime":3797,"items_purged":["Strike_G"],"score":1355,"play_id":"1aa2af3d-007a-4d56-9351-7a7da6117014","local_time":"20190622211006","is_ascension_mode":true,"campfire_choices":[{"data":"Dash","floor":7,"key":"SMITH"},{"data":"Malaise","floor":12,"key":"SMITH"},{"floor":15,"key":"REST"},{"data":"Catalyst","floor":23,"key":"SMITH"},{"floor":27,"key":"REST"},{"data":"Footwork","floor":32,"key":"SMITH"},{"floor":40,"key":"REST"},{"data":"Deadly Poison","floor":42,"key":"SMITH"},{"floor":49,"key":"REST"}],"neow_cost":"NONE","seed_source_timestamp":3285525515259,"circlet_count":0,"master_deck":["AscendersBane","Defend_G+1","Defend_G","Defend_G","Defend_G","Defend_G","Strike_G","Survivor","Neutralize+1","Quick Slash","Flying Knee","Dash+1","After Image","Quick Slash","Footwork+1","Malaise+1","Backflip","Backflip+1","Noxious Fumes+1","Catalyst+1","Cloak And Dagger","Deadly Poison+1","A Thousand Cuts+1","Bullet Time+1","Slice+1","Terror+1","Leg Sweep","Backflip","Footwork","PiercingWail"],"relics":["Ring of the Snake","Boot","Regal Pillow","PreservedInsect","Ectoplasm","Turnip","Anchor","Astrolabe","War Paint","MawBank"],"potions_floor_usage":[6,33,46,46,50,50],"damage_taken":[{"damage":1,"enemies":"Jaw Worm","floor":1,"turns":4},{"damage":1,"enemies":"Cultist","floor":2,"turns":4},{"damage":5,"enemies":"Small Slimes","floor":4,"turns":4},{"damage":3,"enemies":"Blue Slaver","floor":5,"turns":4},{"damage":10,"enemies":"3 Sentries","floor":6,"turns":8},{"damage":5,"enemies":"Exordium Wildlife","floor":8,"turns":6},{"damage":7,"enemies":"Lagavulin","floor":11,"turns":11},{"damage":9,"enemies":"Exordium Thugs","floor":13,"turns":8},{"damage":10,"enemies":"The Guardian","floor":16,"turns":16},{"damage":1,"enemies":"Chosen","floor":18,"turns":7},{"damage":10,"enemies":"Spheric Guardian","floor":19,"turns":6},{"damage":11,"enemies":"Shelled Parasite and Fungi","floor":24,"turns":6},{"damage":3,"enemies":"Chosen and Byrds","floor":25,"turns":8},{"damage":5,"enemies":"Centurion and Healer","floor":29,"turns":7},{"damage":0,"enemies":"Book of Stabbing","floor":30,"turns":7},{"damage":4,"enemies":"Sentry and Sphere","floor":31,"turns":7},{"damage":9,"enemies":"Champ","floor":33,"turns":11},{"damage":0,"enemies":"Orb Walker","floor":35,"turns":5},{"damage":25,"enemies":"3 Shapes","floor":36,"turns":5},{"damage":17,"enemies":"Writhing Mass","floor":39,"turns":6},{"damage":12,"enemies":"4 Shapes","floor":44,"turns":9},{"damage":19,"enemies":"Jaw Worm Horde","floor":45,"turns":6},{"damage":11,"enemies":"Giant Head","floor":46,"turns":11},{"damage":0,"enemies":"Sphere and 2 Shapes","floor":47,"turns":6},{"damage":0,"enemies":"Maw","floor":48,"turns":9},{"damage":24,"enemies":"Time Eater","floor":50,"turns":12}],"seed_played":"-6427564176101874624","potions_obtained":[{"floor":0,"key":"SteroidPotion"},{"floor":0,"key":"GhostInAJar"},{"floor":4,"key":"Fire Potion"},{"floor":8,"key":"Strength Potion"},{"floor":39,"key":"PowerPotion"},{"floor":46,"key":"Explosive Potion"},{"floor":48,"key":"Regen Potion"}],"is_trial":false,"path_per_floor":["M","M","?","M","M","E","R","M","T","$","E","R","M","?","R","B",null,"M","M","?","$","?","R","M","M","T","R","$","M","E","M","R","B",null,"M","M","?","?","M","R","$","R","T","M","M","E","M","M","R","B",null],"character_chosen":"THE_SILENT","items_purchased":["Footwork","Malaise","Catalyst"],"campfire_rested":4,"item_purchase_floors":[10,10,21],"current_hp_per_floor":[58,57,57,52,49,39,39,34,34,34,27,27,18,18,52,42,60,59,49,49,49,49,49,38,35,35,66,66,61,61,57,57,48,62,62,37,37,37,20,54,54,54,54,42,23,12,12,12,46,37],"gold":5,"neow_bonus":"THREE_SMALL_POTIONS","is_prod":false,"is_daily":false,"chose_seed":false,"campfire_upgraded":5,"win_rate":0,"timestamp":1561252206,"path_taken":["M","M","?","M","M","E","R","M","T","$","E","R","?","?","R","BOSS","M","M","?","$","?","R","M","M","T","R","?","?","E","M","R","BOSS","M","M","?","?","M","R","$","R","T","M","?","E","M","M","R","BOSS"],"build_version":"2019-01-23","purchased_purges":1,"victory":true,"max_hp_per_floor":[66,66,66,66,66,66,66,66,66,66,66,66,66,66,66,66,66,66,66,66,66,66,66,66,66,66,66,66,66,66,66,66,66,66,66,66,66,66,66,66,66,66,66,66,66,66,66,66,66,66],"card_choices":[{"not_picked":["Backflip","Expertise"],"picked":"Quick Slash","floor":1},{"not_picked":["Concentrate","Prepared","Underhanded Strike"],"picked":"SKIP","floor":2},{"not_picked":["Sucker Punch","Outmaneuver"],"picked":"Flying Knee","floor":4},{"not_picked":["PiercingWail","Terror"],"picked":"Dash","floor":5},{"not_picked":["Flying Knee","Distraction"],"picked":"After Image","floor":6},{"not_picked":["Blade Dance","Deadly Poison"],"picked":"Quick Slash","floor":8},{"not_picked":["Dash","Prepared"],"picked":"Backflip","floor":11},{"not_picked":["Riddle With Holes","Expertise","Dagger Throw"],"picked":"SKIP","floor":13},{"not_picked":["PiercingWail","Concentrate"],"picked":"Backflip","floor":18},{"not_picked":["Prepared","Escape Plan"],"picked":"Noxious Fumes+1","floor":19},{"not_picked":["Poisoned Stab+1","Tactician+1","Slice"],"picked":"SKIP","floor":24},{"not_picked":["Blade Dance","Glass Knife","Bane"],"picked":"SKIP","floor":25},{"not_picked":["Masterful Stab","All Out Attack","Reflex"],"picked":"SKIP","floor":29},{"not_picked":["Dagger Spray","Masterful Stab"],"picked":"Cloak And Dagger","floor":30},{"not_picked":["Quick Slash+1","Slice"],"picked":"Deadly Poison","floor":31},{"not_picked":["Glass Knife","After Image"],"picked":"A Thousand Cuts","floor":33},{"not_picked":["Flying Knee+1","Deadly Poison","Blade Dance+1"],"picked":"SKIP","floor":35},{"not_picked":["Cloak And Dagger","Underhanded Strike+1","Dash"],"picked":"SKIP","floor":36},{"not_picked":["Poisoned Stab","Distraction+1"],"picked":"Leg Sweep","floor":39},{"not_picked":["Deflect","Skewer"],"picked":"Backflip","floor":44},{"not_picked":["Bullet Time","Skewer","Cloak And Dagger+1"],"picked":"SKIP","floor":45},{"not_picked":["Deadly Poison","Underhanded Strike","Deflect+1"],"picked":"SKIP","floor":46},{"not_picked":["Blade Dance","Dagger Spray"],"picked":"Footwork","floor":47},{"not_picked":["Poisoned Stab","Acrobatics"],"picked":"PiercingWail","floor":48}],"player_experience":611832,"relics_obtained":[{"floor":6,"key":"Boot"},{"floor":9,"key":"Regal Pillow"},{"floor":11,"key":"PreservedInsect"},{"floor":26,"key":"Turnip"},{"floor":30,"key":"Anchor"},{"floor":43,"key":"War Paint"},{"floor":46,"key":"MawBank"}],"event_choices":[{"damage_healed":0,"gold_gain":0,"player_choice":"Upgraded","damage_taken":0,"max_hp_gain":0,"max_hp_loss":0,"event_name":"Upgrade Shrine","floor":3,"gold_loss":0,"cards_upgraded":["Neutralize"]},{"damage_healed":0,"gold_gain":0,"player_choice":"Ignored","damage_taken":0,"max_hp_gain":0,"max_hp_loss":0,"event_name":"Liars Game","floor":14,"gold_loss":0},{"damage_healed":0,"gold_gain":0,"player_choice":"Ignored","damage_taken":0,"max_hp_gain":0,"max_hp_loss":0,"event_name":"The Mausoleum","floor":22,"gold_loss":0},{"damage_healed":0,"gold_gain":0,"player_choice":"Ignored","damage_taken":0,"max_hp_gain":0,"max_hp_loss":0,"event_name":"Mysterious Sphere","floor":37,"gold_loss":0},{"damage_healed":0,"gold_gain":0,"player_choice":"Upgraded","damage_taken":0,"max_hp_gain":0,"max_hp_loss":0,"event_name":"Upgrade Shrine","floor":38,"gold_loss":0,"cards_upgraded":["A Thousand Cuts"]}],"is_beta":false,"boss_relics":[{"not_picked":["Velvet Choker","Empty Cage"],"picked":"Ectoplasm"},{"not_picked":["Runic Dome","Ring of the Serpent"],"picked":"Astrolabe"}],"items_purged_floors":[21],"is_endless":false,"potions_floor_spawned":[2,4,8,11,13,19,24,25,39,44,46,48],"ascension_level":18}