{"gold_per_floor":[20,20,20,20,34,34,77,93,145,145,160,173,189,210,210,335,335,359,458,482,506,205,205,11,11,11,35,35,55,70,70],"floor_reached":31,"playtime":2116,"items_purged":["Defend_G"],"score":411,"play_id":"0ffe141b-b35d-421d-a269-a93129a5fb84","local_time":"20190621094611","is_ascension_mode":true,"campfire_choices":[{"data":"Noxious Fumes","floor":6.0,"key":"SMITH"},{"floor":10.0,"key":"REST"},{"floor":15.0,"key":"REST"},{"floor":23,"key":"REST"},{"floor":25,"key":"REST"}],"neow_cost":"NO_GOLD","seed_source_timestamp":0,"circlet_count":0,"master_deck":["AscendersBane","Defend_G+1","Defend_G+1","Defend_G+1","Defend_G+1","Strike_G+1","Strike_G+1","Strike_G+1","Survivor","Neutralize","Reflex","Dagger Spray","Leg Sweep","Noxious Fumes+1","PiercingWail","Heel Hook","Dash","Well Laid Plans","Deadly Poison","Dagger Throw","Dash","Backstab","Bullet Time","Crippling Poison","Backflip","Noxious Fumes","Quick Slash","Footwork","Backflip","Footwork","Slice","Escape Plan","Heel Hook+1","Slice","Escape Plan","Escape Plan"],"special_seed":0,"relics":["Ring of the Snake","Golden Idol","Dream Catcher","Potion Belt","Orrery","Anchor","Membership Card","Singing Bowl"],"potions_floor_usage":[29,31],"damage_taken":[{"damage":2.0,"enemies":"Jaw Worm","floor":1.0,"turns":4.0},{"damage":0.0,"enemies":"2 Louse","floor":5.0,"turns":4.0},{"damage":32.0,"enemies":"Gremlin Nob","floor":7.0,"turns":5.0},{"damage":0.0,"enemies":"Small Slimes","floor":8.0,"turns":4.0},{"damage":0.0,"enemies":"Blue Slaver","floor":11.0,"turns":4.0},{"damage":2.0,"enemies":"Exordium Wildlife","floor":12.0,"turns":6.0},{"damage":0.0,"enemies":"Large Slime","floor":13.0,"turns":7.0},{"damage":5.0,"enemies":"Exordium Thugs","floor":14.0,"turns":6.0},{"damage":29.0,"enemies":"Slime Boss","floor":16.0,"turns":8.0},{"damage":19.0,"enemies":"Spheric Guardian","floor":18.0,"turns":6.0},{"damage":7.0,"enemies":"3 Byrds","floor":20.0,"turns":5.0},{"damage":10.0,"enemies":"Centurion and Healer","floor":21.0,"turns":7.0},{"damage":29,"enemies":"3 Cultists","floor":27,"turns":6},{"damage":25,"enemies":"Snecko","floor":29,"turns":5},{"damage":4,"enemies":"Centurion and Healer","floor":30,"turns":7},{"damage":13,"enemies":"Gremlin Leader","floor":31,"turns":5}],"seed_played":"3001788997369422072","potions_obtained":[{"floor":1.0,"key":"Strength Potion"},{"floor":8.0,"key":"AttackPotion"},{"floor":12.0,"key":"Strength Potion"},{"floor":20.0,"key":"AttackPotion"},{"floor":21,"key":"FearPotion"},{"floor":27,"key":"Ancient Potion"}],"is_trial":false,"path_per_floor":["M","?","?","?","M","R","E","M","T","R","M","M","M","M","R","B",null,"M","?","M","M","$","R","$","R","T","M","?","M","M","E"],"character_chosen":"THE_SILENT","items_purchased":["Anchor","Escape Plan","Membership Card"],"campfire_rested":4,"item_purchase_floors":[22,22,24],"current_hp_per_floor":[61,44,44,44,44,44,12,12,12,33,33,31,31,26,47,18,57,38,38,31,21,21,42,42,63,63,34,34,11,7,0],"gold":70,"neow_bonus":"TRANSFORM_TWO_CARDS","is_prod":false,"is_daily":false,"chose_seed":false,"campfire_upgraded":1,"win_rate":0,"timestamp":1561121171,"path_taken":["M","?","?","?","M","R","E","M","T","R","M","M","M","?","R","BOSS","M","?","M","M","$","R","$","R","T","M","?","M","M","E"],"build_version":"2019-01-23","purchased_purges":1,"victory":false,"max_hp_per_floor":[70,70,70,70,70,70,70,70,70,70,70,70,70,70,70,70,70,70,70,70,70,70,70,70,70,70,70,70,72,72,72],"card_choices":[{"not_picked":["Dagger Spray","Slice"],"picked":"Leg Sweep","floor":1.0},{"not_picked":["Slice","Distraction"],"picked":"Noxious Fumes","floor":5.0},{"not_picked":["Acrobatics","Skewer"],"picked":"PiercingWail","floor":7.0},{"not_picked":["Blade Dance","Bouncing Flask"],"picked":"Heel Hook","floor":8.0},{"not_picked":["Flying Knee","Outmaneuver"],"picked":"Dash","floor":10.0},{"not_picked":["Underhanded Strike","Reflex"],"picked":"Well Laid Plans","floor":11.0},{"not_picked":["Prepared","Sucker Punch"],"picked":"Deadly Poison","floor":12.0},{"not_picked":["Underhanded Strike","Accuracy"],"picked":"Dagger Throw","floor":13.0},{"not_picked":["Slice","Flying Knee"],"picked":"Dash","floor":14.0},{"not_picked":["Cloak And Dagger","Dodge and Roll"],"picked":"Backstab","floor":15.0},{"not_picked":["Phantasmal Killer","Doppelganger"],"picked":"Bullet Time","floor":16.0},{"not_picked":["PiercingWail","Outmaneuver"],"picked":"Crippling Poison","floor":17.0},{"not_picked":["Riddle With Holes","Poisoned Stab"],"picked":"Backflip","floor":17.0},{"not_picked":["Dodge and Roll","Bouncing Flask"],"picked":"Noxious Fumes","floor":17.0},{"not_picked":["Well Laid Plans","Blade Dance"],"picked":"Quick Slash","floor":17.0},{"not_picked":["Infinite Blades","Dagger Spray"],"picked":"Footwork","floor":17.0},{"not_picked":["Heel Hook","Terror"],"picked":"Backflip","floor":18.0},{"not_picked":["Well Laid Plans","Prepared"],"picked":"Footwork","floor":20.0},{"not_picked":["Outmaneuver","PiercingWail"],"picked":"Slice","floor":21},{"not_picked":["Terror","Bouncing Flask"],"picked":"Heel Hook+1","floor":23},{"not_picked":["Night Terror","Quick Slash"],"picked":"Slice","floor":25},{"not_picked":["Dagger Throw","Distraction"],"picked":"Escape Plan","floor":27},{"not_picked":["Footwork+1","Sucker Punch","Tactician+1"],"picked":"Singing Bowl","floor":29},{"not_picked":["Dagger Throw","Prepared"],"picked":"Escape Plan","floor":30}],"player_experience":1112916,"relics_obtained":[{"floor":7.0,"key":"Dream Catcher"},{"floor":9.0,"key":"Potion Belt"},{"floor":26,"key":"Singing Bowl"}],"event_choices":[{"damage_healed":0.0,"max_hp_gain":0.0,"max_hp_loss":0.0,"gold_gain":0.0,"event_name":"Golden Idol","player_choice":"Take Damage","floor":2.0,"gold_loss":0.0,"damage_taken":17.0,"relics_obtained":["Golden Idol"]},{"damage_healed":0.0,"max_hp_gain":0.0,"max_hp_loss":0.0,"gold_gain":0.0,"event_name":"Golden Wing","player_choice":"Ignored","floor":3.0,"gold_loss":0.0,"damage_taken":0.0},{"damage_healed":0.0,"max_hp_gain":0.0,"max_hp_loss":0.0,"gold_gain":0.0,"event_name":"Liars Game","player_choice":"Ignored","floor":4.0,"gold_loss":0.0,"damage_taken":0.0},{"damage_healed":0.0,"max_hp_gain":0.0,"max_hp_loss":0.0,"gold_gain":99.0,"event_name":"Nest","player_choice":"Stole From Cult","floor":19.0,"gold_loss":0.0,"damage_taken":0.0},{"damage_healed":0,"gold_gain":0,"player_choice":"Simplicity","damage_taken":0,"max_hp_gain":0,"max_hp_loss":0,"event_name":"Back to Basics","floor":28,"gold_loss":0,"cards_upgraded":["Defend_G","Defend_G","Defend_G","Defend_G","Strike_G","Strike_G","Strike_G"]}],"is_beta":false,"boss_relics":[{"not_picked":["Sozu","Runic Dome"],"picked":"Orrery"}],"items_purged_floors":[22],"is_endless":false,"potions_floor_spawned":[1,8,12,20,21,27],"killed_by":"Gremlin Leader","ascension_level":12}