{"gold_per_floor":[115,129,129,129,1,33,46,46,46,121,121,148,164,194,194,194],"floor_reached":16,"playtime":655,"items_purged":[],"score":224,"play_id":"dcb75348-4f79-4ad7-ad8b-757ee3089b66","local_time":"20190613130358","is_ascension_mode":true,"campfire_choices":[{"data":"Perfected Strike","floor":8,"key":"SMITH"},{"floor":11,"key":"REST"},{"data":"Feel No Pain","floor":15,"key":"SMITH"}],"neow_cost":"NONE","seed_source_timestamp":2265750880488446,"circlet_count":0,"master_deck":["AscendersBane","Strike_R","Strike_R","Strike_R","Strike_R","Strike_R","Defend_R+1","Defend_R","Defend_R+1","Defend_R","Bash","Wild Strike","Second Wind","Feel No Pain+1","Pommel Strike","Sentinel","Perfected Strike+1"],"relics":["Burning Blood","Juzu Bracelet","Self Forming Clay","Mercury Hourglass","Strawberry","PreservedInsect"],"potions_floor_usage":[6,13,14],"damage_taken":[{"damage":1,"enemies":"Cultist","floor":1,"turns":3},{"damage":10,"enemies":"2 Louse","floor":2,"turns":3},{"damage":12,"enemies":"Gremlin Nob","floor":6,"turns":4},{"damage":3,"enemies":"Small Slimes","floor":7,"turns":4},{"damage":5,"enemies":"3 Sentries","floor":12,"turns":8},{"damage":2,"enemies":"Exordium Thugs","floor":13,"turns":3},{"damage":23,"enemies":"Gremlin Nob","floor":14,"turns":4},{"damage":53,"enemies":"Hexaghost","floor":16,"turns":9}],"seed_played":"1188787424738343850","potions_obtained":[{"floor":2,"key":"SteroidPotion"},{"floor":3,"key":"Strength Potion"},{"floor":6,"key":"Weak Potion"}],"is_trial":false,"path_per_floor":["M","M","?","?","$","E","M","R","T","?","R","E","M","E","R","B"],"character_chosen":"IRONCLAD","items_purchased":["Feel No Pain","Pommel Strike"],"campfire_rested":1,"item_purchase_floors":[5,5],"current_hp_per_floor":[73,69,69,46,46,40,43,43,43,32,54,62,66,49,49,0],"gold":194,"neow_bonus":"RANDOM_COMMON_RELIC","is_prod":false,"is_daily":false,"chose_seed":false,"campfire_upgraded":2,"win_rate":0,"timestamp":1560441838,"path_taken":["M","M","?","?","$","E","M","R","T","?","R","E","M","E","R","BOSS"],"build_version":"2019-01-23","purchased_purges":0,"victory":false,"max_hp_per_floor":[75,75,75,75,75,75,75,75,75,75,75,82,82,82,82,82],"card_choices":[{"not_picked":["Blood for Blood","Perfected Strike"],"picked":"Wild Strike","floor":1},{"not_picked":["Thunderclap","Rage"],"picked":"Second Wind","floor":2},{"not_picked":["Power Through","Flex"],"picked":"Sentinel","floor":6},{"not_picked":["Brutality","Heavy Blade"],"picked":"Perfected Strike","floor":7},{"not_picked":["Cleave","Sword Boomerang","Headbutt"],"picked":"SKIP","floor":12},{"not_picked":["Flex","Entrench","Pummel"],"picked":"SKIP","floor":13},{"not_picked":["Immolate","Whirlwind","Searing Blow"],"picked":"SKIP","floor":14}],"player_experience":1019972,"relics_obtained":[{"floor":6,"key":"Self Forming Clay"},{"floor":9,"key":"Mercury Hourglass"},{"floor":12,"key":"Strawberry"},{"floor":14,"key":"PreservedInsect"}],"event_choices":[{"damage_healed":0,"gold_gain":0,"player_choice":"Got Potions","damage_taken":0,"max_hp_gain":0,"max_hp_loss":0,"event_name":"Lab","floor":3,"gold_loss":0},{"damage_healed":0,"gold_gain":0,"player_choice":"Entered Light","damage_taken":23,"max_hp_gain":0,"max_hp_loss":0,"event_name":"Shining Light","floor":4,"gold_loss":0,"cards_upgraded":["Defend_R","Defend_R"]},{"damage_healed":0,"gold_gain":75,"player_choice":"Gather Gold","damage_taken":11,"max_hp_gain":0,"max_hp_loss":0,"event_name":"World of Goop","floor":10,"gold_loss":0}],"is_beta":false,"boss_relics":[],"items_purged_floors":[],"is_endless":false,"potions_floor_spawned":[2,6,7,12],"killed_by":"Hexaghost","ascension_level":18}