{"gold_per_floor":[119,119,135,135,211,176,176,191,216,216,231,231,156,156,156,254,254,269,269,281,281,301,301,319,333,333,211,211,221,320,330,330,434,434,446,457,457,132,147,147,107,107,107,120,139,156,156,29,29,29],"floor_reached":50,"playtime":2582,"items_purged":["Defend_G","Strike_G","Strike_G"],"score":459,"play_id":"44a52ea7-2b26-4db0-a805-6272228e94b4","local_time":"20190525153636","is_ascension_mode":false,"campfire_choices":[{"data":"Cloak And Dagger","floor":7.0,"key":"SMITH"},{"data":"Cloak And Dagger","floor":10.0,"key":"SMITH"},{"data":"Neutralize","floor":12.0,"key":"SMITH"},{"floor":15.0,"key":"REST"},{"data":"PiercingWail","floor":23.0,"key":"SMITH"},{"data":"Burst","floor":28.0,"key":"SMITH"},{"floor":32.0,"key":"REST"},{"data":"Burst","floor":40.0,"key":"SMITH"},{"floor":47,"key":"REST"},{"floor":49,"key":"REST"}],"neow_cost":"NONE","seed_source_timestamp":0,"circlet_count":0,"master_deck":["Defend_G","Defend_G","Strike_G+1","Strike_G","Survivor+1","Neutralize+1","Cloak And Dagger+1","PiercingWail+1","Cloak And Dagger+1","Infinite Blades+1","Poisoned Stab","Burst+1","Deadly Poison","Deadly Poison+1","Cloak And Dagger+1","Burst+1","Cloak And Dagger","Burst"],"special_seed":0,"relics":["Ring of the Snake","Orichalcum","Bottled Flame","Vajra","WristBlade","Paper Crane","Lizard Tail","Lee\u0027s Waffle","Singing Bowl"],"potions_floor_usage":[50],"damage_taken":[{"damage":0.0,"enemies":"Small Slimes","floor":1.0,"turns":5.0},{"damage":0.0,"enemies":"Jaw Worm","floor":3.0,"turns":4.0},{"damage":0.0,"enemies":"2 Louse","floor":8.0,"turns":3.0},{"damage":0.0,"enemies":"Large Slime","floor":11.0,"turns":4.0},{"damage":50.0,"enemies":"The Guardian","floor":16.0,"turns":16.0},{"damage":0.0,"enemies":"Shell Parasite","floor":18.0,"turns":4.0},{"damage":0.0,"enemies":"3 Byrds","floor":20.0,"turns":4.0},{"damage":4.0,"enemies":"Snake Plant","floor":22.0,"turns":4.0},{"damage":1.0,"enemies":"Centurion and Healer","floor":24.0,"turns":7.0},{"damage":8.0,"enemies":"3 Cultists","floor":25.0,"turns":5.0},{"damage":7.0,"enemies":"Snecko","floor":29.0,"turns":5.0},{"damage":1.0,"enemies":"Shelled Parasite and Fungi","floor":31.0,"turns":4.0},{"damage":47.0,"enemies":"Champ","floor":33.0,"turns":9.0},{"damage":12.0,"enemies":"Orb Walker","floor":35.0,"turns":4.0},{"damage":5.0,"enemies":"3 Shapes","floor":36.0,"turns":5.0},{"damage":15.0,"enemies":"3 Darklings","floor":39.0,"turns":6.0},{"damage":4.0,"enemies":"Transient","floor":44.0,"turns":5.0},{"damage":32.0,"enemies":"4 Shapes","floor":45.0,"turns":4.0},{"damage":0,"enemies":"Maw","floor":46,"turns":7},{"damage":129,"enemies":"Time Eater","floor":50,"turns":12}],"seed_played":"4822438780541176901","potions_obtained":[{"floor":11.0,"key":"AttackPotion"},{"floor":16.0,"key":"Ancient Potion"},{"floor":18.0,"key":"GhostInAJar"},{"floor":20.0,"key":"Explosive Potion"},{"floor":25.0,"key":"Strength Potion"},{"floor":44.0,"key":"GamblersBrew"},{"floor":45,"key":"Weak Potion"},{"floor":46,"key":"Explosive Potion"}],"is_trial":false,"path_per_floor":["M","?","M","?","T","?","R","M","T","R","M","R","$","?","R","B",null,"M","?","M","?","M","R","M","M","T","$","R","M","?","M","R","B",null,"M","M","?","$","M","R","?","$","T","M","M","M","R","$","R","B"],"character_chosen":"THE_SILENT","items_purchased":["Deadly Poison","Lee\u0027s Waffle","Cloak And Dagger","Burst"],"campfire_rested":4,"item_purchase_floors":[27,38,48,48],"current_hp_per_floor":[70,70,70,45,45,62,62,62,62,62,62,62,62,55,70,20,70,70,70,70,70,66,66,65,57,57,57,57,50,50,49,70,23,70,58,53,53,77,62,62,62,62,62,60,30,32,56,56,80,0],"gold":29,"neow_bonus":"REMOVE_CARD","is_prod":false,"is_daily":false,"chose_seed":false,"campfire_upgraded":6,"win_rate":0,"timestamp":1558791396,"path_taken":["M","?","M","?","?","?","R","M","T","R","M","R","$","?","R","BOSS","M","?","M","?","?","R","M","M","T","$","R","M","?","M","R","BOSS","M","M","?","$","M","R","?","$","T","M","M","M","R","?","R","BOSS"],"build_version":"2019-01-23","purchased_purges":3,"victory":false,"max_hp_per_floor":[70,70,70,70,70,70,70,70,70,70,70,70,70,70,70,70,70,70,70,70,70,70,70,70,70,70,70,70,70,70,70,70,70,70,70,70,70,77,77,77,77,77,77,79,81,83,83,83,83,83],"card_choices":[{"not_picked":["Prepared","Masterful Stab"],"picked":"Cloak And Dagger","floor":1.0},{"not_picked":["Predator","Flechettes"],"picked":"PiercingWail","floor":3.0},{"not_picked":["PiercingWail","Terror"],"picked":"Cloak And Dagger","floor":8.0},{"not_picked":["Bane","Expertise","Distraction"],"picked":"SKIP","floor":11.0},{"not_picked":["Dagger Throw","Prepared","Leg Sweep"],"picked":"SKIP","floor":18.0},{"not_picked":["Dodge and Roll","PiercingWail"],"picked":"Infinite Blades+1","floor":20.0},{"not_picked":["Setup","Escape Plan","Dash"],"picked":"SKIP","floor":22.0},{"not_picked":["Outmaneuver","Dodge and Roll"],"picked":"Poisoned Stab","floor":24.0},{"not_picked":["Underhanded Strike","Blade Dance"],"picked":"Burst","floor":25.0},{"not_picked":["Bane","Flechettes","Dodge and Roll"],"picked":"SKIP","floor":29.0},{"not_picked":["Poisoned Stab","Predator+1"],"picked":"Deadly Poison","floor":31.0},{"not_picked":["Slice+1","Backflip+1"],"picked":"Cloak And Dagger+1","floor":35.0},{"not_picked":["Bouncing Flask","Accuracy","Quick Slash"],"picked":"SKIP","floor":36.0},{"not_picked":["PiercingWail","Deadly Poison"],"picked":"Burst","floor":39.0},{"not_picked":["Prepared+1","Dagger Throw+1","Underhanded Strike"],"picked":"Singing Bowl","floor":44.0},{"not_picked":["Underhanded Strike","Slice","Flying Knee"],"picked":"Singing Bowl","floor":45},{"not_picked":["Eviscerate","Reflex","Deadly Poison"],"picked":"Singing Bowl","floor":46}],"player_experience":213387,"relics_obtained":[{"floor":5.0,"key":"Bottled Flame"},{"floor":9.0,"key":"Vajra"},{"floor":26.0,"key":"Paper Crane"},{"floor":43.0,"key":"Singing Bowl"}],"event_choices":[{"cards_removed":["Defend_G"],"damage_healed":0.0,"max_hp_gain":0.0,"max_hp_loss":0.0,"gold_gain":0.0,"event_name":"Living Wall","player_choice":"Forget","floor":2.0,"gold_loss":0.0,"damage_taken":0.0},{"damage_healed":0.0,"max_hp_gain":0.0,"max_hp_loss":0.0,"gold_gain":0.0,"event_name":"Scrap Ooze","player_choice":"Success","floor":4.0,"gold_loss":0.0,"damage_taken":25.0,"relics_obtained":["Orichalcum"]},{"damage_healed":17.0,"max_hp_gain":0.0,"max_hp_loss":0.0,"gold_gain":0.0,"event_name":"The Cleric","player_choice":"Healed","floor":6.0,"gold_loss":35.0,"damage_taken":0.0},{"cards_removed":["Defend_G"],"damage_healed":0.0,"max_hp_gain":0.0,"max_hp_loss":0.0,"gold_gain":0.0,"event_name":"Golden Wing","player_choice":"Card Removal","floor":14.0,"gold_loss":0.0,"damage_taken":7.0},{"damage_healed":0.0,"max_hp_gain":0.0,"max_hp_loss":0.0,"gold_gain":0.0,"event_name":"Vampires","player_choice":"Ignored","floor":19.0,"gold_loss":0.0,"damage_taken":0.0},{"damage_healed":0.0,"max_hp_gain":0.0,"max_hp_loss":0.0,"gold_gain":0.0,"event_name":"Upgrade Shrine","player_choice":"Upgraded","floor":21.0,"gold_loss":0.0,"damage_taken":0.0,"cards_upgraded":["Survivor"]},{"damage_healed":0.0,"max_hp_gain":0.0,"max_hp_loss":0.0,"gold_gain":99.0,"event_name":"Nest","player_choice":"Stole From Cult","floor":30.0,"gold_loss":0.0,"damage_taken":0.0},{"damage_healed":0.0,"max_hp_gain":0.0,"max_hp_loss":0.0,"gold_gain":0.0,"event_name":"Tomb of Lord Red Mask","player_choice":"Ignored","floor":37.0,"gold_loss":0.0,"damage_taken":0.0},{"damage_healed":0.0,"max_hp_gain":0.0,"max_hp_loss":0.0,"gold_gain":0.0,"event_name":"Designer","player_choice":"Upgraded Two","floor":41.0,"gold_loss":40.0,"damage_taken":0.0,"cards_upgraded":["Deadly Poison","Strike_G"]}],"is_beta":false,"boss_relics":[{"not_picked":["Coffee Dripper","Pandora\u0027s Box"],"picked":"WristBlade"},{"not_picked":["Philosopher\u0027s Stone","HoveringKite"],"picked":"Lizard Tail"}],"items_purged_floors":[13,27,38],"is_endless":false,"potions_floor_spawned":[11,16,18,20,25,31,44,45,46],"killed_by":"Time Eater","ascension_level":0}