{"gold_per_floor":[216,16,116,126,201,201,212,222,245,245,255,275,275,295,295,295],"floor_reached":16,"playtime":564,"items_purged":[],"score":113,"play_id":"e930fbd9-9856-44ab-8efb-47069c0bb9c9","local_time":"20190519083828","is_ascension_mode":true,"campfire_choices":[{"data":"Catalyst","floor":6,"key":"SMITH"},{"data":"Deadly Poison","floor":10,"key":"SMITH"},{"floor":13,"key":"REST"},{"floor":15,"key":"REST"}],"neow_cost":"NONE","seed_source_timestamp":271086340610989,"circlet_count":0,"master_deck":["Defend_G","Defend_G","Defend_G","Defend_G","Defend_G","Strike_G","Strike_G","Strike_G","Strike_G+1","Strike_G+1","Survivor","Neutralize","Backflip","Catalyst+1","Deadly Poison+1"],"relics":["Ring of the Snake","Membership Card","Whetstone"],"potions_floor_usage":[8,16],"damage_taken":[{"damage":1,"enemies":"Small Slimes","floor":1,"turns":4},{"damage":2,"enemies":"Cultist","floor":4,"turns":4},{"damage":2,"enemies":"Jaw Worm","floor":7,"turns":5},{"damage":7,"enemies":"Lots of Slimes","floor":8,"turns":4},{"damage":22,"enemies":"Gremlin Gang","floor":11,"turns":6},{"damage":0,"enemies":"3 Louse","floor":12,"turns":3},{"damage":24,"enemies":"Lots of Slimes","floor":14,"turns":5},{"damage":38,"enemies":"Slime Boss","floor":16,"turns":5}],"seed_played":"-5264711961889910271","potions_obtained":[{"floor":4,"key":"AttackPotion"},{"floor":14,"key":"AttackPotion"}],"is_trial":false,"path_per_floor":["M","$","?","M","?","R","M","M","T","R","M","M","R","M","R","B"],"character_chosen":"THE_SILENT","items_purchased":["Membership Card"],"campfire_rested":2,"item_purchase_floors":[2],"current_hp_per_floor":[69,69,69,67,60,60,58,51,51,51,29,29,50,26,47,9],"gold":295,"neow_bonus":"HUNDRED_GOLD","is_prod":false,"is_daily":false,"chose_seed":false,"campfire_upgraded":2,"win_rate":0,"timestamp":1558247908,"path_taken":["M","$","?","?","?","R","?","M","T","R","?","M","R","M","R","BOSS"],"build_version":"2019-01-23","purchased_purges":0,"victory":false,"max_hp_per_floor":[70,70,70,70,70,70,70,70,70,70,70,70,70,70,70,70],"card_choices":[{"not_picked":["Deflect","Leg Sweep"],"picked":"Backflip","floor":1},{"not_picked":["Prepared","Finisher"],"picked":"Catalyst","floor":4},{"not_picked":["Dagger Throw","Sucker Punch"],"picked":"Deadly Poison","floor":7},{"not_picked":["Sucker Punch","Glass Knife","Footwork"],"picked":"SKIP","floor":8},{"not_picked":["Dagger Spray","Caltrops","Underhanded Strike"],"picked":"SKIP","floor":11},{"not_picked":["Dagger Spray","Outmaneuver","Prepared"],"picked":"SKIP","floor":12},{"not_picked":["Quick Slash","Flying Knee","Dagger Throw"],"picked":"SKIP","floor":14}],"player_experience":202698,"relics_obtained":[{"floor":9,"key":"Whetstone"}],"event_choices":[{"damage_healed":0,"gold_gain":100,"player_choice":"Pray","damage_taken":0,"max_hp_gain":0,"max_hp_loss":0,"event_name":"Golden Shrine","floor":3,"gold_loss":0},{"damage_healed":0,"gold_gain":75,"player_choice":"Touch","damage_taken":7,"max_hp_gain":0,"max_hp_loss":0,"event_name":"FaceTrader","floor":5,"gold_loss":0}],"is_beta":false,"boss_relics":[],"items_purged_floors":[],"is_endless":false,"potions_floor_spawned":[4,14],"killed_by":"Slime Boss","ascension_level":4}