{"gold_per_floor":[110,126,51,126,140,165,165,165,188,204,222,248,260,293,305,417,429,461,182,282,242,255,281,50,50,50,50,85,85,85,85,85,181,181,192,78,78,38,38,68,68,68,122,132,132,132,143,178,178,178,178,178,71,104,104],"floor_reached":56,"playtime":3932,"items_purged":["Regret","Defend_G"],"score":1245,"play_id":"c7bfe35f-4e24-4520-a8a2-e669504bd008","local_time":"20190414185853","is_ascension_mode":false,"campfire_choices":[{"data":"Noxious Fumes","floor":7.0,"key":"SMITH"},{"floor":13,"key":"REST"},{"data":"Caltrops","floor":15,"key":"SMITH"},{"floor":25,"key":"RECALL"},{"data":"Cloak And Dagger","floor":27,"key":"SMITH"},{"floor":29,"key":"REST"},{"data":"Catalyst","floor":32,"key":"SMITH"},{"data":"After Image","floor":42,"key":"SMITH"},{"floor":49,"key":"REST"},{"data":"After Image","floor":52,"key":"SMITH"}],"neow_cost":"CURSE","seed_source_timestamp":0,"circlet_count":0,"master_deck":["Defend_G+1","Defend_G+1","Defend_G+1","Defend_G+1","Strike_G+1","Strike_G+1","Strike_G+1","Survivor","Neutralize+1","PiercingWail","Flying Knee+1","Noxious Fumes+1","Well Laid Plans","Die Die Die","Caltrops+1","Deflect","All Out Attack","Die Die Die","Catalyst+1","Cloak And Dagger+1","Setup","After Image+1","Bane","Backstab","Footwork","Footwork","Prepared+1","Escape Plan","After Image+1","Slice+1","Blur+1","Skewer+1","Well Laid Plans+1"],"special_seed":0,"relics":["Ring of the Snake","Mango","Whetstone","Snake Skull","MawBank","Odd Mushroom","WristBlade","TwistedFunnel","Incense Burner","Matryoshka","Ice Cream","Anchor","Regal Pillow","Bottled Tornado","MutagenicStrength","Busted Crown","Molten Egg 2","Happy Flower","Centennial Puzzle","Nunchaku","Calipers"],"potions_floor_usage":[18,20,20,22,23,23,28,40,47,50,54,55,55],"damage_taken":[{"damage":4.0,"enemies":"Jaw Worm","floor":1.0,"turns":7.0},{"damage":4.0,"enemies":"2 Louse","floor":2.0,"turns":4.0},{"damage":0.0,"enemies":"Cultist","floor":5.0,"turns":5.0},{"damage":7.0,"enemies":"Gremlin Nob","floor":6.0,"turns":5.0},{"damage":0.0,"enemies":"Looter","floor":10.0,"turns":4.0},{"damage":0.0,"enemies":"Lots of Slimes","floor":11.0,"turns":2.0},{"damage":30,"enemies":"3 Sentries","floor":12,"turns":6},{"damage":0,"enemies":"The Mushroom Lair","floor":14,"turns":3},{"damage":24,"enemies":"The Guardian","floor":16,"turns":10},{"damage":2,"enemies":"Chosen","floor":18,"turns":4},{"damage":0,"enemies":"Colosseum Slavers","floor":20,"turns":3},{"damage":22,"enemies":"Colosseum Nobs","floor":20,"turns":4},{"damage":1,"enemies":"2 Thieves","floor":22,"turns":3},{"damage":8,"enemies":"Slavers","floor":23,"turns":2},{"damage":15,"enemies":"Gremlin Leader","floor":28,"turns":5},{"damage":19,"enemies":"Collector","floor":33,"turns":7},{"damage":0,"enemies":"3 Darklings","floor":35,"turns":2},{"damage":9,"enemies":"Nemesis","floor":40,"turns":6},{"damage":6,"enemies":"Orb Walker","floor":44,"turns":3},{"damage":0,"enemies":"Writhing Mass","floor":47,"turns":6},{"damage":17,"enemies":"Giant Head","floor":48,"turns":8},{"damage":44,"enemies":"Awakened One","floor":50,"turns":15},{"damage":0,"enemies":"Shield and Spear","floor":54,"turns":7},{"damage":85,"enemies":"The Heart","floor":55,"turns":11}],"seed_played":"7156303520059492723","potions_obtained":[{"floor":1.0,"key":"SteroidPotion"},{"floor":5.0,"key":"Fire Potion"},{"floor":12,"key":"GhostInAJar"},{"floor":14,"key":"AttackPotion"},{"floor":16,"key":"PowerPotion"},{"floor":21,"key":"EssenceOfSteel"},{"floor":21,"key":"AttackPotion"},{"floor":21,"key":"Energy Potion"},{"floor":23,"key":"Regen Potion"},{"floor":28,"key":"SkillPotion"},{"floor":35,"key":"GamblersBrew"},{"floor":48,"key":"GamblersBrew"},{"floor":54,"key":"EssenceOfSteel"}],"is_trial":false,"path_per_floor":["M","M","$","?","M","E","R","?","T","M","M","E","R","?","R","B",null,"M","$","?","?","M","E","$","R","T","R","E","R","?","?","R","B",null,"M","$","?","$","?","E","$","R","T","M","?","?","M","E","R","B",null,"R","$","E","B",null],"character_chosen":"THE_SILENT","items_purchased":["TwistedFunnel","Anchor","EssenceOfSteel","Backstab","Footwork","Footwork","Skewer+1","GamblersBrew"],"campfire_rested":3,"item_purchase_floors":[19,24,24,36,36,38,53,53],"current_hp_per_floor":[80,76,76,65,65,58,58,58,58,58,58,28,53,53,53,29,84,82,82,60,60,59,51,51,51,51,51,36,76,76,76,76,57,84,84,84,84,84,84,75,75,75,75,69,69,69,69,52,80,36,80,80,80,80,9],"gold":104,"neow_bonus":"ONE_RARE_RELIC","is_prod":false,"is_daily":false,"chose_seed":false,"campfire_upgraded":6,"win_rate":0,"timestamp":1555279133,"path_taken":["M","M","$","?","M","E","R","?","T","?","M","E","R","?","R","BOSS","M","$","?","?","?","E","?","R","T","R","E","R","?","?","R","BOSS","M","$","?","?","?","E","$","R","T","?","?","?","?","E","R","BOSS","R","$","E","BOSS"],"build_version":"2019-01-23","purchased_purges":2,"victory":true,"max_hp_per_floor":[84,84,84,84,84,84,84,84,84,84,84,84,84,84,84,84,84,84,84,84,84,84,84,84,84,84,84,84,84,84,84,84,84,84,84,84,84,84,84,84,84,84,84,84,80,80,80,80,80,80,80,80,80,80,80],"card_choices":[{"not_picked":["Quick Slash","Outmaneuver"],"picked":"PiercingWail","floor":1.0},{"not_picked":["Cloak And Dagger","Underhanded Strike"],"picked":"Flying Knee","floor":2.0},{"not_picked":["Catalyst","Concentrate"],"picked":"Noxious Fumes","floor":5.0},{"not_picked":["Sucker Punch","Underhanded Strike"],"picked":"Well Laid Plans","floor":6.0},{"not_picked":["Prepared","Blade Dance"],"picked":"Die Die Die","floor":10.0},{"not_picked":["Poisoned Stab","Deadly Poison"],"picked":"Caltrops","floor":11},{"not_picked":["Skewer","Quick Slash"],"picked":"Deflect","floor":12},{"not_picked":["Bane","Accuracy"],"picked":"All Out Attack","floor":14},{"not_picked":["Phantasmal Killer","Tools of the Trade"],"picked":"Die Die Die","floor":16},{"not_picked":["PiercingWail+1","Predator+1"],"picked":"Catalyst","floor":18},{"not_picked":["PiercingWail","Expertise"],"picked":"Cloak And Dagger","floor":20},{"not_picked":["Dodge and Roll+1","Expertise","Acrobatics"],"picked":"SKIP","floor":22},{"not_picked":["Flechettes","A Thousand Cuts","Backflip"],"picked":"SKIP","floor":23},{"not_picked":["Dagger Spray","Dodge and Roll"],"picked":"Setup","floor":28},{"not_picked":["Storm of Steel","Malaise"],"picked":"After Image","floor":33},{"not_picked":[],"picked":"Bane","floor":35},{"not_picked":[],"picked":"Prepared+1","floor":40},{"not_picked":["Dash+1"],"picked":"SKIP","floor":44},{"not_picked":[],"picked":"Slice+1","floor":47},{"not_picked":[],"picked":"Blur+1","floor":48},{"not_picked":[],"picked":"Well Laid Plans+1","floor":54}],"player_experience":592677,"relics_obtained":[{"floor":6.0,"key":"Whetstone"},{"floor":9.0,"key":"Snake Skull"},{"floor":12,"key":"MawBank"},{"floor":14,"key":"Odd Mushroom"},{"floor":20,"key":"Incense Burner"},{"floor":20,"key":"Matryoshka"},{"floor":23,"key":"Ice Cream"},{"floor":26,"key":"Regal Pillow"},{"floor":28,"key":"Bottled Tornado"},{"floor":40,"key":"Molten Egg 2"},{"floor":43,"key":"Happy Flower"},{"floor":43,"key":"Centennial Puzzle"},{"floor":48,"key":"Nunchaku"},{"floor":54,"key":"Calipers"}],"event_choices":[{"damage_healed":0.0,"max_hp_gain":0.0,"max_hp_loss":0.0,"gold_gain":75.0,"event_name":"World of Goop","player_choice":"Gather Gold","floor":4.0,"gold_loss":0.0,"damage_taken":11.0},{"cards_removed":["Strike_G"],"damage_healed":0.0,"max_hp_gain":0.0,"max_hp_loss":0.0,"gold_gain":0.0,"event_name":"Bonfire Elementals","player_choice":"Offered Basic","floor":8.0,"gold_loss":0.0,"damage_taken":0.0},{"damage_healed":0,"gold_gain":0,"player_choice":"Fought Mushrooms","damage_taken":0,"max_hp_gain":0,"max_hp_loss":0,"event_name":"Mushrooms","floor":14,"gold_loss":0},{"damage_healed":0,"gold_gain":0,"player_choice":"Fight","damage_taken":0,"max_hp_gain":0,"max_hp_loss":0,"event_name":"Colosseum","floor":20,"gold_loss":0},{"damage_healed":0,"gold_gain":0,"player_choice":"Fought Nobs","damage_taken":0,"max_hp_gain":0,"max_hp_loss":0,"event_name":"Colosseum","floor":20,"gold_loss":0},{"damage_healed":0,"gold_gain":0,"player_choice":"Bought 3 Potions","damage_taken":0,"max_hp_gain":0,"max_hp_loss":0,"event_name":"The Woman in Blue","floor":21,"gold_loss":0},{"damage_healed":0,"gold_gain":0,"player_choice":"Simplicity","damage_taken":0,"max_hp_gain":0,"max_hp_loss":0,"event_name":"Back to Basics","floor":30,"gold_loss":0,"cards_upgraded":["Defend_G","Defend_G","Defend_G","Defend_G","Strike_G","Strike_G","Strike_G","Strike_G"]},{"damage_healed":0,"gold_gain":0,"player_choice":"Inject Mutagens","damage_taken":0,"relics_obtained":["MutagenicStrength"],"max_hp_gain":0,"max_hp_loss":0,"event_name":"Drug Dealer","floor":31,"gold_loss":0},{"cards_removed":["Strike_G"],"damage_healed":0,"gold_gain":0,"player_choice":"Purged","damage_taken":0,"max_hp_gain":0,"max_hp_loss":0,"event_name":"Purifier","floor":37,"gold_loss":0},{"damage_healed":0,"gold_gain":0,"player_choice":"Ignored","damage_taken":0,"max_hp_gain":0,"max_hp_loss":0,"event_name":"NoteForYourself","floor":39,"gold_loss":0},{"damage_healed":0,"gold_gain":0,"player_choice":"Max HP","damage_taken":0,"max_hp_gain":0,"max_hp_loss":4,"event_name":"Winding Halls","floor":45,"gold_loss":0},{"damage_healed":0,"gold_gain":0,"player_choice":"2 cards matched","damage_taken":0,"max_hp_gain":0,"max_hp_loss":0,"event_name":"Match and Keep!","floor":46,"gold_loss":0,"cards_obtained":["Escape Plan","After Image"]}],"is_beta":false,"boss_relics":[{"not_picked":["Velvet Choker","Ring of the Serpent"],"picked":"WristBlade"},{"not_picked":["Sozu","Runic Dome"],"picked":"Busted Crown"}],"items_purged_floors":[3,19],"is_endless":false,"potions_floor_spawned":[1,5,12,14,16,20,23,28,35,48,54],"ascension_level":0}