{"path_per_floor":["M","M","?","M","M","R","E","$","T","?","M","?","M","M","R","B",null,"M","?","?","$","M","M","M","M","T","M","R","M","?","?","R","B",null,"M","$","?","M","?","R","M","R","T","M","R","M"],"character_chosen":"IRONCLAD","items_purchased":["Body Slam","Shrug It Off","True Grit","Bottled Lightning"],"gold_per_floor":[109,129,129,145,163,163,192,75,126,126,142,207,222,235,235,335,335,335,335,335,97,97,97,97,97,97,97,97,97,97,12,12,12,12,12,12,0,0,0,0,0,0,0,0,0,0],"floor_reached":47,"campfire_rested":3,"playtime":9297,"current_hp_per_floor":[70,75,75,83,84,84,71,71,71,76,83,83,92,94,94,55,94,92,92,76,76,72,78,83,86,86,77,77,80,80,80,80,72,97,72,72,72,72,45,75,33,63,63,53,83,57],"items_purged":[],"gold":0,"play_id":"1312e2b3-0f7d-48c0-94eb-1f2b7aaf0f6a","is_prod":false,"is_daily":false,"campfire_rituals":0,"campfire_upgraded":4,"is_hardmode":false,"path_taken":["M","M","?","M","?","R","E","$","T","?","M","?","M","M","R","BOSS","M","?","?","$","M","M","M","M","T","M","R","M","?","?","R","BOSS","M","$","?","M","?","R","?","R","T","M","R","M","M"],"build_version":"2018-01-18-PROD4","purchased_purges":0,"victory":false,"master_deck":["Strike_R","Strike_R","Strike_R","Strike_R","Strike_R","Defend_R","Defend_R","Defend_R","Defend_R","Bash","Feed","Armaments","Iron Wave","Perfected Strike","Flame Barrier","Rage","Body Slam","Shrug It Off","Headbutt","Shrug It Off","Metallicize","Double Tap","Rampage","Power Through","Iron Wave","Berserk","Power Through","Armaments","Rampage"],"max_hp_per_floor":[80,80,80,83,87,87,87,87,87,87,91,91,94,94,94,94,94,94,94,94,94,94,94,94,97,97,97,97,97,97,97,97,97,97,97,97,97,100,103,103,103,103,103,103,103,106],"relics":["Burning Blood","Gremlin Horn","Ancient Tea Set","Ectoplasm","Enchiridion","Bottled Lightning","Prayer Wheel","Happy Flower","Black Star","Red Mask","Unceasing Top","Thread and Needle"],"campfire_meditates":0,"card_choices":[{"not_picked":["Sword Boomerang","Thunderclap"],"picked":"Armaments"},{"not_picked":["Flex","True Grit"],"picked":"Iron Wave"},{"not_picked":["Hemokinesis","Sever Soul"],"picked":"Perfected Strike"},{"not_picked":["Combust","Second Wind"],"picked":"Flame Barrier"},{"not_picked":["Sever Soul","Thunderclap"],"picked":"Rage"},{"not_picked":["Disarm","Cleave"],"picked":"Headbutt"},{"not_picked":["True Grit","Heavy Blade"],"picked":"Shrug It Off"},{"not_picked":["Demon Form","Pummel"],"picked":"Metallicize"},{"not_picked":["Reaper","Brutality"],"picked":"Double Tap"},{"not_picked":["Spot Weakness","Anger"],"picked":"Rampage"},{"not_picked":["Anger","Shockwave"],"picked":"Power Through"},{"not_picked":["Thunderclap","Heavy Blade"],"picked":"Iron Wave"},{"not_picked":["Feed","Reaper"],"picked":"Berserk"},{"not_picked":["Anger","Heavy Blade"],"picked":"Power Through"},{"not_picked":["Burning Pact","Hemokinesis"],"picked":"Armaments"},{"not_picked":["Sword Boomerang","Thunderclap"],"picked":"Rampage"}],"player_experience":91082,"potions_floor_usage":[41,46,46,47],"damage_taken":[{"damage":16.0,"enemies":"Blue Slaver","floor":1.0,"turns":6.0},{"damage":1.0,"enemies":"Cultist","floor":2.0,"turns":4.0},{"damage":1.0,"enemies":"Jaw Worm","floor":4.0,"turns":4.0},{"damage":9.0,"enemies":"Gremlin Gang","floor":5.0,"turns":7.0},{"damage":19.0,"enemies":"Lagavulin","floor":7.0,"turns":8.0},{"damage":3.0,"enemies":"Large Slime","floor":11.0,"turns":6.0},{"damage":0.0,"enemies":"Lots of Slimes","floor":13.0,"turns":5.0},{"damage":2.0,"enemies":"3 Louse","floor":14.0,"turns":3.0},{"damage":45.0,"enemies":"Slime Boss","floor":16.0,"turns":17.0},{"damage":8.0,"enemies":"Spheric Guardian","floor":18.0,"turns":4.0},{"damage":10.0,"enemies":"Shell Parasite","floor":22.0,"turns":6.0},{"damage":0.0,"enemies":"Snecko","floor":23.0,"turns":6.0},{"damage":1.0,"enemies":"Centurion and Healer","floor":24.0,"turns":6.0},{"damage":6.0,"enemies":"Sentry and Sphere","floor":25.0,"turns":6.0},{"damage":15.0,"enemies":"Slaver and Parasite","floor":27.0,"turns":5.0},{"damage":3.0,"enemies":"Centurion and Healer","floor":29.0,"turns":10.0},{"damage":14.0,"enemies":"Champ","floor":33.0,"turns":11.0},{"damage":31,"enemies":"3 Darklings","floor":35,"turns":9},{"damage":9,"enemies":"3 Shapes","floor":38,"turns":4},{"damage":36,"enemies":"Mysterious Sphere","floor":39,"turns":5},{"damage":48,"enemies":"Maw","floor":41,"turns":12},{"damage":16,"enemies":"4 Shapes","floor":44,"turns":6},{"damage":35,"enemies":"Sphere and 2 Shapes","floor":46,"turns":8},{"damage":68,"enemies":"Maw","floor":47,"turns":10}],"event_choices":[{"event_name":"Living Wall","player_choice":"Grow","floor":3.0,"damage_taken":0.0},{"event_name":"Bonfire Elementals","player_choice":"COMMON","floor":10.0,"damage_taken":0.0},{"event_name":"Golden Wing","player_choice":"Gained Gold","floor":12.0,"damage_taken":0.0},{"event_name":"Golden Shrine","player_choice":"Pray","floor":19.0,"damage_taken":0.0},{"event_name":"Cursed Tome","player_choice":"Obtained Book","floor":20.0,"damage_taken":0.0},{"event_name":"Drug Dealer","player_choice":"Ignored","floor":30.0,"damage_taken":0.0},{"event_name":"Addict","player_choice":"Obtained Relic","floor":31.0,"damage_taken":0.0},{"event_name":"Tomb of Lord Red Mask","player_choice":"Paid","floor":37,"damage_taken":0},{"event_name":"Mysterious Sphere","player_choice":"Fight","floor":39,"damage_taken":0}],"boss_relics":[{"not_picked":["Velvet Choker","Runic Cube"],"picked":"Black Star"}],"potions_floor_spawned":[2,11,14,24,25,29,33,38,44,46],"seed_played":"-3996715188068007660","killed_by":"Maw","is_trial":false}