{"gold_per_floor":[114,79,79,91,105,138,154,179,206,235,247,31,60,72,72,150,150,160,160,180,180,190,190,217,232,281,281,301,330,330,357,357,357],"floor_reached":33,"playtime":2018,"items_purged":[],"score":713,"play_id":"ee619f5c-4fc3-4c07-847f-f71079668352","local_time":"20190612132806","is_ascension_mode":true,"campfire_choices":[{"data":"Armaments","floor":15,"key":"SMITH"},{"floor":23,"key":"REST"},{"floor":27,"key":"REST"},{"floor":30,"key":"REST"},{"data":"Inflame","floor":32,"key":"SMITH"}],"neow_cost":"PERCENT_DAMAGE","seed_source_timestamp":2179435519412485,"circlet_count":0,"master_deck":["AscendersBane","Defend_R","Defend_R","Defend_R","Defend_R","Bash+1","Uppercut+1","Armaments+1","Anger","Twin Strike","Ghostly Armor","Inflame+1","Cleave+1","Feed","Body Slam+1","Bite","Bite","Bite","Bite","Bite","Battle Trance","Ghostly Armor","Inflame+1","Shockwave"],"relics":["Burning Blood","Incense Burner","Red Skull","Boot","Happy Flower","Bag of Marbles","HandDrill","Kunai","Snecko Eye","Strawberry","Ancient Tea Set","Whetstone","Lantern"],"potions_floor_usage":[6,7,7,13,16,18,24,25,25,29,29,29,33],"damage_taken":[{"damage":12,"enemies":"Small Slimes","floor":1,"turns":5},{"damage":0,"enemies":"2 Louse","floor":4,"turns":5},{"damage":1,"enemies":"Cultist","floor":5,"turns":3},{"damage":40,"enemies":"3 Sentries","floor":6,"turns":12},{"damage":0,"enemies":"Exordium Wildlife","floor":7,"turns":3},{"damage":25,"enemies":"Gremlin Nob","floor":8,"turns":4},{"damage":7,"enemies":"Lagavulin","floor":10,"turns":7},{"damage":2,"enemies":"3 Louse","floor":11,"turns":4},{"damage":0,"enemies":"Gremlin Nob","floor":13,"turns":2},{"damage":0,"enemies":"Looter","floor":14,"turns":2},{"damage":10,"enemies":"The Guardian","floor":16,"turns":10},{"damage":18,"enemies":"3 Byrds","floor":18,"turns":5},{"damage":52,"enemies":"Colosseum Slavers","floor":19,"turns":4},{"damage":16,"enemies":"Shell Parasite","floor":20,"turns":3},{"damage":0,"enemies":"Chosen and Byrds","floor":22,"turns":4},{"damage":30,"enemies":"Book of Stabbing","floor":24,"turns":5},{"damage":27,"enemies":"Sentry and Sphere","floor":25,"turns":4},{"damage":24,"enemies":"Snake Plant","floor":28,"turns":4},{"damage":21,"enemies":"Slavers","floor":29,"turns":6},{"damage":25,"enemies":"Gremlin Leader","floor":31,"turns":5},{"damage":59,"enemies":"Automaton","floor":33,"turns":6}],"seed_played":"4264995875410791797","potions_obtained":[{"floor":1,"key":"Regen Potion"},{"floor":4,"key":"FearPotion"},{"floor":6,"key":"Energy Potion"},{"floor":10,"key":"SteroidPotion"},{"floor":13,"key":"Swift Potion"},{"floor":14,"key":"Energy Potion"},{"floor":20,"key":"Weak Potion"},{"floor":22,"key":"Ancient Potion"},{"floor":24,"key":"Explosive Potion"},{"floor":28,"key":"EntropicBrew"},{"floor":31,"key":"SkillPotion"}],"is_trial":false,"path_per_floor":["M","?","?","M","M","E","M","E","T","E","M","$","E","M","R","B",null,"M","?","M","?","M","R","E","M","T","R","M","E","R","E","R","B"],"character_chosen":"IRONCLAD","items_purchased":["HandDrill"],"campfire_rested":3,"item_purchase_floors":[12],"current_hp_per_floor":[44,62,62,68,73,54,60,41,41,40,44,44,50,56,56,52,69,60,17,7,7,23,40,36,24,24,44,37,31,51,42,42,0],"gold":357,"neow_bonus":"ONE_RARE_RELIC","is_prod":false,"is_daily":false,"chose_seed":false,"campfire_upgraded":2,"win_rate":0,"timestamp":1560356886,"path_taken":["M","?","?","M","M","E","?","E","T","E","M","$","E","M","R","BOSS","M","?","M","?","M","R","E","M","T","R","M","E","R","E","R","BOSS"],"build_version":"2019-01-23","purchased_purges":0,"victory":false,"max_hp_per_floor":[75,75,75,75,75,75,75,75,75,75,75,75,75,75,75,75,75,78,81,81,56,59,59,66,69,69,69,69,69,69,69,69,69],"card_choices":[{"not_picked":["Heavy Blade","Rupture"],"picked":"Uppercut","floor":1},{"not_picked":["Sever Soul","Metallicize"],"picked":"Armaments","floor":4},{"not_picked":["Warcry","Thunderclap"],"picked":"Anger","floor":5},{"not_picked":["True Grit","Corruption","Entrench"],"picked":"SKIP","floor":6},{"not_picked":["Thunderclap","Bloodletting"],"picked":"Twin Strike","floor":7},{"not_picked":["Body Slam","Shockwave"],"picked":"Ghostly Armor","floor":8},{"not_picked":["True Grit","Burning Pact","Sword Boomerang"],"picked":"SKIP","floor":10},{"not_picked":["Combust","Double Tap","Body Slam"],"picked":"SKIP","floor":11},{"not_picked":["Clothesline","Warcry"],"picked":"Inflame","floor":13},{"not_picked":["Anger","Infernal Blade"],"picked":"Cleave","floor":14},{"not_picked":["Reaper","Bludgeon"],"picked":"Feed","floor":16},{"not_picked":["Intimidate","Sword Boomerang"],"picked":"Body Slam+1","floor":18},{"not_picked":["Cleave","Perfected Strike","Carnage"],"picked":"SKIP","floor":20},{"not_picked":["Anger","Double Tap"],"picked":"Battle Trance","floor":22},{"not_picked":["Perfected Strike","Body Slam"],"picked":"Ghostly Armor","floor":24},{"not_picked":["Thunderclap","Body Slam+1","Rampage"],"picked":"SKIP","floor":25},{"not_picked":["Flex","Cleave","Carnage"],"picked":"SKIP","floor":28},{"not_picked":["Sentinel","Body Slam"],"picked":"Inflame+1","floor":29},{"not_picked":["Wild Strike","Iron Wave"],"picked":"Shockwave","floor":31}],"player_experience":1006235,"relics_obtained":[{"floor":6,"key":"Red Skull"},{"floor":8,"key":"Boot"},{"floor":9,"key":"Happy Flower"},{"floor":10,"key":"Bag of Marbles"},{"floor":13,"key":"Kunai"},{"floor":24,"key":"Strawberry"},{"floor":26,"key":"Ancient Tea Set"},{"floor":29,"key":"Whetstone"},{"floor":31,"key":"Lantern"}],"event_choices":[{"damage_healed":18,"gold_gain":0,"player_choice":"Healed","damage_taken":0,"max_hp_gain":0,"max_hp_loss":0,"event_name":"The Cleric","floor":2,"gold_loss":35},{"damage_healed":0,"gold_gain":0,"player_choice":"Upgraded","damage_taken":0,"max_hp_gain":0,"max_hp_loss":0,"event_name":"Upgrade Shrine","floor":3,"gold_loss":0,"cards_upgraded":["Uppercut"]},{"damage_healed":0,"gold_gain":0,"player_choice":"Fight","damage_taken":0,"max_hp_gain":0,"max_hp_loss":0,"event_name":"Colosseum","floor":19,"gold_loss":0},{"damage_healed":0,"gold_gain":0,"player_choice":"Fled From Nobs","damage_taken":0,"max_hp_gain":0,"max_hp_loss":0,"event_name":"Colosseum","floor":19,"gold_loss":0},{"damage_healed":0,"gold_gain":0,"player_choice":"Became a vampire","damage_taken":0,"max_hp_gain":0,"max_hp_loss":25,"event_name":"Vampires","floor":21,"gold_loss":0,"cards_obtained":["Bite","Bite","Bite","Bite","Bite"]}],"is_beta":false,"boss_relics":[{"not_picked":["Cursed Key","Sozu"],"picked":"Snecko Eye"}],"items_purged_floors":[],"is_endless":false,"potions_floor_spawned":[1,4,6,10,13,14,20,22,24,28,31],"killed_by":"Automaton","ascension_level":18}