{"gold_per_floor":[116,116,127,146,161,161,175,208,281,311,311,323,349,15,15,112,112,128,128,25,37,48,73,85,113,137,137,137,162,162,177,177,274,274,294,309,158,172,185,220,220,251,251,251,351,369,369,388,388,388],"floor_reached":51,"playtime":5877,"items_purged":["Hello World+1"],"score":852,"play_id":"f33419c1-66c9-4a05-9264-68fef6282a6b","local_time":"20190421001816","is_ascension_mode":true,"campfire_choices":[{"data":"Streamline","floor":6.0,"key":"SMITH"},{"data":"Recycle","floor":11.0,"key":"SMITH"},{"floor":15.0,"key":"REST"},{"data":"Defragment","floor":27.0,"key":"SMITH"},{"data":"Doom and Gloom","floor":32.0,"key":"SMITH"},{"floor":41.0,"key":"REST"},{"floor":49,"key":"REST"}],"neow_cost":"NONE","seed_source_timestamp":0,"circlet_count":0,"master_deck":["Defend_B+1","Defend_B","Defend_B","Defend_B","Zap+1","Dualcast","White Noise","Streamline+1","Auto Shields","Coolheaded","Go for the Eyes+1","Doom and Gloom+1","Recycle+1","Melter+1","Self Repair","FTL+1","Rainbow","Force Field+1","Double Energy+1","Meteor Strike+1","Chill","Defragment+1","Cold Snap+1","Seek","Coolheaded+1","White Noise","Hologram+1","Rebound+1","Conserve Battery+1","Buffer","Undo+1","Ball Lightning+1","Static Discharge","Stack+1","Redo+1","Reinforced Body+1","Discovery","Barrage+1"],"special_seed":0,"relics":["Cracked Core","Orichalcum","Molten Egg 2","Mango","War Paint","Gremlin Horn","Astrolabe","Happy Flower","Oddly Smooth Stone","Strawberry","Unceasing Top","Kunai","Velvet Choker","Whetstone","Question Card","Ice Cream"],"potions_floor_usage":[50,50],"damage_taken":[{"damage":6.0,"enemies":"Jaw Worm","floor":1.0,"turns":3.0},{"damage":1.0,"enemies":"2 Louse","floor":3.0,"turns":3.0},{"damage":1.0,"enemies":"Cultist","floor":4.0,"turns":3.0},{"damage":0.0,"enemies":"Large Slime","floor":5.0,"turns":4.0},{"damage":7.0,"enemies":"Looter","floor":7.0,"turns":4.0},{"damage":17.0,"enemies":"Lagavulin","floor":8.0,"turns":6.0},{"damage":8.0,"enemies":"Gremlin Nob","floor":10.0,"turns":4.0},{"damage":6.0,"enemies":"Gremlin Gang","floor":12.0,"turns":3.0},{"damage":3.0,"enemies":"3 Sentries","floor":13.0,"turns":6.0},{"damage":35.0,"enemies":"Hexaghost","floor":16.0,"turns":8.0},{"damage":7.0,"enemies":"2 Thieves","floor":18.0,"turns":4.0},{"damage":4.0,"enemies":"Chosen","floor":21.0,"turns":4.0},{"damage":0.0,"enemies":"Sentry and Sphere","floor":22.0,"turns":3.0},{"damage":15.0,"enemies":"Slavers","floor":23.0,"turns":6.0},{"damage":7.0,"enemies":"Snake Plant","floor":24.0,"turns":4.0},{"damage":9.0,"enemies":"Gremlin Leader","floor":25.0,"turns":8.0},{"damage":30.0,"enemies":"Slavers","floor":29.0,"turns":6.0},{"damage":8.0,"enemies":"Snecko","floor":31.0,"turns":5.0},{"damage":15.0,"enemies":"Collector","floor":33.0,"turns":10.0},{"damage":7.0,"enemies":"3 Shapes","floor":35.0,"turns":5.0},{"damage":1.0,"enemies":"3 Darklings","floor":36.0,"turns":5.0},{"damage":3.0,"enemies":"Transient","floor":38.0,"turns":5.0},{"damage":3.0,"enemies":"Maw","floor":39.0,"turns":9.0},{"damage":88.0,"enemies":"Giant Head","floor":40.0,"turns":12.0},{"damage":0.0,"enemies":"Reptomancer","floor":42.0,"turns":10.0},{"damage":0.0,"enemies":"Mind Bloom Boss Battle","floor":45.0,"turns":9.0},{"damage":0,"enemies":"Sphere and 2 Shapes","floor":46,"turns":4},{"damage":15,"enemies":"Spire Growth","floor":48,"turns":5},{"damage":58,"enemies":"Time Eater","floor":50,"turns":15}],"seed_played":"7917140973988033962","potions_obtained":[{"floor":0.0,"key":"FearPotion"},{"floor":0.0,"key":"Swift Potion"},{"floor":0.0,"key":"SmokeBomb"},{"floor":1.0,"key":"EntropicBrew"},{"floor":5.0,"key":"SkillPotion"},{"floor":12.0,"key":"Dexterity Potion"},{"floor":16.0,"key":"Dexterity Potion"},{"floor":22.0,"key":"Poison Potion"},{"floor":23.0,"key":"PowerPotion"},{"floor":31.0,"key":"Block Potion"},{"floor":38.0,"key":"SkillPotion"},{"floor":39.0,"key":"SneckoOil"},{"floor":40.0,"key":"SteroidPotion"},{"floor":48,"key":"LiquidBronze"}],"is_trial":false,"path_per_floor":["M","?","M","M","M","R","M","E","T","E","R","M","E","$","R","B",null,"M","?","$","M","M","E","M","E","T","R","?","E","T","M","R","B",null,"M","M","$","M","M","E","R","E","T","?","?","M","?","M","R","B",null],"character_chosen":"DEFECT","items_purchased":["Gremlin Horn","FTL+1","Defragment","Cold Snap+1","Static Discharge"],"campfire_rested":3,"item_purchase_floors":[14,14,20,20,37],"current_hp_per_floor":[69,74,73,72,72,72,65,48,48,54,54,48,45,45,73,45,94,94,94,94,90,90,82,82,80,87,87,101,71,71,63,63,55,101,94,93,93,97,101,20,50,57,57,57,64,64,64,56,86,35],"gold":388,"neow_bonus":"THREE_SMALL_POTIONS","is_prod":false,"is_daily":false,"chose_seed":false,"campfire_upgraded":4,"win_rate":0,"timestamp":1555831096,"path_taken":["M","?","M","M","M","R","M","E","T","E","R","M","E","$","R","BOSS","M","?","?","?","M","E","M","E","T","R","?","E","?","?","R","BOSS","M","M","$","M","M","E","R","E","T","?","?","M","?","M","R","BOSS"],"build_version":"2019-01-23","purchased_purges":1,"victory":true,"max_hp_per_floor":[75,80,80,80,80,80,80,80,80,94,94,94,94,94,94,94,94,94,94,94,94,94,94,94,94,101,101,101,101,101,101,101,101,101,101,101,101,101,101,101,101,101,101,101,101,101,101,101,101,101],"card_choices":[{"not_picked":["Hello World","Darkness"],"picked":"White Noise","floor":1.0},{"not_picked":["Storm","Leap"],"picked":"Streamline","floor":3.0},{"not_picked":["Barrage","Beam Cell"],"picked":"Auto Shields","floor":4.0},{"not_picked":["Hyperbeam","Hologram"],"picked":"Coolheaded","floor":5.0},{"not_picked":["Compile Driver","Streamline"],"picked":"Go for the Eyes","floor":7.0},{"not_picked":["Compile Driver","Undo"],"picked":"Doom and Gloom","floor":8.0},{"not_picked":["Steam","Storm"],"picked":"Recycle","floor":10.0},{"not_picked":["Gash+1","Redo"],"picked":"Melter+1","floor":12.0},{"not_picked":["Leap","Compile Driver+1"],"picked":"Self Repair","floor":13.0},{"not_picked":["Thunder Strike+1","All For One+1"],"picked":"Rainbow","floor":16.0},{"not_picked":["Barrage+1","Steam"],"picked":"Hello World+1","floor":18.0},{"not_picked":["Compile Driver+1","Barrage+1"],"picked":"Seek","floor":21.0},{"not_picked":["Go for the Eyes+1","Rebound+1"],"picked":"Coolheaded+1","floor":22.0},{"not_picked":["Leap","Turbo"],"picked":"White Noise","floor":23.0},{"not_picked":["Aggregate+1","Leap+1"],"picked":"Hologram+1","floor":24.0},{"not_picked":["Darkness","Double Energy"],"picked":"Rebound+1","floor":25.0},{"not_picked":["Chill","Go for the Eyes+1"],"picked":"Conserve Battery+1","floor":29.0},{"not_picked":["Streamline+1","Static Discharge+1","Cold Snap+1"],"picked":"SKIP","floor":31.0},{"not_picked":["All For One+1","Fission"],"picked":"Buffer","floor":33.0},{"not_picked":["Beam Cell+1","Sunder+1"],"picked":"Undo+1","floor":35.0},{"not_picked":["Cold Snap+1","Leap"],"picked":"Ball Lightning+1","floor":36.0},{"not_picked":["Steam+1","Barrage+1","Static Discharge"],"picked":"SKIP","floor":38.0},{"not_picked":["Reprogram+1","Machine Learning"],"picked":"Stack+1","floor":39.0},{"not_picked":["Scrape+1","Genetic Algorithm+1"],"picked":"Redo+1","floor":40.0},{"not_picked":["Fusion+1","Rebound+1","Hello World+1"],"picked":"SKIP","floor":42.0},{"not_picked":["Beam Cell+1","Cold Snap+1","Conserve Battery+1"],"picked":"Reinforced Body+1","floor":45},{"not_picked":["Static Discharge+1","Turbo+1","Gash+1","Rebound+1"],"picked":"SKIP","floor":46},{"not_picked":["Trip","Forethought","Deep Breath"],"picked":"Discovery","floor":47},{"not_picked":["Conserve Battery+1","Turbo+1","Redo"],"picked":"Barrage+1","floor":48}],"player_experience":719813,"relics_obtained":[{"floor":8.0,"key":"Orichalcum"},{"floor":9.0,"key":"Molten Egg 2"},{"floor":10.0,"key":"Mango"},{"floor":13.0,"key":"War Paint"},{"floor":23.0,"key":"Happy Flower"},{"floor":25.0,"key":"Oddly Smooth Stone"},{"floor":26.0,"key":"Strawberry"},{"floor":29.0,"key":"Unceasing Top"},{"floor":30.0,"key":"Kunai"},{"floor":40.0,"key":"Whetstone"},{"floor":42.0,"key":"Question Card"},{"floor":45,"key":"Ice Cream"}],"event_choices":[{"damage_healed":0.0,"max_hp_gain":5.0,"max_hp_loss":0.0,"gold_gain":0.0,"event_name":"Big Fish","player_choice":"Donut","floor":2.0,"gold_loss":0.0,"damage_taken":0.0},{"damage_healed":0.0,"max_hp_gain":0.0,"max_hp_loss":0.0,"gold_gain":0.0,"cards_transformed":["Streamline","Strike_B"],"event_name":"Drug Dealer","player_choice":"Became Test Subject","floor":19.0,"gold_loss":0.0,"damage_taken":0.0,"cards_obtained":["Meteor Strike","Chill"]},{"damage_healed":33.0,"max_hp_gain":0.0,"max_hp_loss":0.0,"gold_gain":0.0,"event_name":"The Library","player_choice":"Heal","floor":28.0,"gold_loss":0.0,"damage_taken":0.0},{"damage_healed":0.0,"max_hp_gain":0.0,"max_hp_loss":0.0,"gold_gain":0.0,"event_name":"Mysterious Sphere","player_choice":"Ignored","floor":44.0,"gold_loss":0.0,"damage_taken":0.0},{"damage_healed":0.0,"max_hp_gain":0.0,"max_hp_loss":0.0,"gold_gain":0.0,"event_name":"MindBloom","player_choice":"Fight","floor":45.0,"gold_loss":0.0,"damage_taken":0.0},{"damage_healed":0,"gold_gain":0,"player_choice":"Memory 1","damage_taken":0,"max_hp_gain":0,"max_hp_loss":0,"event_name":"SensoryStone","floor":47,"gold_loss":0}],"is_beta":false,"boss_relics":[{"not_picked":["Nuclear Battery","Orrery"],"picked":"Astrolabe"},{"not_picked":["Tiny House","Pandora\u0027s Box"],"picked":"Velvet Choker"}],"items_purged_floors":[37],"is_endless":false,"potions_floor_spawned":[1,3,5,12,16,22,23,25,31,38,39,40,48],"ascension_level":1}