{"gold_per_floor":[115,115,65,80,80,111,135,135,185,74,74,108,133,158,158,281,281,299,317,317,342,173,173,173],"floor_reached":24,"playtime":2596,"items_purged":["Regret","Writhe"],"score":266,"play_id":"586d4b35-02bf-44b0-a522-2a1f968284d7","local_time":"20181205085044","is_ascension_mode":true,"campfire_choices":[{"data":"Hologram","floor":8.0,"key":"SMITH"},{"data":"Static Discharge","floor":11.0,"key":"SMITH"},{"floor":15.0,"key":"REST"},{"floor":23,"key":"REST"}],"neow_cost":"NONE","seed_source_timestamp":0,"circlet_count":0,"master_deck":["Strike_B","Strike_B","Strike_B","Strike_B","Defend_B","Defend_B","Defend_B","Defend_B","Zap","Dualcast","Conserve Battery","Coolheaded","Beam Cell","Hologram+1","Cold Snap","Static Discharge+1","Sweeping Beam","Hologram","Loop","Buffer","Glacier","Streamline","Gash","Recycle","Stack","Auto Shields","Streamline+1","Go for the Eyes","FTL"],"special_seed":0,"relics":["Cracked Core","NeowsBlessing","Golden Idol","Bronze Scales","Potion Belt","Ancient Tea Set","Pantograph","Orrery","WingedGreaves"],"potions_floor_usage":[21,24],"damage_taken":[{"damage":0.0,"enemies":"Small Slimes","floor":1.0,"turns":1.0},{"damage":0.0,"enemies":"2 Louse","floor":4.0,"turns":1.0},{"damage":0.0,"enemies":"3 Sentries","floor":6.0,"turns":1.0},{"damage":6.0,"enemies":"Jaw Worm","floor":7.0,"turns":3.0},{"damage":9.0,"enemies":"Lagavulin","floor":12.0,"turns":6.0},{"damage":8.0,"enemies":"2 Fungi Beasts","floor":13.0,"turns":3.0},{"damage":6.0,"enemies":"Blue Slaver","floor":14.0,"turns":2.0},{"damage":20.0,"enemies":"Slime Boss","floor":16.0,"turns":10.0},{"damage":24,"enemies":"2 Thieves","floor":18,"turns":4},{"damage":11,"enemies":"Spheric Guardian","floor":19,"turns":6},{"damage":27,"enemies":"Snake Plant","floor":21,"turns":4},{"damage":37,"enemies":"Book of Stabbing","floor":24,"turns":5}],"seed_played":"-5040606210269194227","potions_obtained":[{"floor":1.0,"key":"LiquidBronze"},{"floor":6.0,"key":"Weak Potion"},{"floor":12.0,"key":"Weak Potion"},{"floor":13.0,"key":"GamblersBrew"},{"floor":16.0,"key":"Poison Potion"},{"floor":19,"key":"AttackPotion"},{"floor":21,"key":"Weak Potion"}],"is_trial":false,"path_per_floor":["M","?","$","M","?","E","M","R","T","$","R","E","M","M","R","B",null,"M","M","?","M","$","R","E"],"character_chosen":"DEFECT","items_purchased":["Coolheaded","Static Discharge","FTL"],"campfire_rested":2,"item_purchase_floors":[3,10,22],"current_hp_per_floor":[75,57,57,57,57,57,51,51,51,51,51,42,34,28,50,55,75,51,40,40,13,13,35,0],"gold":173,"neow_bonus":"THREE_ENEMY_KILL","is_prod":false,"is_daily":false,"chose_seed":false,"campfire_upgraded":2,"win_rate":0,"timestamp":1544028644,"path_taken":["M","?","$","M","?","E","M","R","T","$","R","E","M","M","R","BOSS","M","M","?","M","$","R","E"],"build_version":"2018-11-15","purchased_purges":2,"victory":false,"max_hp_per_floor":[75,75,75,75,75,75,75,75,75,75,75,75,75,75,75,75,75,75,75,75,75,75,75,75],"card_choices":[{"not_picked":["Consume","Rebound"],"picked":"Conserve Battery","floor":1.0},{"not_picked":["Double Energy","Darkness"],"picked":"Beam Cell","floor":4.0},{"not_picked":["Rip and Tear","Hyperbeam"],"picked":"Hologram","floor":6.0},{"not_picked":["Ball Lightning","Coolheaded"],"picked":"Cold Snap","floor":7.0},{"not_picked":["Reprogram","Fission"],"picked":"Sweeping Beam","floor":12.0},{"not_picked":["Sweeping Beam","Ball Lightning"],"picked":"Hologram","floor":13.0},{"not_picked":["Ball Lightning","Chaos"],"picked":"Loop","floor":14.0},{"not_picked":["Core Surge","Meteor Strike"],"picked":"Buffer","floor":16.0},{"not_picked":["Force Field","Rebound"],"picked":"Glacier","floor":17},{"not_picked":["Conserve Battery","Leap"],"picked":"Streamline","floor":17},{"not_picked":["Turbo","Steam"],"picked":"Gash","floor":17},{"not_picked":["Consume","Fusion"],"picked":"Recycle","floor":17},{"not_picked":["Recycle","Turbo"],"picked":"Stack","floor":17},{"not_picked":["Amplify","Static Discharge"],"picked":"Auto Shields","floor":18},{"not_picked":["Barrage+1","Leap"],"picked":"Streamline+1","floor":19},{"not_picked":["Streamline","Barrage"],"picked":"Go for the Eyes","floor":21}],"player_experience":455157,"relics_obtained":[{"floor":6.0,"key":"Potion Belt"},{"floor":9.0,"key":"Ancient Tea Set"},{"floor":12.0,"key":"Pantograph"}],"event_choices":[{"damage_healed":0.0,"max_hp_gain":0.0,"max_hp_loss":0.0,"gold_gain":0.0,"event_name":"Golden Idol","player_choice":"Take Damage","floor":2.0,"gold_loss":0.0,"damage_taken":18.0,"relics_obtained":["Golden Idol"]},{"damage_healed":0.0,"max_hp_gain":0.0,"max_hp_loss":0.0,"gold_gain":0.0,"event_name":"Big Fish","player_choice":"Box","floor":5.0,"gold_loss":0.0,"damage_taken":0.0,"relics_obtained":["Bronze Scales"],"cards_obtained":["Regret"]},{"damage_healed":0,"gold_gain":0,"player_choice":"Opened","damage_taken":0,"relics_obtained":["WingedGreaves"],"max_hp_gain":0,"max_hp_loss":0,"event_name":"The Mausoleum","floor":20,"gold_loss":0,"cards_obtained":["Writhe"]}],"is_beta":false,"boss_relics":[{"not_picked":["Ectoplasm","Tiny House"],"picked":"Orrery"}],"items_purged_floors":[10,22],"is_endless":false,"potions_floor_spawned":[1,6,12,13,16,19,21],"killed_by":"Book of Stabbing","ascension_level":3}