{"gold_per_floor":[109,119,69,69,89,89,103,103,103,103,3,3,15,30,30,133,133,147,47,47,2,0,0,0,46,69,101,101,116,116,130,130,230,230,247,56,56,73,92,92,124,61,61,61,61,61],"floor_reached":46,"playtime":2119,"items_purged":["Defend_B","Strike_B","Strike_B"],"score":499,"play_id":"3f6be101-d4f8-47c5-976a-fe2a03e24d3d","local_time":"20190420123522","is_ascension_mode":true,"campfire_choices":[{"data":"Zap","floor":6.0,"key":"SMITH"},{"data":"Defend_B","floor":8.0,"key":"SMITH"},{"floor":10.0,"key":"REST"},{"data":"Coolheaded","floor":15.0,"key":"SMITH"},{"data":"Sweeping Beam","floor":23.0,"key":"SMITH"},{"floor":30.0,"key":"REST"},{"floor":32.0,"key":"REST"},{"floor":40.0,"key":"REST"}],"neow_cost":"NONE","seed_source_timestamp":0,"circlet_count":0,"master_deck":["Defend_B+1","Zap+1","Dualcast+1","Coolheaded+1","Sweeping Beam+1","Steam Power"],"special_seed":0,"relics":["Cracked Core","Sundial","Lizard Tail","Enchiridion","Bag of Marbles","Regal Pillow","Ornamental Fan","Busted Crown","Membership Card","Pen Nib","Bronze Scales"],"potions_floor_usage":[],"damage_taken":[{"damage":7.0,"enemies":"Small Slimes","floor":1.0,"turns":4.0},{"damage":3.0,"enemies":"2 Louse","floor":2.0,"turns":4.0},{"damage":0.0,"enemies":"Cultist","floor":5.0,"turns":4.0},{"damage":6.0,"enemies":"Exordium Wildlife","floor":7.0,"turns":4.0},{"damage":0.0,"enemies":"2 Fungi Beasts","floor":13.0,"turns":3.0},{"damage":0.0,"enemies":"3 Louse","floor":14.0,"turns":3.0},{"damage":27.0,"enemies":"The Guardian","floor":16.0,"turns":16.0},{"damage":15.0,"enemies":"Spheric Guardian","floor":18.0,"turns":5.0},{"damage":40.0,"enemies":"Slavers","floor":27.0,"turns":4.0},{"damage":0.0,"enemies":"3 Byrds","floor":29.0,"turns":3.0},{"damage":10.0,"enemies":"Centurion and Healer","floor":31.0,"turns":5.0},{"damage":36.0,"enemies":"Automaton","floor":33.0,"turns":12.0},{"damage":15.0,"enemies":"3 Shapes","floor":35.0,"turns":5.0},{"damage":0.0,"enemies":"Orb Walker","floor":38.0,"turns":3.0},{"damage":8.0,"enemies":"Spire Growth","floor":39.0,"turns":5.0},{"damage":70.0,"enemies":"Reptomancer","floor":41.0,"turns":11.0},{"damage":68,"enemies":"Giant Head","floor":46,"turns":9}],"seed_played":"8838021575703470416","potions_obtained":[{"floor":5.0,"key":"FearPotion"},{"floor":13.0,"key":"Swift Potion"},{"floor":16.0,"key":"SpeedPotion"},{"floor":29.0,"key":"Fire Potion"},{"floor":38.0,"key":"Block Potion"}],"is_trial":false,"path_per_floor":["M","M","?","?","M","R","M","R","T","R","$","?","M","M","R","B",null,"M","$","?","$","?","R","?","T","T","E","?","M","R","M","R","B",null,"M","$","?","M","M","R","E","$","T","$","?","E"],"character_chosen":"DEFECT","items_purchased":["Coolheaded","Sweeping Beam","Membership Card"],"campfire_rested":4,"item_purchase_floors":[11,21,36],"current_hp_per_floor":[68,65,65,58,58,58,52,52,52,74,74,75,75,75,75,48,75,60,60,60,60,60,60,44,44,44,4,4,4,41,31,68,32,75,60,60,60,60,52,75,5,5,5,5,5,0],"gold":61,"neow_bonus":"UPGRADE_CARD","is_prod":false,"is_daily":false,"chose_seed":false,"campfire_upgraded":4,"win_rate":0,"timestamp":1555756522,"path_taken":["M","M","?","?","M","R","M","R","T","R","$","?","?","M","R","BOSS","M","$","?","$","?","R","?","?","T","E","?","M","R","?","R","BOSS","M","$","?","M","?","R","E","$","T","?","?","E"],"build_version":"2019-01-23","purchased_purges":3,"victory":false,"max_hp_per_floor":[75,75,75,75,75,75,75,75,75,75,75,75,75,75,75,75,75,75,75,75,75,75,75,75,75,75,75,75,75,75,75,75,75,75,75,75,75,75,75,75,75,75,75,75,75,75],"card_choices":[{"not_picked":["Rebound","Chill","Hello World"],"picked":"SKIP","floor":1.0},{"not_picked":["Turbo","Defragment","Lockon"],"picked":"SKIP","floor":2.0},{"not_picked":["Hello World","Barrage","Undo"],"picked":"SKIP","floor":5.0},{"not_picked":["Streamline","Reprogram","Conserve Battery"],"picked":"SKIP","floor":7.0},{"not_picked":["Darkness","Core Surge","Reinforced Body"],"picked":"SKIP","floor":13.0},{"not_picked":["Leap","Redo","Beam Cell"],"picked":"SKIP","floor":14.0},{"not_picked":["Steam Power","Hologram","Go for the Eyes"],"picked":"SKIP","floor":18.0},{"not_picked":["Beam Cell","Cold Snap","Coolheaded+1"],"picked":"SKIP","floor":27.0},{"not_picked":["Undo","Stack+1","Go for the Eyes"],"picked":"SKIP","floor":29.0},{"not_picked":["Scrape","Reprogram","Lockon"],"picked":"SKIP","floor":31.0},{"not_picked":["FTL"],"picked":"SKIP","floor":35.0},{"not_picked":["Stack+1"],"picked":"SKIP","floor":38.0},{"not_picked":["Leap+1"],"picked":"SKIP","floor":39.0},{"not_picked":["Core Surge"],"picked":"SKIP","floor":41.0}],"player_experience":131024,"relics_obtained":[{"floor":9.0,"key":"Sundial"},{"floor":24.0,"key":"Enchiridion"},{"floor":25.0,"key":"Bag of Marbles"},{"floor":26.0,"key":"Regal Pillow"},{"floor":27.0,"key":"Ornamental Fan"},{"floor":41.0,"key":"Pen Nib"},{"floor":43.0,"key":"Bronze Scales"}],"event_choices":[{"cards_removed":["Strike_B"],"damage_healed":0.0,"max_hp_gain":0.0,"max_hp_loss":0.0,"gold_gain":0.0,"event_name":"The Cleric","player_choice":"Card Removal","floor":3.0,"gold_loss":50.0,"damage_taken":0.0},{"cards_removed":["Strike_B"],"damage_healed":0.0,"max_hp_gain":0.0,"max_hp_loss":0.0,"gold_gain":0.0,"event_name":"Golden Wing","player_choice":"Card Removal","floor":4.0,"gold_loss":0.0,"damage_taken":7.0},{"damage_healed":1.0,"max_hp_gain":0.0,"max_hp_loss":0.0,"gold_gain":0.0,"event_name":"Wheel of Change","player_choice":"Full Heal","floor":12.0,"gold_loss":0.0,"damage_taken":0.0},{"damage_healed":0.0,"max_hp_gain":0.0,"max_hp_loss":0.0,"gold_gain":0.0,"event_name":"Ghosts","player_choice":"Ignored","floor":20.0,"gold_loss":0.0,"damage_taken":0.0},{"damage_healed":0.0,"max_hp_gain":0.0,"max_hp_loss":0.0,"gold_gain":0.0,"event_name":"Masked Bandits","player_choice":"Paid Fearfully","floor":22.0,"gold_loss":2.0,"damage_taken":0.0},{"damage_healed":0.0,"max_hp_gain":0.0,"max_hp_loss":0.0,"gold_gain":0.0,"event_name":"Cursed Tome","player_choice":"Obtained Book","floor":24.0,"gold_loss":0.0,"damage_taken":16.0},{"damage_healed":0.0,"max_hp_gain":0.0,"max_hp_loss":0.0,"gold_gain":0.0,"event_name":"N\u0027loth","player_choice":"Ignored","floor":28.0,"gold_loss":0.0,"damage_taken":0.0},{"cards_removed":["Defend_B"],"damage_healed":0.0,"max_hp_gain":0.0,"max_hp_loss":0.0,"gold_gain":0.0,"event_name":"Purifier","player_choice":"Purged","floor":37.0,"gold_loss":0.0,"damage_taken":0.0},{"damage_healed":0.0,"max_hp_gain":0.0,"max_hp_loss":0.0,"gold_gain":0.0,"cards_transformed":["Defend_B"],"event_name":"Transmorgrifier","player_choice":"Transformed","floor":45.0,"gold_loss":0.0,"damage_taken":0.0,"cards_obtained":["Steam Power"]}],"is_beta":false,"boss_relics":[{"not_picked":["Black Star","Fusion Hammer"],"picked":"Lizard Tail"},{"not_picked":["White Beast Statue","Philosopher\u0027s Stone"],"picked":"Busted Crown"}],"items_purged_floors":[11,19,42],"is_endless":false,"potions_floor_spawned":[5,13,16,18,29,38],"killed_by":"Giant Head","ascension_level":2}