{"gold_per_floor":[113,128,128,93,108,108,119,119,119,134,159,177,137,155,155,254,254,274,287,287,302,320,347,347,359,359,376,376,376,23,41,41,41],"floor_reached":33,"playtime":2192,"items_purged":[],"score":273,"play_id":"45fa44ec-553c-4184-921b-88a7c724cce9","local_time":"20190302073400","is_ascension_mode":false,"campfire_choices":[{"data":"Zap","floor":6.0,"key":"SMITH"},{"data":"Go for the Eyes","floor":8.0,"key":"SMITH"},{"floor":15.0,"key":"REST"},{"floor":24,"key":"REST"},{"floor":32,"key":"REST"}],"neow_cost":"NONE","seed_source_timestamp":0,"circlet_count":0,"master_deck":["Strike_B","Strike_B","Strike_B","Strike_B","Defend_B","Defend_B","Defend_B","Defend_B","Zap+1","Dualcast","Compile Driver","Coolheaded","Ball Lightning","Go for the Eyes+1","Darkness","Glacier","Rebound","Machine Learning+1","Static Discharge","Leap","Hologram","Conserve Battery+1","Hello World","Buffer","Dark Shackles+1","White Noise+1"],"special_seed":0,"relics":["Cracked Core","Orichalcum","Darkstone Periapt","Eternal Feather","Toxic Egg 2","Incense Burner","Molten Egg 2"],"potions_floor_usage":[23,27,31,33],"damage_taken":[{"damage":5.0,"enemies":"Jaw Worm","floor":1.0,"turns":5.0},{"damage":1.0,"enemies":"Cultist","floor":2.0,"turns":3.0},{"damage":7.0,"enemies":"Small Slimes","floor":5.0,"turns":3.0},{"damage":0.0,"enemies":"3 Louse","floor":7.0,"turns":2.0},{"damage":7.0,"enemies":"Exordium Wildlife","floor":10.0,"turns":4.0},{"damage":10.0,"enemies":"Lagavulin","floor":11.0,"turns":5.0},{"damage":7.0,"enemies":"Large Slime","floor":12.0,"turns":5.0},{"damage":3.0,"enemies":"2 Fungi Beasts","floor":14.0,"turns":3.0},{"damage":11.0,"enemies":"The Guardian","floor":16.0,"turns":12.0},{"damage":3.0,"enemies":"Chosen","floor":18.0,"turns":4.0},{"damage":9.0,"enemies":"Spheric Guardian","floor":19.0,"turns":3.0},{"damage":20.0,"enemies":"Chosen and Byrds","floor":21.0,"turns":8.0},{"damage":29.0,"enemies":"Snake Plant","floor":22.0,"turns":4.0},{"damage":25,"enemies":"Book of Stabbing","floor":23,"turns":7},{"damage":29,"enemies":"3 Cultists","floor":25,"turns":6},{"damage":4,"enemies":"Snecko","floor":27,"turns":7},{"damage":27,"enemies":"Sentry and Sphere","floor":31,"turns":12},{"damage":66,"enemies":"Automaton","floor":33,"turns":10}],"seed_played":"-7454284074249546215","potions_obtained":[{"floor":2.0,"key":"GamblersBrew"},{"floor":5.0,"key":"Dexterity Potion"},{"floor":10.0,"key":"Strength Potion"},{"floor":13.0,"key":"Fruit Juice"},{"floor":13.0,"key":"SpeedPotion"},{"floor":16.0,"key":"Dexterity Potion"},{"floor":22,"key":"Strength Potion"},{"floor":23,"key":"GamblersBrew"},{"floor":25,"key":"Fire Potion"},{"floor":31,"key":"Regen Potion"}],"is_trial":false,"path_per_floor":["M","M","$","?","M","R","M","R","T","M","E","M","?","M","R","B",null,"M","M","?","M","M","E","R","M","T","M","?","?","$","M","R","B"],"character_chosen":"DEFECT","items_purchased":["Dark Shackles+1","Molten Egg 2"],"campfire_rested":3,"item_purchase_floors":[30,30],"current_hp_per_floor":[77,76,76,82,75,75,75,75,75,68,58,51,51,53,79,68,87,84,75,75,55,26,1,39,10,10,6,6,35,35,8,49,0],"gold":41,"neow_bonus":"TEN_PERCENT_HP_BONUS","is_prod":false,"is_daily":false,"chose_seed":false,"campfire_upgraded":2,"win_rate":0,"timestamp":1551540840,"path_taken":["M","M","$","?","M","R","M","R","T","M","E","M","?","M","R","BOSS","M","?","?","M","M","E","R","M","T","?","?","?","?","M","R","BOSS"],"build_version":"2019-01-23","purchased_purges":0,"victory":false,"max_hp_per_floor":[82,82,82,82,82,82,82,82,82,82,82,82,82,87,87,87,87,87,87,87,87,87,87,87,87,87,87,87,87,87,87,87,87],"card_choices":[{"not_picked":["Sweeping Beam","Heatsinks"],"picked":"Compile Driver","floor":1.0},{"not_picked":["Steam","Rebound"],"picked":"Coolheaded","floor":2.0},{"not_picked":["Beam Cell","Consume"],"picked":"Ball Lightning","floor":5.0},{"not_picked":["Aggregate","Ball Lightning"],"picked":"Go for the Eyes","floor":7.0},{"not_picked":["Hello World","Gash","Sweeping Beam"],"picked":"SKIP","floor":10.0},{"not_picked":["Meteor Strike","Double Energy"],"picked":"Darkness","floor":11.0},{"not_picked":["Ball Lightning","Reinforced Body"],"picked":"Glacier","floor":12.0},{"not_picked":["Leap","Consume"],"picked":"Rebound","floor":14.0},{"not_picked":["All For One","Hyperbeam"],"picked":"Machine Learning","floor":16.0},{"not_picked":["Loop","Leap"],"picked":"Static Discharge","floor":18.0},{"not_picked":["Steam","Turbo"],"picked":"Leap","floor":19.0},{"not_picked":["Sweeping Beam+1","Redo"],"picked":"Hologram","floor":21.0},{"not_picked":["Coolheaded","Turbo"],"picked":"Conserve Battery+1","floor":22},{"not_picked":["Sunder","Ball Lightning"],"picked":"Hello World","floor":23},{"not_picked":["Barrage","Gash","Rip and Tear"],"picked":"SKIP","floor":25},{"not_picked":["Rebound+1","Stack+1"],"picked":"Buffer","floor":27},{"not_picked":["Stack+1","Recycle+1"],"picked":"White Noise+1","floor":31}],"player_experience":537407,"relics_obtained":[{"floor":9.0,"key":"Orichalcum"},{"floor":11.0,"key":"Darkstone Periapt"},{"floor":23,"key":"Toxic Egg 2"},{"floor":26,"key":"Incense Burner"}],"event_choices":[{"damage_healed":20.0,"max_hp_gain":0.0,"max_hp_loss":0.0,"gold_gain":0.0,"event_name":"The Cleric","player_choice":"Healed","floor":4.0,"gold_loss":35.0,"damage_taken":0.0},{"damage_healed":0.0,"max_hp_gain":0.0,"max_hp_loss":0.0,"gold_gain":0.0,"event_name":"The Woman in Blue","player_choice":"Bought 3 Potions","floor":13.0,"gold_loss":0.0,"damage_taken":0.0},{"damage_healed":0.0,"max_hp_gain":0.0,"max_hp_loss":0.0,"gold_gain":0.0,"event_name":"Upgrade Shrine","player_choice":"Upgraded","floor":20.0,"gold_loss":0.0,"damage_taken":0.0,"cards_upgraded":["Machine Learning"]},{"damage_healed":0,"gold_gain":0,"player_choice":"Ignored","damage_taken":0,"max_hp_gain":0,"max_hp_loss":0,"event_name":"Cursed Tome","floor":28,"gold_loss":0},{"damage_healed":29,"gold_gain":0,"player_choice":"Heal","damage_taken":0,"max_hp_gain":0,"max_hp_loss":0,"event_name":"The Library","floor":29,"gold_loss":0}],"is_beta":false,"boss_relics":[{"not_picked":["Empty Cage","Runic Pyramid"],"picked":"Eternal Feather"}],"items_purged_floors":[],"is_endless":false,"potions_floor_spawned":[2,5,10,16,22,23,25,31],"killed_by":"Automaton","ascension_level":0}