{"gold_per_floor":[109,29,29,44,44,74,74,105,105,118,43,53,103,122,122,193,193,208,218,238,238,112,112,140,152,241,22,35,48,63,82,82,82],"floor_reached":33,"playtime":2232,"items_purged":["Strike_G"],"score":673,"play_id":"ba9469df-6bad-4fd0-abb8-ff4d6f3043cf","local_time":"20190407221009","is_ascension_mode":true,"campfire_choices":[{"floor":7,"key":"REST"},{"data":"Cloak And Dagger","floor":15,"key":"SMITH"},{"data":"After Image","floor":23,"key":"SMITH"},{"floor":25,"key":"REST"},{"data":"Choke","floor":32,"key":"SMITH"}],"neow_cost":"NONE","seed_source_timestamp":184739435496301,"circlet_count":0,"master_deck":["AscendersBane","Defend_G","Defend_G+1","Defend_G","Defend_G+1","Defend_G","Strike_G","Strike_G","Survivor","Neutralize","Backstab","Sucker Punch","Choke+1","Cloak And Dagger+1","Glass Knife","Dodge and Roll","Flying Knee","Deflect","PiercingWail","Leg Sweep","After Image+1","Dash","Dagger Spray","Underhanded Strike","Dodge and Roll","Acrobatics","Night Terror","Backflip","Backflip+1","Blade Dance+1","Blur","Dagger Throw+1"],"relics":["Ring of the Snake","NeowsBlessing","Gambling Chip","Kunai","Prayer Wheel","Snecko Eye","Matryoshka","MawBank","Tiny Chest"],"potions_floor_usage":[24,33,33],"damage_taken":[{"damage":0,"enemies":"Jaw Worm","floor":1,"turns":1},{"damage":0,"enemies":"Small Slimes","floor":4,"turns":1},{"damage":0,"enemies":"3 Sentries","floor":6,"turns":1},{"damage":24,"enemies":"Gremlin Nob","floor":8,"turns":4},{"damage":0,"enemies":"Cultist","floor":10,"turns":2},{"damage":0,"enemies":"Looter","floor":12,"turns":3},{"damage":3,"enemies":"3 Louse","floor":14,"turns":4},{"damage":0,"enemies":"The Guardian","floor":16,"turns":19},{"damage":1,"enemies":"2 Thieves","floor":18,"turns":5},{"damage":0,"enemies":"3 Byrds","floor":19,"turns":6},{"damage":15,"enemies":"Snake Plant","floor":20,"turns":7},{"damage":6,"enemies":"Book of Stabbing","floor":24,"turns":8},{"damage":4,"enemies":"Snecko","floor":28,"turns":6},{"damage":0,"enemies":"Centurion and Healer","floor":29,"turns":7},{"damage":6,"enemies":"Snake Plant","floor":30,"turns":11},{"damage":0,"enemies":"Shelled Parasite and Fungi","floor":31,"turns":6},{"damage":45,"enemies":"Automaton","floor":33,"turns":6}],"seed_played":"-100294550895383825","potions_obtained":[{"floor":6,"key":"Dexterity Potion"},{"floor":8,"key":"SkillPotion"},{"floor":12,"key":"SpeedPotion"},{"floor":16,"key":"SteroidPotion"},{"floor":30,"key":"Ancient Potion"},{"floor":31,"key":"SpeedPotion"}],"is_trial":false,"path_per_floor":["M","$","?","M","?","E","R","E","T","M","?","M","?","M","R","B",null,"M","M","M","?","$","R","E","R","T","$","M","M","M","M","R","B"],"character_chosen":"THE_SILENT","items_purchased":["Backstab","Acrobatics","Night Terror","Strength Potion"],"campfire_rested":2,"item_purchase_floors":[2,22,27,27],"current_hp_per_floor":[59,59,39,39,39,39,58,34,34,34,34,34,34,31,31,31,57,56,56,41,41,41,41,35,54,54,54,50,50,44,44,44,0],"gold":82,"neow_bonus":"THREE_ENEMY_KILL","is_prod":false,"is_daily":false,"chose_seed":false,"campfire_upgraded":3,"win_rate":0,"timestamp":1554689409,"path_taken":["M","$","?","M","?","E","R","E","T","?","?","M","?","M","R","BOSS","M","M","M","?","?","R","E","R","T","$","M","M","M","M","R","BOSS"],"build_version":"2019-01-23","purchased_purges":1,"victory":false,"max_hp_per_floor":[66,66,66,66,66,66,66,66,66,66,66,66,66,66,66,66,66,66,66,66,66,66,66,66,66,66,66,66,66,66,66,66,66],"card_choices":[{"not_picked":["Backflip","Heel Hook","Blade Dance"],"picked":"SKIP","floor":1},{"not_picked":["Catalyst","Slice"],"picked":"Sucker Punch","floor":4},{"not_picked":["Finisher","Unload"],"picked":"Cloak And Dagger","floor":6},{"not_picked":["Prepared","Sucker Punch"],"picked":"Glass Knife","floor":8},{"not_picked":["Dagger Spray","Heel Hook"],"picked":"Dodge and Roll","floor":10},{"not_picked":["Blade Dance","Deadly Poison"],"picked":"Flying Knee","floor":10},{"not_picked":["Slice","Poisoned Stab"],"picked":"Deflect","floor":12},{"not_picked":["Slice","Quick Slash","Backstab"],"picked":"SKIP","floor":12},{"not_picked":["Slice","Quick Slash","Backstab"],"picked":"SKIP","floor":12},{"not_picked":["Acrobatics","Choke"],"picked":"PiercingWail","floor":14},{"not_picked":["Crippling Poison","Dagger Throw"],"picked":"Leg Sweep","floor":14},{"not_picked":["Adrenaline","Die Die Die"],"picked":"After Image","floor":16},{"not_picked":["Slice","Riddle With Holes"],"picked":"Dash","floor":18},{"not_picked":["Blade Dance","Deflect"],"picked":"Dagger Spray","floor":18},{"not_picked":["Choke","Flying Knee"],"picked":"Underhanded Strike","floor":19},{"not_picked":["Caltrops","Blade Dance"],"picked":"Dodge and Roll","floor":19},{"not_picked":["Dodge and Roll","Sucker Punch","Escape Plan+1"],"picked":"SKIP","floor":20},{"not_picked":["Sucker Punch","Prepared","Quick Slash"],"picked":"SKIP","floor":20},{"not_picked":["Catalyst","Escape Plan+1","Reflex+1"],"picked":"SKIP","floor":24},{"not_picked":["Caltrops","Quick Slash"],"picked":"Backflip","floor":28},{"not_picked":["Predator+1","Slice","Endless Agony"],"picked":"SKIP","floor":28},{"not_picked":["Bouncing Flask","Backstab","Skewer"],"picked":"SKIP","floor":29},{"not_picked":["Deflect","Backstab","Riddle With Holes"],"picked":"SKIP","floor":29},{"not_picked":["Poisoned Stab","Heel Hook"],"picked":"Backflip+1","floor":30},{"not_picked":["Die Die Die","Underhanded Strike"],"picked":"Blade Dance+1","floor":30},{"not_picked":["Prepared+1","Flying Knee"],"picked":"Blur","floor":31},{"not_picked":["Slice","Backstab+1"],"picked":"Dagger Throw+1","floor":31}],"player_experience":603906,"relics_obtained":[{"floor":6,"key":"Gambling Chip"},{"floor":8,"key":"Kunai"},{"floor":9,"key":"Prayer Wheel"},{"floor":24,"key":"MawBank"},{"floor":26,"key":"Tiny Chest"}],"event_choices":[{"damage_healed":0,"gold_gain":0,"player_choice":"Entered Light","damage_taken":20,"max_hp_gain":0,"max_hp_loss":0,"event_name":"Shining Light","floor":3,"gold_loss":0,"cards_upgraded":["Defend_G","Defend_G"]},{"damage_healed":0,"gold_gain":0,"cards_transformed":["Strike_G"],"player_choice":"Change","damage_taken":0,"max_hp_gain":0,"max_hp_loss":0,"event_name":"Living Wall","floor":5,"gold_loss":0,"cards_obtained":["Choke"]},{"cards_removed":["Strike_G"],"damage_healed":0,"gold_gain":0,"player_choice":"Card Removal","damage_taken":0,"max_hp_gain":0,"max_hp_loss":0,"event_name":"The Cleric","floor":11,"gold_loss":75},{"damage_healed":0,"gold_gain":50,"player_choice":"Gained Gold","damage_taken":0,"max_hp_gain":0,"max_hp_loss":0,"event_name":"Golden Wing","floor":13,"gold_loss":0},{"damage_healed":0,"gold_gain":0,"player_choice":"Gave Potion","damage_taken":0,"relics_obtained":["Matryoshka"],"max_hp_gain":0,"max_hp_loss":0,"event_name":"WeMeetAgain","floor":21,"gold_loss":0}],"is_beta":false,"boss_relics":[{"not_picked":["Runic Pyramid","Philosopher\u0027s Stone"],"picked":"Snecko Eye"}],"items_purged_floors":[22],"is_endless":false,"potions_floor_spawned":[6,8,12,16,18,30,31],"killed_by":"Automaton","ascension_level":18}