{"gold_per_floor":[359,372,141,157,177,203,203,221,221,221,238,92,92,92,92,188,188,199,27,42,68,35,49,59,158,184,226,238,300,332,361,373,485,497,523,254,267,285,285],"floor_reached":39,"playtime":2317,"items_purged":["Regret","Strike_B","Defend_B"],"score":430,"play_id":"5e11b5fe-3703-49e4-8ef6-1fe3c0341d62","local_time":"20190418154604","is_ascension_mode":false,"campfire_choices":[{"data":"Dualcast","floor":7,"key":"SMITH"},{"data":"Zap","floor":10,"key":"SMITH"},{"data":"Consume","floor":15,"key":"SMITH"},{"floor":28,"key":"REST"},{"floor":32,"key":"RECALL"}],"neow_cost":"CURSE","seed_source_timestamp":2162382551826,"circlet_count":0,"master_deck":["Defend_B","Defend_B","Zap+1","Dualcast+1","Leap","Darkness+1","Leap","Glacier","Leap","Ball Lightning","Consume+1","Multi-Cast","Self Repair+1","Capacitor","Ball Lightning","BootSequence","Barrage","Skim+1","Doom and Gloom+1","Coolheaded+1","Buffer","Tempest+1","Creative AI+1","Undo+1","Storm+1","Auto Shields+1"],"relics":["Cracked Core","Omamori","Bronze Scales","Art of War","Eternal Feather","Orichalcum","MawBank","Meat on the Bone","Astrolabe","War Paint"],"potions_floor_usage":[16,23,27,27,31,39],"damage_taken":[{"damage":4,"enemies":"2 Louse","floor":1,"turns":3},{"damage":2,"enemies":"Small Slimes","floor":2,"turns":3},{"damage":1,"enemies":"Cultist","floor":4,"turns":3},{"damage":3,"enemies":"2 Fungi Beasts","floor":5,"turns":5},{"damage":13,"enemies":"3 Sentries","floor":6,"turns":16},{"damage":0,"enemies":"Large Slime","floor":8,"turns":6},{"damage":4,"enemies":"Exordium Thugs","floor":11,"turns":4},{"damage":2,"enemies":"Slime Boss","floor":16,"turns":7},{"damage":20,"enemies":"2 Thieves","floor":18,"turns":3},{"damage":3,"enemies":"Shell Parasite","floor":20,"turns":6},{"damage":8,"enemies":"Shelled Parasite and Fungi","floor":23,"turns":5},{"damage":9,"enemies":"Centurion and Healer","floor":24,"turns":9},{"damage":45,"enemies":"Slavers","floor":27,"turns":6},{"damage":12,"enemies":"Snake Plant","floor":30,"turns":4},{"damage":8,"enemies":"3 Cultists","floor":31,"turns":5},{"damage":56,"enemies":"Collector","floor":33,"turns":17},{"damage":0,"enemies":"3 Shapes","floor":35,"turns":5},{"damage":10,"enemies":"Orb Walker","floor":37,"turns":5},{"damage":41,"enemies":"4 Shapes","floor":38,"turns":6},{"damage":55,"enemies":"2 Orb Walkers","floor":39,"turns":4}],"seed_played":"4831897612013447534","potions_obtained":[{"floor":4,"key":"GamblersBrew"},{"floor":5,"key":"Strength Potion"},{"floor":11,"key":"Energy Potion"},{"floor":20,"key":"Ancient Potion"},{"floor":23,"key":"Fire Potion"},{"floor":27,"key":"FocusPotion"},{"floor":30,"key":"LiquidBronze"},{"floor":38,"key":"GamblersBrew"}],"is_trial":false,"path_per_floor":["M","M","$","M","M","E","R","M","T","R","M","$","?","?","R","B",null,"M","$","M","T","$","M","M","?","T","E","R","?","M","M","R","B",null,"M","$","M","M","?"],"character_chosen":"DEFECT","items_purchased":["Omamori","Art of War","Capacitor","BootSequence","War Paint"],"campfire_rested":1,"item_purchase_floors":[3,12,19,22,36],"current_hp_per_floor":[71,69,69,68,65,52,52,52,52,52,48,48,48,48,48,46,75,55,55,62,62,62,54,55,55,55,20,54,54,52,54,66,32,75,75,75,75,46,0],"gold":285,"neow_bonus":"TWO_FIFTY_GOLD","is_prod":false,"is_daily":false,"chose_seed":false,"campfire_upgraded":3,"win_rate":0,"timestamp":1555613164,"path_taken":["M","M","$","M","M","E","R","M","T","R","M","$","?","?","R","BOSS","M","$","M","?","$","M","M","?","T","E","R","?","M","M","R","BOSS","M","$","M","M","?"],"build_version":"2019-01-23","purchased_purges":3,"victory":false,"max_hp_per_floor":[75,75,75,75,75,75,75,75,75,75,75,75,75,75,75,75,75,75,75,75,75,75,75,75,75,75,75,75,75,75,75,75,75,75,75,75,75,75,75],"card_choices":[{"not_picked":["Beam Cell","Turbo"],"picked":"Leap","floor":1},{"not_picked":["Hologram","Genetic Algorithm"],"picked":"Darkness","floor":2},{"not_picked":["Barrage","Hologram"],"picked":"Leap","floor":4},{"not_picked":["Redo","Stack"],"picked":"Glacier","floor":5},{"not_picked":["Rebound","Streamline"],"picked":"Leap","floor":6},{"not_picked":["Lockon","Chaos"],"picked":"Ball Lightning","floor":8},{"not_picked":["Hologram","Force Field"],"picked":"Consume","floor":11},{"not_picked":["Core Surge","Echo Form"],"picked":"Multi-Cast","floor":16},{"not_picked":["Compile Driver","Stack"],"picked":"Self Repair+1","floor":18},{"not_picked":["Consume","Sunder+1"],"picked":"Ball Lightning","floor":20},{"not_picked":["Steam+1","Beam Cell+1","Redo"],"picked":"SKIP","floor":23},{"not_picked":["Go for the Eyes+1","Leap"],"picked":"Barrage","floor":24},{"not_picked":["Consume","Barrage"],"picked":"Skim+1","floor":27},{"not_picked":["Sunder+1","Conserve Battery+1"],"picked":"Doom and Gloom+1","floor":30},{"not_picked":["Consume","Cold Snap"],"picked":"Coolheaded","floor":31},{"not_picked":["Amplify","Reboot"],"picked":"Buffer","floor":33},{"not_picked":["Glacier","Barrage+1","Turbo"],"picked":"SKIP","floor":35},{"not_picked":["Sweeping Beam+1","Darkness+1"],"picked":"Storm+1","floor":37},{"not_picked":["Cold Snap","Barrage+1"],"picked":"Auto Shields+1","floor":38}],"player_experience":622114,"relics_obtained":[{"floor":6,"key":"Bronze Scales"},{"floor":21,"key":"Orichalcum"},{"floor":26,"key":"MawBank"},{"floor":27,"key":"Meat on the Bone"}],"event_choices":[{"damage_healed":0,"gold_gain":0,"player_choice":"Ignored","damage_taken":0,"max_hp_gain":0,"max_hp_loss":0,"event_name":"Liars Game","floor":13,"gold_loss":0},{"cards_removed":["Defend_B"],"damage_healed":0,"gold_gain":0,"player_choice":"Offered Basic","damage_taken":0,"max_hp_gain":0,"max_hp_loss":0,"event_name":"Bonfire Elementals","floor":14,"gold_loss":0},{"damage_healed":0,"gold_gain":99,"player_choice":"Stole From Cult","damage_taken":0,"max_hp_gain":0,"max_hp_loss":0,"event_name":"Nest","floor":25,"gold_loss":0},{"damage_healed":0,"gold_gain":100,"player_choice":"Bet on Murderer","damage_taken":0,"max_hp_gain":0,"max_hp_loss":0,"event_name":"The Joust","floor":29,"gold_loss":50},{"damage_healed":0,"gold_gain":0,"player_choice":"Fight","damage_taken":0,"max_hp_gain":0,"max_hp_loss":0,"event_name":"Mysterious Sphere","floor":39,"gold_loss":0}],"is_beta":false,"boss_relics":[{"not_picked":["Orrery","Fusion Hammer"],"picked":"Eternal Feather"},{"not_picked":["Velvet Choker","Cursed Key"],"picked":"Astrolabe"}],"items_purged_floors":[3,19,36],"is_endless":false,"potions_floor_spawned":[4,5,11,20,23,24,27,30,38],"killed_by":"2 Orb Walkers","ascension_level":0}