{"gold_per_floor":[110,126,26,40,40,40,67,67,67,99,115,115],"floor_reached":12,"playtime":585,"items_purged":["Strike_R"],"score":167,"play_id":"78b1fc1a-fb16-4fc2-bfd8-50c4bd18d056","local_time":"20190612185647","is_ascension_mode":true,"campfire_choices":[{"data":"Combust","floor":6,"key":"SMITH"},{"data":"Clothesline","floor":8,"key":"SMITH"}],"neow_cost":"NONE","seed_source_timestamp":2200588651045188,"circlet_count":0,"master_deck":["AscendersBane","Strike_R","Strike_R","Strike_R","Strike_R","Defend_R","Defend_R","Defend_R","Defend_R","Bash+1","Reckless Charge","Clothesline+1","Cleave","Combust+1","Ghostly Armor","Shrug It Off","Flex"],"relics":["Burning Blood","Darkstone Periapt","Blue Candle","Magic Flower"],"potions_floor_usage":[11,12],"damage_taken":[{"damage":1,"enemies":"Cultist","floor":1,"turns":3},{"damage":6,"enemies":"Jaw Worm","floor":2,"turns":4},{"damage":0,"enemies":"2 Louse","floor":4,"turns":3},{"damage":34,"enemies":"3 Sentries","floor":7,"turns":5},{"damage":42,"enemies":"Gremlin Nob","floor":10,"turns":5},{"damage":5,"enemies":"Red Slaver","floor":11,"turns":5},{"damage":40,"enemies":"Lagavulin","floor":12,"turns":10}],"seed_played":"6914569026519287694","potions_obtained":[{"floor":2,"key":"SpeedPotion"},{"floor":11,"key":"BloodPotion"}],"is_trial":false,"path_per_floor":["M","M","$","M","$","R","E","R","T","E","M","E"],"character_chosen":"IRONCLAD","items_purchased":["Cleave"],"campfire_rested":0,"item_purchase_floors":[3],"current_hp_per_floor":[73,73,73,75,75,75,47,47,47,11,15,0],"gold":115,"neow_bonus":"UPGRADE_CARD","is_prod":false,"is_daily":false,"chose_seed":false,"campfire_upgraded":2,"win_rate":0,"timestamp":1560376607,"path_taken":["M","M","?","M","$","R","E","R","T","E","?","E"],"build_version":"2019-01-23","purchased_purges":1,"victory":false,"max_hp_per_floor":[75,75,75,75,75,75,75,75,75,75,75,75],"card_choices":[{"not_picked":["Iron Wave","Havoc"],"picked":"Reckless Charge","floor":1},{"not_picked":["Infernal Blade","Wild Strike"],"picked":"Clothesline","floor":2},{"not_picked":["Thunderclap","Clash"],"picked":"Combust","floor":4},{"not_picked":["Thunderclap","Armaments"],"picked":"Ghostly Armor","floor":7},{"not_picked":["Evolve","Flex"],"picked":"Shrug It Off","floor":10},{"not_picked":["Headbutt","Sword Boomerang"],"picked":"Flex","floor":11}],"player_experience":1011809,"relics_obtained":[{"floor":7,"key":"Darkstone Periapt"},{"floor":9,"key":"Blue Candle"},{"floor":10,"key":"Magic Flower"}],"event_choices":[],"is_beta":false,"boss_relics":[],"items_purged_floors":[3],"is_endless":false,"potions_floor_spawned":[2,11],"killed_by":"Lagavulin","ascension_level":18}