{"gold_per_floor":[110,124,199,199,199,227,239,239,239,105,118,130,159,159,159,234,234,250,250,70,70,80,80,109,109,109,143,163,78,78,92,92,169,169,188,188,0,18,18,18,32,61,61,80,80],"floor_reached":45,"playtime":2839,"items_purged":["Strike_R"],"score":1028,"play_id":"6a09886f-c385-4f95-90bf-461d37a3b38b","local_time":"20190619120934","is_ascension_mode":true,"campfire_choices":[{"data":"Disarm","floor":8,"key":"SMITH"},{"data":"Demon Form","floor":15,"key":"SMITH"},{"floor":23,"key":"REST"},{"floor":25,"key":"REST"},{"floor":30,"key":"REST"},{"floor":32,"key":"REST"},{"floor":40,"key":"REST"}],"neow_cost":"NONE","seed_source_timestamp":160429458546495,"circlet_count":0,"master_deck":["AscendersBane","Defend_R","Defend_R","Defend_R","Bash","Headbutt","Pommel Strike","Carnage","Shrug It Off","Disarm+1","Havoc+1","Spot Weakness+1","Immolate","True Grit+1","Demon Form+1","Offering+1","Limit Break+1","Intimidate+1","Intimidate+1","Pummel","Heavy Blade+1","Fiend Fire+1","Sentinel+1","Offering+1","Finesse+1","Shrug It Off+1","Burning Pact+1","Clothesline+1"],"relics":["Burning Blood","NeowsBlessing","Question Card","Toxic Egg 2","Red Skull","Astrolabe","Bottled Tornado","Mercury Hourglass","Peace Pipe","The Courier","Empty Cage","Red Mask","Lantern","Ornamental Fan"],"potions_floor_usage":[13,13,22,24,33],"damage_taken":[{"damage":0,"enemies":"Small Slimes","floor":1,"turns":1},{"damage":0,"enemies":"2 Louse","floor":2,"turns":1},{"damage":0,"enemies":"Lagavulin","floor":6,"turns":1},{"damage":0,"enemies":"Cultist","floor":7,"turns":3},{"damage":16,"enemies":"Exordium Wildlife","floor":11,"turns":5},{"damage":0,"enemies":"Large Slime","floor":12,"turns":4},{"damage":30,"enemies":"Gremlin Nob","floor":13,"turns":4},{"damage":17,"enemies":"The Guardian","floor":16,"turns":9},{"damage":19,"enemies":"2 Thieves","floor":18,"turns":3},{"damage":6,"enemies":"3 Byrds","floor":22,"turns":1},{"damage":55,"enemies":"Book of Stabbing","floor":24,"turns":7},{"damage":25,"enemies":"Gremlin Leader","floor":27,"turns":6},{"damage":9,"enemies":"3 Cultists","floor":28,"turns":4},{"damage":21,"enemies":"Centurion and Healer","floor":31,"turns":4},{"damage":34,"enemies":"Collector","floor":33,"turns":6},{"damage":26,"enemies":"3 Darklings","floor":35,"turns":3},{"damage":14,"enemies":"3 Shapes","floor":38,"turns":7},{"damage":28,"enemies":"Jaw Worm Horde","floor":41,"turns":3},{"damage":53,"enemies":"Nemesis","floor":42,"turns":7},{"damage":13,"enemies":"4 Shapes","floor":44,"turns":6},{"damage":15,"enemies":"3 Darklings","floor":45,"turns":2}],"seed_played":"-1584808911358682233","potions_obtained":[{"floor":6,"key":"GamblersBrew"},{"floor":11,"key":"PowerPotion"},{"floor":13,"key":"Regen Potion"},{"floor":16,"key":"LiquidBronze"},{"floor":22,"key":"FairyPotion"},{"floor":28,"key":"Swift Potion"},{"floor":33,"key":"Strength Potion"},{"floor":44,"key":"BloodPotion"}],"is_trial":false,"path_per_floor":["M","M","?","?","?","E","M","R","T","$","M","M","E","$","R","B",null,"M","?","$","?","M","R","E","R","T","E","M","?","R","M","R","B",null,"M","?","?","M","?","R","M","E","T","M","M"],"character_chosen":"IRONCLAD","items_purchased":["Havoc+1","Spot Weakness+1","Purity+1"],"campfire_rested":5,"item_purchase_floors":[10,10,20],"current_hp_per_floor":[74,75,64,57,57,63,69,69,69,69,59,65,41,41,41,30,64,51,30,30,30,30,54,20,44,44,25,22,22,46,31,55,27,67,47,47,47,39,39,63,41,14,14,7,0],"gold":80,"neow_bonus":"THREE_ENEMY_KILL","is_prod":false,"is_daily":false,"chose_seed":false,"campfire_upgraded":2,"win_rate":0,"timestamp":1560956974,"path_taken":["M","M","?","?","?","E","M","R","T","$","M","?","E","$","R","BOSS","M","?","$","?","?","R","E","R","T","E","M","?","R","M","R","BOSS","M","?","?","M","?","R","M","E","T","M","M"],"build_version":"2019-01-23","purchased_purges":1,"victory":false,"max_hp_per_floor":[75,75,75,75,75,75,75,75,75,75,75,75,75,75,75,75,75,75,80,80,80,80,80,80,80,80,80,80,80,80,80,80,80,80,80,80,80,80,80,80,80,80,80,80,80],"card_choices":[{"not_picked":["Clash","Second Wind"],"picked":"Headbutt","floor":1},{"not_picked":["Infernal Blade","Limit Break"],"picked":"Pommel Strike","floor":2},{"not_picked":["Havoc","Body Slam"],"picked":"Shrug It Off","floor":6},{"not_picked":["Ghostly Armor","Combust","Clash"],"picked":"Disarm","floor":7},{"not_picked":["Flex+1","Clash","Sword Boomerang"],"picked":"Immolate","floor":11},{"not_picked":["Whirlwind","Cleave","Armaments+1"],"picked":"True Grit+1","floor":12},{"not_picked":["Berserk","Feel No Pain","Blood for Blood"],"picked":"Demon Form","floor":13},{"not_picked":["Bludgeon","Berserk","Brutality"],"picked":"Offering+1","floor":16},{"not_picked":["Warcry+1","Spot Weakness+1","Metallicize"],"picked":"Intimidate+1","floor":18},{"not_picked":["Heavy Blade","Clash","Armaments+1"],"picked":"Pummel","floor":22},{"not_picked":["Sever Soul","Inflame","Sword Boomerang"],"picked":"Heavy Blade+1","floor":24},{"not_picked":["Flex+1","Twin Strike","True Grit+1"],"picked":"Fiend Fire","floor":27},{"not_picked":["Headbutt+1","Flex+1","Warcry+1"],"picked":"Sentinel+1","floor":28},{"not_picked":["Perfected Strike","Sword Boomerang","Body Slam","Twin Strike"],"picked":"SKIP","floor":31},{"not_picked":["Juggernaut","Immolate","Bludgeon"],"picked":"Offering+1","floor":33},{"not_picked":["Carnage","Wild Strike","Clash","Twin Strike"],"picked":"SKIP","floor":35},{"not_picked":["Forethought+1","Panache","Secret Technique+1"],"picked":"Finesse+1","floor":36},{"not_picked":["Evolve","Anger","Dropkick+1"],"picked":"Shrug It Off+1","floor":38},{"not_picked":["Shrug It Off+1","Twin Strike","Heavy Blade","Thunderclap"],"picked":"SKIP","floor":41},{"not_picked":["Impervious+1","Feel No Pain","Perfected Strike"],"picked":"Burning Pact+1","floor":42},{"not_picked":["Anger","Reckless Charge","Bloodletting+1"],"picked":"Clothesline+1","floor":44}],"player_experience":1095949,"relics_obtained":[{"floor":6,"key":"Question Card"},{"floor":9,"key":"Toxic Egg 2"},{"floor":13,"key":"Red Skull"},{"floor":24,"key":"Bottled Tornado"},{"floor":26,"key":"Mercury Hourglass"},{"floor":27,"key":"Peace Pipe"},{"floor":42,"key":"Lantern"},{"floor":43,"key":"Ornamental Fan"}],"event_choices":[{"damage_healed":0,"gold_gain":75,"player_choice":"Gather Gold","damage_taken":11,"max_hp_gain":0,"max_hp_loss":0,"event_name":"World of Goop","floor":3,"gold_loss":0},{"cards_removed":["Strike_R"],"damage_healed":0,"gold_gain":0,"player_choice":"Card Removal","damage_taken":7,"max_hp_gain":0,"max_hp_loss":0,"event_name":"Golden Wing","floor":4,"gold_loss":0},{"damage_healed":0,"gold_gain":0,"player_choice":"1 cards matched","damage_taken":0,"max_hp_gain":0,"max_hp_loss":0,"event_name":"Match and Keep!","floor":5,"gold_loss":0,"cards_obtained":["Carnage"]},{"damage_healed":0,"gold_gain":0,"player_choice":"1 cards matched","damage_taken":0,"max_hp_gain":0,"max_hp_loss":0,"event_name":"Match and Keep!","floor":5,"gold_loss":0,"cards_obtained":["Carnage"]},{"damage_healed":0,"gold_gain":0,"player_choice":"Shed Blood","damage_taken":26,"max_hp_gain":5,"max_hp_loss":0,"event_name":"Forgotten Altar","floor":19,"gold_loss":0},{"cards_removed":["Strike_R"],"damage_healed":0,"gold_gain":0,"player_choice":"Purged","damage_taken":0,"max_hp_gain":0,"max_hp_loss":0,"event_name":"Purifier","floor":21,"gold_loss":0},{"damage_healed":0,"gold_gain":0,"player_choice":"Obtained Relic","damage_taken":0,"relics_obtained":["The Courier"],"max_hp_gain":0,"max_hp_loss":0,"event_name":"Addict","floor":29,"gold_loss":85},{"damage_healed":0,"gold_gain":0,"player_choice":"Memory 1","damage_taken":0,"max_hp_gain":0,"max_hp_loss":0,"event_name":"SensoryStone","floor":36,"gold_loss":0},{"damage_healed":0,"gold_gain":0,"player_choice":"Paid","damage_taken":0,"relics_obtained":["Red Mask"],"max_hp_gain":0,"max_hp_loss":0,"event_name":"Tomb of Lord Red Mask","floor":37,"gold_loss":188},{"damage_healed":0,"gold_gain":0,"player_choice":"Forge","damage_taken":0,"max_hp_gain":0,"max_hp_loss":0,"event_name":"Accursed Blacksmith","floor":39,"gold_loss":0,"cards_upgraded":["Fiend Fire"]}],"is_beta":false,"boss_relics":[{"not_picked":["Runic Cube","Coffee Dripper"],"picked":"Astrolabe"},{"not_picked":["White Beast Statue","Calling Bell"],"picked":"Empty Cage"}],"items_purged_floors":[20],"is_endless":false,"potions_floor_spawned":[6,11,13,16,22,28,33,38,41,44],"killed_by":"3 Darklings","ascension_level":18}