{"gold_per_floor":[114,130,305,265,283,313,323,323,323,342,377,377,394,407,407,407],"floor_reached":16,"playtime":986,"items_purged":[],"score":131,"play_id":"bcad4ff5-8278-4d87-a724-e28627a1d203","local_time":"20181109204749","is_ascension_mode":true,"campfire_choices":[{"data":"Searing Blow","floor":8,"key":"SMITH"},{"floor":15,"key":"REST"}],"neow_cost":"NONE","seed_source_timestamp":601426100539974,"circlet_count":0,"master_deck":["Strike_R","Strike_R","Strike_R","Strike_R","Defend_R","Defend_R","Defend_R","Defend_R","Bash","Searing Blow+1","Clash","Doubt","Burning Pact","Anger","Shrug It Off","Flex","Feed","Sword Boomerang","Inflame"],"relics":["Burning Blood","NeowsBlessing","Shovel","Kunai","Singing Bowl"],"potions_floor_usage":[6,7,7,14,16,16],"damage_taken":[{"damage":0,"enemies":"Jaw Worm","floor":1,"turns":1},{"damage":0,"enemies":"2 Louse","floor":2,"turns":1},{"damage":0,"enemies":"Cultist","floor":5,"turns":1},{"damage":58,"enemies":"Lagavulin","floor":6,"turns":8},{"damage":3,"enemies":"Blue Slaver","floor":7,"turns":2},{"damage":10,"enemies":"Exordium Thugs","floor":10,"turns":4},{"damage":8,"enemies":"Gremlin Nob","floor":11,"turns":3},{"damage":0,"enemies":"2 Fungi Beasts","floor":13,"turns":3},{"damage":8,"enemies":"Exordium Wildlife","floor":14,"turns":4},{"damage":56,"enemies":"Hexaghost","floor":16,"turns":9}],"seed_played":"967204464499421227","potions_obtained":[{"floor":4,"key":"GamblersBrew"},{"floor":4,"key":"AttackPotion"},{"floor":4,"key":"Explosive Potion"},{"floor":6,"key":"Energy Potion"},{"floor":10,"key":"SpeedPotion"},{"floor":11,"key":"Fire Potion"}],"is_trial":false,"path_per_floor":["M","M","?","?","M","E","M","R","T","M","E","?","M","M","R","B"],"character_chosen":"IRONCLAD","items_purchased":[],"campfire_rested":1,"item_purchase_floors":[],"current_hp_per_floor":[80,80,80,80,80,28,31,31,31,27,25,25,33,31,55,0],"gold":407,"neow_bonus":"THREE_ENEMY_KILL","is_prod":false,"is_daily":false,"chose_seed":false,"campfire_upgraded":1,"win_rate":0,"timestamp":1541825269,"path_taken":["M","M","?","?","?","E","M","R","T","M","E","?","M","M","R","BOSS"],"build_version":"2018-11-08","purchased_purges":0,"victory":false,"max_hp_per_floor":[80,80,80,80,80,80,80,80,80,80,80,80,82,82,82,82],"card_choices":[{"not_picked":["Warcry","Rupture"],"picked":"Searing Blow","floor":1},{"not_picked":["Headbutt","Havoc"],"picked":"Clash","floor":2},{"not_picked":["Clothesline","Dropkick"],"picked":"Burning Pact","floor":5},{"not_picked":["Twin Strike","Dark Embrace"],"picked":"Anger","floor":6},{"not_picked":["Heavy Blade","Anger"],"picked":"Shrug It Off","floor":7},{"not_picked":["True Grit","Headbutt"],"picked":"Flex","floor":10},{"not_picked":["Sword Boomerang","Rupture"],"picked":"Feed","floor":11},{"not_picked":["Warcry","Rupture","Perfected Strike"],"picked":"Singing Bowl","floor":13},{"not_picked":["Corruption","Sever Soul"],"picked":"Inflame","floor":14}],"player_experience":397249,"relics_obtained":[{"floor":6,"key":"Shovel"},{"floor":9,"key":"Kunai"},{"floor":11,"key":"Singing Bowl"}],"event_choices":[{"damage_healed":0,"gold_gain":175,"player_choice":"AGREE","damage_taken":0,"max_hp_gain":0,"max_hp_loss":0,"event_name":"Liars Game","floor":3,"gold_loss":0,"cards_obtained":["Doubt"]},{"damage_healed":0,"gold_gain":0,"player_choice":"Bought 3 Potions","damage_taken":0,"max_hp_gain":0,"max_hp_loss":0,"event_name":"The Woman in Blue","floor":4,"gold_loss":0},{"damage_healed":0,"gold_gain":0,"cards_transformed":["Strike_R"],"player_choice":"Transformed","damage_taken":0,"max_hp_gain":0,"max_hp_loss":0,"event_name":"Transmorgrifier","floor":12,"gold_loss":0,"cards_obtained":["Sword Boomerang"]}],"is_beta":false,"boss_relics":[],"items_purged_floors":[],"is_endless":false,"potions_floor_spawned":[6,10,11,13],"killed_by":"Hexaghost","ascension_level":3}