{"gold_per_floor":[119,75,75,75,87,118,118,152,179,199,199,349,369,389,389,463,463,481,381,431,431],"floor_reached":21,"playtime":657,"items_purged":[],"score":403,"play_id":"fa6c4d54-4631-437d-8771-ee7ec7b0d402","local_time":"20190612134140","is_ascension_mode":true,"campfire_choices":[{"data":"Inflame","floor":7,"key":"SMITH"},{"data":"Evolve","floor":11,"key":"SMITH"},{"data":"Rage","floor":15,"key":"SMITH"}],"neow_cost":"NONE","seed_source_timestamp":2181608225988129,"circlet_count":0,"master_deck":["AscendersBane","Strike_R","Strike_R","Strike_R","Strike_R","Defend_R","Defend_R","Defend_R","Defend_R","Bash","Ghostly Armor","Inflame+1","Reckless Charge","Spot Weakness","Evolve+1","Doubt","Disarm","Rage+1","Juggernaut","Corruption+1"],"relics":["Black Blood","NeowsBlessing","Juzu Bracelet","Vajra","Bronze Scales"],"potions_floor_usage":[8,14,14,16],"damage_taken":[{"damage":0,"enemies":"2 Louse","floor":1,"turns":1},{"damage":0,"enemies":"Small Slimes","floor":5,"turns":2},{"damage":0,"enemies":"Lagavulin","floor":6,"turns":1},{"damage":25,"enemies":"3 Sentries","floor":8,"turns":7},{"damage":2,"enemies":"Jaw Worm","floor":10,"turns":3},{"damage":12,"enemies":"3 Louse","floor":13,"turns":3},{"damage":8,"enemies":"Exordium Thugs","floor":14,"turns":4},{"damage":29,"enemies":"The Guardian","floor":16,"turns":10},{"damage":37,"enemies":"Chosen","floor":18,"turns":6},{"damage":30,"enemies":"2 Thieves","floor":19,"turns":5},{"damage":26,"enemies":"Masked Bandits","floor":21,"turns":2}],"seed_played":"-5504635632423397322","potions_obtained":[{"floor":1,"key":"PowerPotion"},{"floor":8,"key":"EntropicBrew"}],"is_trial":false,"path_per_floor":["M","$","?","?","M","E","R","E","T","M","R","?","M","M","R","B",null,"M","M","?","?"],"character_chosen":"IRONCLAD","items_purchased":["Inflame"],"campfire_rested":0,"item_purchase_floors":[2],"current_hp_per_floor":[74,74,67,72,78,80,80,61,61,65,65,65,59,57,57,34,69,42,22,22,0],"gold":431,"neow_bonus":"THREE_ENEMY_KILL","is_prod":false,"is_daily":false,"chose_seed":false,"campfire_upgraded":3,"win_rate":0,"timestamp":1560357700,"path_taken":["M","$","?","?","M","E","R","E","T","M","R","?","M","M","R","BOSS","M","M","?","?"],"build_version":"2019-01-23","purchased_purges":0,"victory":false,"max_hp_per_floor":[75,75,75,80,80,80,80,80,80,80,80,80,80,80,80,80,80,80,80,80,80],"card_choices":[{"not_picked":["Metallicize","Clash"],"picked":"Ghostly Armor","floor":1},{"not_picked":["Flex","Havoc"],"picked":"Reckless Charge","floor":5},{"not_picked":["Disarm","Metallicize"],"picked":"Spot Weakness","floor":6},{"not_picked":["Infernal Blade","Twin Strike"],"picked":"Evolve","floor":8},{"not_picked":["Warcry","Double Tap","Twin Strike"],"picked":"SKIP","floor":10},{"not_picked":["Flex","Blood for Blood"],"picked":"Disarm","floor":13},{"not_picked":["Pummel","Intimidate"],"picked":"Rage","floor":14},{"not_picked":["Brutality","Dark Embrace"],"picked":"Juggernaut","floor":16},{"not_picked":["Dual Wield+1","Hemokinesis","Flex"],"picked":"SKIP","floor":18},{"not_picked":["Twin Strike","Perfected Strike"],"picked":"Corruption+1","floor":19}],"player_experience":1008253,"relics_obtained":[{"floor":6,"key":"Juzu Bracelet"},{"floor":8,"key":"Vajra"},{"floor":9,"key":"Bronze Scales"}],"event_choices":[{"cards_removed":["Strike_R"],"damage_healed":0,"gold_gain":0,"player_choice":"Card Removal","damage_taken":7,"max_hp_gain":0,"max_hp_loss":0,"event_name":"Golden Wing","floor":3,"gold_loss":0},{"damage_healed":0,"gold_gain":0,"player_choice":"Donut","damage_taken":0,"max_hp_gain":5,"max_hp_loss":0,"event_name":"Big Fish","floor":4,"gold_loss":0},{"damage_healed":0,"gold_gain":150,"player_choice":"AGREE","damage_taken":0,"max_hp_gain":0,"max_hp_loss":0,"event_name":"Liars Game","floor":12,"gold_loss":0,"cards_obtained":["Doubt"]},{"damage_healed":0,"gold_gain":50,"player_choice":"Stole From Cult","damage_taken":0,"max_hp_gain":0,"max_hp_loss":0,"event_name":"Nest","floor":20,"gold_loss":0},{"damage_healed":0,"gold_gain":0,"player_choice":"Fought Bandits","damage_taken":0,"max_hp_gain":0,"max_hp_loss":0,"event_name":"Masked Bandits","floor":21,"gold_loss":0}],"is_beta":false,"boss_relics":[{"not_picked":["Cursed Key","Tiny House"],"picked":"Black Blood"}],"items_purged_floors":[],"is_endless":false,"potions_floor_spawned":[1,8],"killed_by":"Masked Bandits","ascension_level":18}