{"gold_per_floor":[119,139,157,157,237,272,272,306,306,323,248,258,272,283,283,379,379,395,412,412,4,23,23,23,42,42,54,72,72,98,98,98,197,197,210,230,230,240,254,254,273,303,352,427,427,290,290,306,306,306,306,306,19,53,53],"floor_reached":55,"playtime":3579,"items_purged":["Strike_B","Strike_B","Parasite","Bite"],"score":783,"play_id":"de341b7f-4321-4c8d-bbba-46cdfe0c1fa8","local_time":"20190619171506","is_ascension_mode":false,"campfire_choices":[{"data":"Defragment","floor":7.0,"key":"SMITH"},{"data":"Loop","floor":15.0,"key":"SMITH"},{"data":"Defragment","floor":23.0,"key":"SMITH"},{"floor":32.0,"key":"REST"},{"data":"Defragment","floor":40.0,"key":"SMITH"},{"floor":45.0,"key":"RECALL"},{"data":"Capacitor","floor":47.0,"key":"SMITH"},{"floor":49.0,"key":"DIG"},{"floor":52.0,"key":"DIG"}],"neow_cost":"NONE","seed_source_timestamp":472228813724598,"circlet_count":0,"master_deck":["Defend_B","Defend_B","Defend_B","Zap","Dualcast","Chill","Defragment+1","Cold Snap","Loop+1","Hologram","Electrodynamics","Defragment+1","Defragment+1","Capacitor+1","Bite","Bite","Bite","Bite","Coolheaded+1"],"special_seed":0,"relics":["Cracked Core","NeowsBlessing","Meat on the Bone","Unceasing Top","Bottled Flame","Ice Cream","Nuclear Battery","Membership Card","Shovel","Enchiridion","Bird Faced Urn","Du-Vu Doll","Eternal Feather","Ginger","Pen Nib","Art of War","Boot","Bottled Lightning","OrangePellets","Lantern","Vajra"],"potions_floor_usage":[55,55,55],"damage_taken":[{"damage":0.0,"enemies":"Cultist","floor":1.0,"turns":1.0},{"damage":0.0,"enemies":"Small Slimes","floor":2.0,"turns":1.0},{"damage":0.0,"enemies":"Jaw Worm","floor":3.0,"turns":1.0},{"damage":4.0,"enemies":"3 Sentries","floor":6.0,"turns":8.0},{"damage":13.0,"enemies":"Lagavulin","floor":8.0,"turns":6.0},{"damage":6.0,"enemies":"3 Louse","floor":10.0,"turns":5.0},{"damage":5.0,"enemies":"Blue Slaver","floor":12.0,"turns":4.0},{"damage":3.0,"enemies":"Looter","floor":13.0,"turns":4.0},{"damage":11.0,"enemies":"Lots of Slimes","floor":14.0,"turns":5.0},{"damage":28.0,"enemies":"Slime Boss","floor":16.0,"turns":14.0},{"damage":6.0,"enemies":"Chosen","floor":18.0,"turns":4.0},{"damage":7.0,"enemies":"Shell Parasite","floor":19.0,"turns":7.0},{"damage":0.0,"enemies":"Centurion and Healer","floor":22.0,"turns":5.0},{"damage":0.0,"enemies":"Cultist and Chosen","floor":25.0,"turns":4.0},{"damage":6.0,"enemies":"Snecko","floor":27.0,"turns":4.0},{"damage":0.0,"enemies":"3 Cultists","floor":28.0,"turns":5.0},{"damage":31.0,"enemies":"Gremlin Leader","floor":30.0,"turns":5.0},{"damage":0.0,"enemies":"Automaton","floor":33.0,"turns":10.0},{"damage":18.0,"enemies":"3 Shapes","floor":35.0,"turns":2.0},{"damage":8.0,"enemies":"3 Darklings","floor":36.0,"turns":5.0},{"damage":20.0,"enemies":"Writhing Mass","floor":38.0,"turns":7.0},{"damage":39.0,"enemies":"Spire Growth","floor":39.0,"turns":6.0},{"damage":12.0,"enemies":"Transient","floor":41.0,"turns":5.0},{"damage":45.0,"enemies":"Reptomancer","floor":42.0,"turns":9.0},{"damage":5.0,"enemies":"3 Darklings","floor":48.0,"turns":3.0},{"damage":18.0,"enemies":"Awakened One","floor":50.0,"turns":26.0},{"damage":43.0,"enemies":"Shield and Spear","floor":54.0,"turns":7.0},{"damage":65,"enemies":"The Heart","floor":55,"turns":6}],"seed_played":"-4610014245818920952","potions_obtained":[{"floor":1.0,"key":"PowerPotion"},{"floor":3.0,"key":"LiquidBronze"},{"floor":6.0,"key":"FocusPotion"},{"floor":8.0,"key":"Regen Potion"},{"floor":14.0,"key":"Energy Potion"},{"floor":16.0,"key":"Energy Potion"},{"floor":22.0,"key":"SteroidPotion"},{"floor":25.0,"key":"EssenceOfSteel"},{"floor":27.0,"key":"Fire Potion"},{"floor":33.0,"key":"Strength Potion"},{"floor":38.0,"key":"Block Potion"},{"floor":39.0,"key":"Energy Potion"},{"floor":41.0,"key":"PowerPotion"},{"floor":42.0,"key":"LiquidBronze"}],"is_trial":false,"path_per_floor":["M","M","M","?","T","E","R","E","T","M","$","M","M","M","R","B",null,"M","M","?","$","M","R","?","M","T","M","M","?","E","?","R","B",null,"M","M","?","M","M","R","M","E","T","?","R","$","R","M","R","B",null,"R","$","E","B"],"character_chosen":"DEFECT","items_purchased":["Membership Card","Shovel","Art of War","LiquidBronze","OrangePellets","Lantern"],"campfire_rested":1,"item_purchase_floors":[21,21,46,53,53,53],"current_hp_per_floor":[75,75,75,80,80,76,76,63,63,71,71,66,63,52,52,36,80,74,67,67,67,67,67,51,51,51,45,45,45,40,40,56,56,56,42,56,56,56,29,41,56,43,43,38,50,50,53,53,53,53,53,53,53,33,0],"gold":53,"neow_bonus":"THREE_ENEMY_KILL","is_prod":false,"is_daily":false,"chose_seed":false,"campfire_upgraded":5,"win_rate":0,"timestamp":1560957306,"path_taken":["M","M","?","?","?","E","R","E","T","M","$","M","M","M","R","BOSS","M","M","?","$","M","R","?","M","T","M","M","?","E","?","R","BOSS","M","M","?","M","M","R","M","E","T","?","R","$","R","?","R","BOSS","R","$","E","BOSS"],"build_version":"2019-01-23","purchased_purges":4,"victory":false,"max_hp_per_floor":[75,75,75,80,80,80,80,80,80,80,80,80,80,80,80,80,80,80,80,80,80,80,80,80,80,80,80,80,80,80,56,56,56,56,56,56,56,56,56,56,56,56,56,56,56,53,53,53,53,53,53,53,53,53,53],"card_choices":[{"not_picked":["FTL","Coolheaded"],"picked":"Chill","floor":1.0},{"not_picked":["Conserve Battery","Compile Driver","Gash"],"picked":"SKIP","floor":2.0},{"not_picked":["Sweeping Beam","Conserve Battery"],"picked":"Defragment","floor":3.0},{"not_picked":["Barrage","Go for the Eyes","Undo"],"picked":"SKIP","floor":6.0},{"not_picked":["Steam Power","Gash"],"picked":"Cold Snap","floor":8.0},{"not_picked":["Heatsinks","Tempest"],"picked":"Loop","floor":10.0},{"not_picked":["Tempest","Creative AI"],"picked":"Hologram","floor":12.0},{"not_picked":["Steam","Doom and Gloom","Sunder"],"picked":"SKIP","floor":13.0},{"not_picked":["Beam Cell","Sweeping Beam","Recycle"],"picked":"SKIP","floor":14.0},{"not_picked":["Amplify","Buffer"],"picked":"Electrodynamics","floor":16.0},{"not_picked":["Go for the Eyes","Hello World"],"picked":"Defragment","floor":18.0},{"not_picked":["Turbo","Melter+1","BootSequence"],"picked":"SKIP","floor":19.0},{"not_picked":["Barrage","Rebound"],"picked":"Capacitor","floor":22.0},{"not_picked":["Aggregate","Heatsinks","Redo"],"picked":"SKIP","floor":25.0},{"not_picked":["Tempest","Auto Shields","Sweeping Beam"],"picked":"SKIP","floor":27.0},{"not_picked":["Chaos","Darkness","Streamline+1"],"picked":"SKIP","floor":28.0},{"not_picked":["Scrape","Streamline+1","Barrage+1"],"picked":"SKIP","floor":30.0},{"not_picked":["Streamline+1","Scrape","Conserve Battery+1"],"picked":"SKIP","floor":35.0},{"not_picked":["Barrage+1","Beam Cell+1"],"picked":"Coolheaded+1","floor":36.0},{"not_picked":["Redo","Storm","White Noise"],"picked":"SKIP","floor":38.0},{"not_picked":["Streamline","Rebound+1","Conserve Battery"],"picked":"SKIP","floor":39.0},{"not_picked":["Gash+1","Steam","Reinforced Body"],"picked":"SKIP","floor":41.0},{"not_picked":["Static Discharge+1","Turbo","Ball Lightning"],"picked":"SKIP","floor":42.0},{"not_picked":["Sweeping Beam+1","Double Energy","Reprogram+1"],"picked":"SKIP","floor":48.0},{"not_picked":["Coolheaded","Tempest","Chaos+1"],"picked":"SKIP","floor":54.0}],"player_experience":282566,"relics_obtained":[{"floor":5.0,"key":"Meat on the Bone"},{"floor":6.0,"key":"Unceasing Top"},{"floor":8.0,"key":"Bottled Flame"},{"floor":9.0,"key":"Ice Cream"},{"floor":24.0,"key":"Enchiridion"},{"floor":30.0,"key":"Du-Vu Doll"},{"floor":42.0,"key":"Ginger"},{"floor":43.0,"key":"Pen Nib"},{"floor":49.0,"key":"Boot"},{"floor":52.0,"key":"Bottled Lightning"},{"floor":54.0,"key":"Vajra"}],"event_choices":[{"damage_healed":0.0,"max_hp_gain":5.0,"max_hp_loss":0.0,"gold_gain":0.0,"event_name":"Big Fish","player_choice":"Donut","floor":4.0,"gold_loss":0.0,"damage_taken":0.0},{"damage_healed":0.0,"max_hp_gain":0.0,"max_hp_loss":0.0,"gold_gain":0.0,"event_name":"The Library","player_choice":"Read","floor":20.0,"gold_loss":0.0,"damage_taken":0.0,"cards_obtained":["Defragment"]},{"damage_healed":0.0,"max_hp_gain":0.0,"max_hp_loss":0.0,"gold_gain":0.0,"event_name":"Cursed Tome","player_choice":"Obtained Book","floor":24.0,"gold_loss":0.0,"damage_taken":16.0},{"damage_healed":0.0,"max_hp_gain":0.0,"max_hp_loss":0.0,"gold_gain":0.0,"event_name":"The Mausoleum","player_choice":"Opened","floor":29.0,"gold_loss":0.0,"damage_taken":0.0,"relics_obtained":["Bird Faced Urn"]},{"damage_healed":0.0,"max_hp_gain":0.0,"max_hp_loss":24.0,"gold_gain":0.0,"event_name":"Vampires","player_choice":"Became a vampire","floor":31.0,"gold_loss":0.0,"damage_taken":0.0,"cards_obtained":["Bite","Bite","Bite","Bite","Bite"]},{"cards_removed":["Defend_B"],"damage_healed":0.0,"max_hp_gain":0.0,"max_hp_loss":0.0,"gold_gain":0.0,"event_name":"Falling","player_choice":"Removed Skill","floor":37.0,"gold_loss":0.0,"damage_taken":0.0},{"damage_healed":0.0,"max_hp_gain":0.0,"max_hp_loss":0.0,"gold_gain":75.0,"event_name":"FaceTrader","player_choice":"Touch","floor":44.0,"gold_loss":0.0,"damage_taken":5.0}],"is_beta":false,"boss_relics":[{"not_picked":["Calling Bell","Black Star"],"picked":"Nuclear Battery"},{"not_picked":["Empty Cage","Sozu"],"picked":"Eternal Feather"}],"items_purged_floors":[11,21,46,53],"is_endless":false,"potions_floor_spawned":[1,3,6,8,14,16,22,25,27,33,38,39,41,42,54],"killed_by":"The Heart","ascension_level":0}