{"gold_per_floor":[113,129,129,144,154,189,489,489,489,517,499],"floor_reached":11,"playtime":524,"items_purged":[],"score":116,"play_id":"9928a1fa-2a07-44b1-8364-a86b82d9e7ea","local_time":"20190608192526","is_ascension_mode":true,"campfire_choices":[{"floor":8,"key":"REST"}],"neow_cost":"NONE","seed_source_timestamp":1856773443154181,"circlet_count":0,"master_deck":["Strike_B","Strike_B","Strike_B","Strike_B","Defend_B","Defend_B","Defend_B","Defend_B","Zap","Dualcast","Compile Driver","Gash","Gash","White Noise","Gash"],"relics":["Cracked Core","Prayer Wheel","Old Coin","Girya","MawBank"],"potions_floor_usage":[5],"damage_taken":[{"damage":7,"enemies":"Small Slimes","floor":1,"turns":3},{"damage":0,"enemies":"2 Louse","floor":2,"turns":2},{"damage":7,"enemies":"Jaw Worm","floor":4,"turns":4},{"damage":1,"enemies":"Exordium Wildlife","floor":5,"turns":2},{"damage":35,"enemies":"3 Sentries","floor":6,"turns":7},{"damage":25,"enemies":"Lagavulin","floor":10,"turns":5},{"damage":24,"enemies":"Exordium Thugs","floor":11,"turns":2}],"seed_played":"521271475982445373","potions_obtained":[{"floor":2,"key":"AttackPotion"},{"floor":10,"key":"Strength Potion"}],"is_trial":false,"path_per_floor":["M","M","?","M","M","E","?","R","T","E","M"],"character_chosen":"DEFECT","items_purchased":[],"campfire_rested":1,"item_purchase_floors":[],"current_hp_per_floor":[68,68,68,61,60,25,25,49,49,24,0],"gold":499,"neow_bonus":"TEN_PERCENT_HP_BONUS","is_prod":false,"is_daily":false,"chose_seed":false,"campfire_upgraded":0,"win_rate":0,"timestamp":1560032726,"path_taken":["M","M","?","M","M","E","?","R","T","E","M"],"build_version":"2019-01-23","purchased_purges":0,"victory":false,"max_hp_per_floor":[82,82,82,82,82,82,82,82,82,82,82],"card_choices":[{"not_picked":["Beam Cell","Steam Power"],"picked":"Compile Driver","floor":1},{"not_picked":["Barrage","Turbo"],"picked":"Gash","floor":2},{"not_picked":["Leap","Ball Lightning"],"picked":"Gash","floor":4},{"not_picked":["Turbo","Hello World"],"picked":"White Noise","floor":5},{"not_picked":["Leap","Go for the Eyes"],"picked":"Gash","floor":6},{"not_picked":["Blizzard","Amplify","Rebound"],"picked":"SKIP","floor":10}],"player_experience":947515,"relics_obtained":[{"floor":6,"key":"Prayer Wheel"},{"floor":9,"key":"Girya"},{"floor":10,"key":"MawBank"}],"event_choices":[{"damage_healed":0,"gold_gain":0,"player_choice":"Ignored","damage_taken":0,"max_hp_gain":0,"max_hp_loss":0,"event_name":"Liars Game","floor":3,"gold_loss":0},{"damage_healed":0,"gold_gain":0,"player_choice":"Searched \u00271\u0027 times","damage_taken":0,"relics_obtained":["Old Coin"],"max_hp_gain":0,"max_hp_loss":0,"event_name":"Dead Adventurer","floor":7,"gold_loss":0}],"is_beta":false,"boss_relics":[],"items_purged_floors":[],"is_endless":false,"potions_floor_spawned":[2,10],"killed_by":"Exordium Thugs","ascension_level":8}