{"gold_per_floor":[113,113,123,72,84,119,131,131,131,143,143,174,174,203,203,280,280,298,223,238,238,310,310,340,340,365,365,399,415,415,37,37,114,114,132,150,150,150,162,162],"floor_reached":40,"playtime":2050,"items_purged":["Strike_R","Strike_R"],"score":840,"play_id":"b2cc17a7-d44b-4583-9773-a7442e1ae703","local_time":"20190614133023","is_ascension_mode":true,"campfire_choices":[{"data":"Anger","floor":8,"key":"SMITH"},{"data":"Clothesline","floor":11,"key":"SMITH"},{"floor":13,"key":"REST"},{"floor":15,"key":"REST"},{"data":"Brutality","floor":23,"key":"SMITH"},{"floor":25,"key":"REST"},{"floor":30,"key":"REST"},{"floor":32,"key":"REST"}],"neow_cost":"NONE","seed_source_timestamp":2352338244779901,"circlet_count":0,"master_deck":["AscendersBane","Strike_R","Defend_R","Defend_R","Defend_R","Bash","Flame Barrier","Spot Weakness","Iron Wave","Anger+1","Brutality+1","Cleave","Clothesline+1","Pummel","Impervious","Sword Boomerang","Blood for Blood","Juggernaut","Havoc+1","Twin Strike","Sword Boomerang"],"relics":["Burning Blood","NeowsBlessing","WingedGreaves","Incense Burner","Champion Belt","Ornamental Fan","Busted Crown","Vajra","Bag of Marbles","Dream Catcher","Shuriken","Empty Cage"],"potions_floor_usage":[6,6,10,18,20,29,36,39],"damage_taken":[{"damage":0,"enemies":"2 Louse","floor":1,"turns":1},{"damage":0,"enemies":"Cultist","floor":3,"turns":1},{"damage":0,"enemies":"Small Slimes","floor":5,"turns":1},{"damage":35,"enemies":"3 Sentries","floor":6,"turns":7},{"damage":9,"enemies":"Exordium Thugs","floor":7,"turns":5},{"damage":15,"enemies":"Large Slime","floor":10,"turns":6},{"damage":19,"enemies":"Gremlin Nob","floor":12,"turns":4},{"damage":12,"enemies":"3 Sentries","floor":14,"turns":6},{"damage":28,"enemies":"The Guardian","floor":16,"turns":12},{"damage":4,"enemies":"Shell Parasite","floor":18,"turns":5},{"damage":1,"enemies":"Spheric Guardian","floor":20,"turns":5},{"damage":37,"enemies":"Book of Stabbing","floor":24,"turns":6},{"damage":37,"enemies":"Slavers","floor":28,"turns":6},{"damage":8,"enemies":"Centurion and Healer","floor":29,"turns":4},{"damage":53,"enemies":"Champ","floor":33,"turns":11},{"damage":16,"enemies":"Orb Walker","floor":35,"turns":4},{"damage":17,"enemies":"3 Darklings","floor":36,"turns":4},{"damage":34,"enemies":"Jaw Worm Horde","floor":39,"turns":3},{"damage":27,"enemies":"Giant Head","floor":40,"turns":5}],"seed_played":"8084141384760880230","potions_obtained":[{"floor":1,"key":"Poison Potion"},{"floor":3,"key":"LiquidBronze"},{"floor":6,"key":"EssenceOfSteel"},{"floor":16,"key":"Block Potion"},{"floor":18,"key":"SpeedPotion"},{"floor":28,"key":"GamblersBrew"},{"floor":33,"key":"FearPotion"},{"floor":35,"key":"Weak Potion"}],"is_trial":false,"path_per_floor":["M","?","M","$","M","E","M","R","T","M","R","E","R","E","R","B",null,"M","$","M","?","T","R","E","R","T","?","E","M","R","$","R","B",null,"M","M","$","?","M","E"],"character_chosen":"IRONCLAD","items_purchased":["Iron Wave","Shuriken"],"campfire_rested":5,"item_purchase_floors":[4,31],"current_hp_per_floor":[74,74,75,75,75,46,43,43,43,34,34,21,43,37,59,37,66,68,68,73,52,52,52,21,45,45,45,14,12,36,36,60,13,63,53,42,42,42,14,0],"gold":162,"neow_bonus":"THREE_ENEMY_KILL","is_prod":false,"is_daily":false,"chose_seed":false,"campfire_upgraded":3,"win_rate":0,"timestamp":1560529823,"path_taken":["M","?","M","$","?","E","M","R","T","M","R","E","R","E","R","BOSS","M","$","M","?","?","R","E","R","T","?","E","M","R","$","R","BOSS","M","?","$","?","M","E"],"build_version":"2019-01-23","purchased_purges":2,"victory":false,"max_hp_per_floor":[75,75,75,75,75,75,75,75,75,75,75,75,75,75,75,75,75,75,75,75,80,80,80,80,80,80,80,80,80,80,80,80,80,80,80,80,80,80,80,80],"card_choices":[{"not_picked":["True Grit","Dropkick"],"picked":"Flame Barrier","floor":1},{"not_picked":["Ghostly Armor","Cleave"],"picked":"Spot Weakness","floor":3},{"not_picked":["Body Slam","Spot Weakness"],"picked":"Anger","floor":5},{"not_picked":["Fire Breathing","Spot Weakness"],"picked":"Brutality","floor":6},{"not_picked":["Sever Soul","Hemokinesis"],"picked":"Cleave","floor":7},{"not_picked":["Shrug It Off","Infernal Blade"],"picked":"Clothesline","floor":10},{"not_picked":["Infernal Blade","Anger","Bloodletting"],"picked":"SKIP","floor":12},{"not_picked":["Armaments","Cleave"],"picked":"Pummel","floor":14},{"not_picked":["Bludgeon","Feed"],"picked":"Impervious","floor":16},{"not_picked":[],"picked":"Sword Boomerang","floor":18},{"not_picked":[],"picked":"Blood for Blood","floor":20},{"not_picked":["True Grit"],"picked":"SKIP","floor":24},{"not_picked":["Cleave"],"picked":"SKIP","floor":28},{"not_picked":["Clash"],"picked":"SKIP","floor":29},{"not_picked":[],"picked":"Juggernaut","floor":33},{"not_picked":["Perfected Strike"],"picked":"SKIP","floor":35},{"not_picked":[],"picked":"Havoc+1","floor":36},{"not_picked":[],"picked":"Sword Boomerang","floor":39}],"player_experience":1037019,"relics_obtained":[{"floor":6,"key":"WingedGreaves"},{"floor":9,"key":"Incense Burner"},{"floor":12,"key":"Champion Belt"},{"floor":14,"key":"Ornamental Fan"},{"floor":24,"key":"Vajra"},{"floor":26,"key":"Bag of Marbles"},{"floor":28,"key":"Dream Catcher"}],"event_choices":[{"cards_removed":["Defend_R"],"damage_healed":0,"gold_gain":0,"player_choice":"Purged","damage_taken":0,"max_hp_gain":0,"max_hp_loss":0,"event_name":"Purifier","floor":2,"gold_loss":0},{"damage_healed":0,"gold_gain":0,"player_choice":"Shed Blood","damage_taken":26,"max_hp_gain":5,"max_hp_loss":0,"event_name":"Forgotten Altar","floor":21,"gold_loss":0},{"damage_healed":0,"gold_gain":0,"player_choice":"0 cards matched","damage_taken":0,"max_hp_gain":0,"max_hp_loss":0,"event_name":"Match and Keep!","floor":27,"gold_loss":0,"cards_obtained":[]},{"damage_healed":0,"gold_gain":0,"player_choice":"1 cards matched","damage_taken":0,"max_hp_gain":0,"max_hp_loss":0,"event_name":"Match and Keep!","floor":38,"gold_loss":0,"cards_obtained":["Twin Strike"]}],"is_beta":false,"boss_relics":[{"not_picked":["Eternal Feather","Mark of Pain"],"picked":"Busted Crown"},{"not_picked":["Black Star","Black Blood"],"picked":"Empty Cage"}],"items_purged_floors":[19,31],"is_endless":false,"potions_floor_spawned":[1,3,5,6,16,18,28,33,35],"killed_by":"Giant Head","ascension_level":18}