{"gold_per_floor":[144,72,92,107,282,317,317,333,333,358,378,388,388,82,82,179,179,168,183,200,125,125,152,170,184,184,199,214,44,44,44,44,141,141,156,175,194,221,25,25,25,43,43,62,81,81,96,46,46,46],"floor_reached":51,"playtime":5808,"items_purged":["Strike_B","Pain","Strike_B","Gash"],"score":667,"play_id":"da0516a4-ec3c-42b5-b5ef-c9b8eb563b9c","local_time":"20181127001603","is_ascension_mode":true,"campfire_choices":[{"data":"Glacier","floor":7.0,"key":"SMITH"},{"data":"Static Discharge","floor":13.0,"key":"SMITH"},{"data":"Biased Cognition","floor":15.0,"key":"SMITH"},{"floor":32.0,"key":"REST"},{"data":"Hologram","floor":40,"key":"SMITH"},{"floor":49,"key":"REST"}],"neow_cost":"NONE","seed_source_timestamp":0,"circlet_count":0,"master_deck":["Strike_B","Strike_B","Defend_B","Defend_B","Defend_B","Defend_B","Zap","Dualcast","Glacier+1","Coolheaded","Conserve Battery","Go for the Eyes","Hologram+1","Melter","Biased Cognition+1","Static Discharge+1","Blizzard","Cold Snap","Ball Lightning","Machine Learning","FTL","Ball Lightning","Fusion","Go for the Eyes","Hologram+1","Genetic Algorithm+1","Leap","Static Discharge","Barrage+1","Chaos+1"],"special_seed":0,"relics":["Cracked Core","Tiny Chest","Smiling Mask","Pantograph","WingedGreaves","Pen Nib","Inserter","WarpedTongs","Bag of Preparation","Mercury Hourglass","Regal Pillow","Potion Belt","Busted Crown","Vajra","Oddly Smooth Stone","Omamori","Darkstone Periapt"],"potions_floor_usage":[50,50,50],"damage_taken":[{"damage":1.0,"enemies":"Jaw Worm","floor":1.0,"turns":4.0},{"damage":5.0,"enemies":"2 Louse","floor":3.0,"turns":2.0},{"damage":0.0,"enemies":"Cultist","floor":4.0,"turns":3.0},{"damage":16.0,"enemies":"Lagavulin","floor":6.0,"turns":12.0},{"damage":0.0,"enemies":"Blue Slaver","floor":8.0,"turns":4.0},{"damage":3.0,"enemies":"3 Sentries","floor":10.0,"turns":12.0},{"damage":0.0,"enemies":"Looter","floor":11.0,"turns":3.0},{"damage":8.0,"enemies":"Exordium Thugs","floor":12.0,"turns":5.0},{"damage":13.0,"enemies":"Slime Boss","floor":16.0,"turns":7.0},{"damage":10.0,"enemies":"2 Thieves","floor":18.0,"turns":4.0},{"damage":0.0,"enemies":"Spheric Guardian","floor":19.0,"turns":1.0},{"damage":9.0,"enemies":"Shelled Parasite and Fungi","floor":20.0,"turns":6.0},{"damage":19.0,"enemies":"Book of Stabbing","floor":23.0,"turns":6.0},{"damage":9.0,"enemies":"Cultist and Chosen","floor":24.0,"turns":5.0},{"damage":4.0,"enemies":"Sentry and Sphere","floor":25.0,"turns":3.0},{"damage":13.0,"enemies":"Snake Plant","floor":27.0,"turns":2.0},{"damage":8.0,"enemies":"Centurion and Healer","floor":28.0,"turns":6.0},{"damage":37.0,"enemies":"Champ","floor":33.0,"turns":10.0},{"damage":0,"enemies":"Orb Walker","floor":35,"turns":5},{"damage":20,"enemies":"3 Darklings","floor":36,"turns":5},{"damage":2,"enemies":"4 Shapes","floor":37,"turns":6},{"damage":12,"enemies":"Sphere and 2 Shapes","floor":42,"turns":4},{"damage":11,"enemies":"Maw","floor":44,"turns":5},{"damage":9,"enemies":"Writhing Mass","floor":45,"turns":5},{"damage":0,"enemies":"Spire Growth","floor":47,"turns":3},{"damage":24,"enemies":"Awakened One","floor":50,"turns":11}],"seed_played":"-8482605959208099418","potions_obtained":[{"floor":1.0,"key":"Dexterity Potion"},{"floor":8.0,"key":"Swift Potion"},{"floor":10.0,"key":"Regen Potion"},{"floor":20.0,"key":"Strength Potion"},{"floor":25.0,"key":"Block Potion"},{"floor":28.0,"key":"SkillPotion"},{"floor":44,"key":"Regen Potion"},{"floor":45,"key":"AttackPotion"}],"is_trial":false,"path_per_floor":["M","$","M","M","?","E","R","M","T","E","M","M","R","$","R","B",null,"M","M","M","?","?","E","M","M","T","M","M","$","?","T","R","B",null,"M","M","M","T","$","R","T","M","T","M","M","?","M","$","R","B",null],"character_chosen":"DEFECT","items_purchased":["Coolheaded","Conserve Battery","Cold Snap","Ball Lightning","Pen Nib","Static Discharge","Dexterity Potion","Oddly Smooth Stone"],"campfire_rested":2,"item_purchase_floors":[2,2,14,14,14,29,29,39],"current_hp_per_floor":[74,74,69,69,69,53,53,53,53,50,50,42,42,42,42,54,75,65,65,71,71,71,52,43,39,39,26,18,18,18,18,55,38,75,75,55,53,53,53,53,53,41,41,30,21,21,21,21,58,59],"gold":46,"neow_bonus":"RANDOM_COMMON_RELIC","is_prod":false,"is_daily":false,"chose_seed":false,"campfire_upgraded":4,"win_rate":0,"timestamp":1543306563,"path_taken":["M","$","M","M","?","E","R","M","T","E","M","M","R","$","R","BOSS","M","M","M","?","?","E","M","M","T","M","?","$","?","?","R","BOSS","M","M","M","?","$","R","?","M","T","M","M","?","?","$","R","BOSS"],"build_version":"2018-11-15","purchased_purges":4,"victory":true,"max_hp_per_floor":[75,75,75,75,75,75,75,75,75,75,75,75,75,75,75,75,75,75,75,75,75,75,75,75,75,75,75,75,75,75,75,75,75,75,75,75,75,75,75,75,75,75,75,75,75,75,75,75,75,75],"card_choices":[{"not_picked":["Gash","Hologram"],"picked":"Glacier","floor":1.0},{"not_picked":["Sweeping Beam","Rip and Tear"],"picked":"Go for the Eyes","floor":3.0},{"not_picked":["Compile Driver","Rebound"],"picked":"Gash","floor":4.0},{"not_picked":["Fusion","Gash"],"picked":"Hologram","floor":6.0},{"not_picked":["Consume","Turbo"],"picked":"Melter","floor":8.0},{"not_picked":["Lockon","Sweeping Beam"],"picked":"Biased Cognition","floor":10.0},{"not_picked":["Gash","Leap"],"picked":"Static Discharge","floor":11.0},{"not_picked":["Force Field","Chaos"],"picked":"Blizzard","floor":12.0},{"not_picked":["All For One","Amplify"],"picked":"Machine Learning","floor":16.0},{"not_picked":["Steam+1","Sweeping Beam"],"picked":"FTL","floor":18.0},{"not_picked":["Rebound","Leap+1"],"picked":"Ball Lightning","floor":19.0},{"not_picked":["Gash","FTL+1"],"picked":"Fusion","floor":20.0},{"not_picked":["Core Surge","Scrape"],"picked":"Go for the Eyes","floor":23.0},{"not_picked":["Ball Lightning","Compile Driver"],"picked":"Hologram","floor":24.0},{"not_picked":["Tempest","Undo"],"picked":"Genetic Algorithm+1","floor":25.0},{"not_picked":["Rebound","Sweeping Beam","Compile Driver"],"picked":"SKIP","floor":27.0},{"not_picked":["Compile Driver","Ball Lightning"],"picked":"Leap","floor":28.0},{"not_picked":[],"picked":"Barrage+1","floor":35},{"not_picked":["Heatsinks"],"picked":"SKIP","floor":36},{"not_picked":["Doom and Gloom+1"],"picked":"SKIP","floor":37},{"not_picked":["Ball Lightning+1"],"picked":"SKIP","floor":42},{"not_picked":["Hello World+1"],"picked":"SKIP","floor":44},{"not_picked":["Blizzard+1"],"picked":"SKIP","floor":45},{"not_picked":[],"picked":"Chaos+1","floor":47}],"player_experience":429865,"relics_obtained":[{"floor":6.0,"key":"Smiling Mask"},{"floor":9.0,"key":"Pantograph"},{"floor":10.0,"key":"WingedGreaves"},{"floor":23.0,"key":"Bag of Preparation"},{"floor":26.0,"key":"Mercury Hourglass"},{"floor":31.0,"key":"Potion Belt"},{"floor":38,"key":"Vajra"},{"floor":41,"key":"Omamori"},{"floor":43,"key":"Darkstone Periapt"}],"event_choices":[{"damage_healed":0.0,"max_hp_gain":0.0,"max_hp_loss":0.0,"gold_gain":175.0,"event_name":"Liars Game","player_choice":"AGREE","floor":5.0,"gold_loss":0.0,"damage_taken":0.0,"cards_obtained":["Doubt"]},{"cards_removed":["Doubt"],"damage_healed":0.0,"max_hp_gain":0.0,"max_hp_loss":0.0,"gold_gain":0.0,"event_name":"Beggar","player_choice":"Gave Gold","floor":21.0,"gold_loss":75.0,"damage_taken":0.0},{"damage_healed":0.0,"max_hp_gain":0.0,"max_hp_loss":0.0,"gold_gain":0.0,"event_name":"Accursed Blacksmith","player_choice":"Rummage","floor":22.0,"gold_loss":0.0,"damage_taken":0.0,"relics_obtained":["WarpedTongs"],"cards_obtained":["Pain"]},{"damage_healed":0.0,"max_hp_gain":0.0,"max_hp_loss":0.0,"gold_gain":0.0,"event_name":"The Mausoleum","player_choice":"Opened","floor":30.0,"gold_loss":0.0,"damage_taken":0.0,"relics_obtained":["Regal Pillow"]},{"damage_healed":0,"gold_gain":0,"player_choice":"Upgraded","damage_taken":0,"max_hp_gain":0,"max_hp_loss":0,"event_name":"Upgrade Shrine","floor":46,"gold_loss":0,"cards_upgraded":["Hologram"]}],"is_beta":false,"boss_relics":[{"not_picked":["Runic Dome","Velvet Choker"],"picked":"Inserter"},{"not_picked":["Nuclear Battery","Astrolabe"],"picked":"Busted Crown"}],"items_purged_floors":[14,29,39,48],"is_endless":false,"potions_floor_spawned":[1,8,10,20,25,28,44,45],"ascension_level":1}