{"gold_per_floor":[119,69,144,319,335,361,361,361,441,451,462,45,101,121,121,216,216,227,238,163,176,44,44,60,60,60,159,159,172,5,24,24,123,123,141,141,241,260,138,138,149,3,27,16,29,29,29,29,29,29],"floor_reached":50,"playtime":2287,"items_purged":["Doubt","Defend_G","Defend_G"],"score":490,"play_id":"81879e95-68ea-4711-b273-41cc6f79938e","local_time":"20190524072413","is_ascension_mode":false,"campfire_choices":[{"data":"Neutralize","floor":8.0,"key":"SMITH"},{"data":"Apotheosis","floor":15.0,"key":"SMITH"},{"floor":25.0,"key":"REST"},{"data":"Blade Dance","floor":28.0,"key":"SMITH"},{"floor":32.0,"key":"REST"},{"floor":40,"key":"REST"},{"floor":46,"key":"REST"},{"floor":49,"key":"REST"}],"neow_cost":"NONE","seed_source_timestamp":0,"circlet_count":0,"master_deck":["Defend_G","Defend_G","Defend_G","Strike_G","Strike_G","Strike_G","Survivor+1","Neutralize+1","PiercingWail","Accuracy","Prepared","Apotheosis+1","Infinite Blades","Blade Dance+1","Grand Finale","Grand Finale","Swift Strike","Cloak And Dagger"],"special_seed":0,"relics":["Ring of the Serpent","NeowsBlessing","Ninja Scroll","Bottled Flame","Membership Card","Tiny Chest","Meat on the Bone","TwistedFunnel","Busted Crown","Kunai","Incense Burner","Oddly Smooth Stone"],"potions_floor_usage":[45,50,50],"damage_taken":[{"damage":0.0,"enemies":"2 Louse","floor":1.0,"turns":1.0},{"damage":0.0,"enemies":"Jaw Worm","floor":5.0,"turns":1.0},{"damage":0.0,"enemies":"3 Sentries","floor":6.0,"turns":1.0},{"damage":0.0,"enemies":"Small Slimes","floor":10.0,"turns":3.0},{"damage":0.0,"enemies":"Looter","floor":11.0,"turns":3.0},{"damage":0.0,"enemies":"3 Louse","floor":14.0,"turns":3.0},{"damage":22.0,"enemies":"The Guardian","floor":16.0,"turns":12.0},{"damage":8.0,"enemies":"3 Byrds","floor":18.0,"turns":8.0},{"damage":11.0,"enemies":"2 Thieves","floor":19.0,"turns":5.0},{"damage":5.0,"enemies":"Snake Plant","floor":21.0,"turns":5.0},{"damage":0.0,"enemies":"Snecko","floor":24.0,"turns":5.0},{"damage":0.0,"enemies":"Cultist and Chosen","floor":29.0,"turns":4.0},{"damage":11.0,"enemies":"Snake Plant","floor":31.0,"turns":5.0},{"damage":60.0,"enemies":"Champ","floor":33.0,"turns":11.0},{"damage":17.0,"enemies":"3 Darklings","floor":35.0,"turns":6.0},{"damage":9.0,"enemies":"Orb Walker","floor":38.0,"turns":4.0},{"damage":7,"enemies":"4 Shapes","floor":41,"turns":5},{"damage":21,"enemies":"Transient","floor":45,"turns":5},{"damage":71,"enemies":"Time Eater","floor":50,"turns":10}],"seed_played":"-7525274143764099463","potions_obtained":[{"floor":6.0,"key":"EssenceOfSteel"},{"floor":11.0,"key":"PowerPotion"},{"floor":14.0,"key":"Strength Potion"},{"floor":16.0,"key":"Fire Potion"},{"floor":18.0,"key":"AttackPotion"},{"floor":21.0,"key":"EntropicBrew"},{"floor":31.0,"key":"Poison Potion"},{"floor":45,"key":"EssenceOfSteel"}],"is_trial":false,"path_per_floor":["M","?","?","?","M","E","?","R","T","M","M","$","T","M","R","B",null,"M","M","?","M","$","?","M","R","T","?","R","M","$","M","R","B",null,"M","?","?","M","$","R","M","$","T","$","M","R","?","?","R","B"],"character_chosen":"THE_SILENT","items_purchased":["Membership Card","Apotheosis","Infinite Blades","Grand Finale","TwistedFunnel","Kunai","Incense Burner","Cloak And Dagger"],"campfire_rested":5,"item_purchase_floors":[12,12,12,22,30,39,42,44],"current_hp_per_floor":[70,70,59,59,59,59,64,64,64,64,64,64,64,64,64,42,75,67,56,56,51,51,51,51,73,73,73,73,73,73,62,75,27,75,58,58,58,49,49,71,64,64,64,64,43,65,65,65,71,0],"gold":29,"neow_bonus":"THREE_ENEMY_KILL","is_prod":false,"is_daily":false,"chose_seed":false,"campfire_upgraded":3,"win_rate":0,"timestamp":1558675453,"path_taken":["M","?","?","?","M","E","?","R","T","M","M","$","?","M","R","BOSS","M","M","?","M","$","?","?","R","T","?","R","M","$","M","R","BOSS","M","?","?","?","$","R","M","$","T","$","M","R","?","?","R","BOSS"],"build_version":"2019-01-23","purchased_purges":3,"victory":false,"max_hp_per_floor":[70,70,70,70,70,70,75,75,75,75,75,75,75,75,75,75,75,75,75,75,75,75,75,75,75,75,75,75,75,75,75,75,75,75,75,75,75,75,75,75,75,75,75,75,75,75,75,71,71,71],"card_choices":[{"not_picked":["Prepared","Outmaneuver","Tactician"],"picked":"SKIP","floor":1.0},{"not_picked":["Reflex","Prepared"],"picked":"PiercingWail","floor":5.0},{"not_picked":["Wraith Form v2","Underhanded Strike","Flechettes"],"picked":"SKIP","floor":6.0},{"not_picked":["Dagger Spray","Choke"],"picked":"Accuracy","floor":10.0},{"not_picked":["Underhanded Strike","Deflect"],"picked":"Prepared","floor":11.0},{"not_picked":["Underhanded Strike","Sucker Punch","Slice"],"picked":"SKIP","floor":14.0},{"not_picked":["Bane","Heel Hook+1"],"picked":"Blade Dance","floor":18.0},{"not_picked":["Flying Knee","Outmaneuver","Backflip"],"picked":"SKIP","floor":19.0},{"not_picked":["Bane","Flying Knee","Tactician+1"],"picked":"SKIP","floor":21.0},{"not_picked":["Endless Agony","Glass Knife","Escape Plan"],"picked":"SKIP","floor":24.0},{"not_picked":["Flying Knee","Dagger Throw","Crippling Poison"],"picked":"SKIP","floor":29.0},{"not_picked":["Slice","Acrobatics","Backflip"],"picked":"SKIP","floor":31.0},{"not_picked":["Unload","Phantasmal Killer"],"picked":"Grand Finale","floor":33.0},{"not_picked":["Bane"],"picked":"SKIP","floor":35.0},{"not_picked":[],"picked":"Swift Strike","floor":36.0},{"not_picked":["Underhanded Strike+1"],"picked":"SKIP","floor":38.0},{"not_picked":["Deadly Poison"],"picked":"SKIP","floor":41},{"not_picked":["Escape Plan"],"picked":"SKIP","floor":45}],"player_experience":210641,"relics_obtained":[{"floor":6.0,"key":"Ninja Scroll"},{"floor":9.0,"key":"Bottled Flame"},{"floor":13.0,"key":"Tiny Chest"},{"floor":26.0,"key":"Meat on the Bone"},{"floor":43,"key":"Oddly Smooth Stone"}],"event_choices":[{"cards_removed":["Strike_G"],"damage_healed":0.0,"max_hp_gain":0.0,"max_hp_loss":0.0,"gold_gain":0.0,"event_name":"The Cleric","player_choice":"Card Removal","floor":2.0,"gold_loss":50.0,"damage_taken":0.0},{"damage_healed":0.0,"max_hp_gain":0.0,"max_hp_loss":0.0,"gold_gain":75.0,"event_name":"World of Goop","player_choice":"Gather Gold","floor":3.0,"gold_loss":0.0,"damage_taken":11.0},{"damage_healed":0.0,"max_hp_gain":0.0,"max_hp_loss":0.0,"gold_gain":175.0,"event_name":"Liars Game","player_choice":"AGREE","floor":4.0,"gold_loss":0.0,"damage_taken":0.0,"cards_obtained":["Doubt"]},{"damage_healed":0.0,"max_hp_gain":5.0,"max_hp_loss":0.0,"gold_gain":0.0,"event_name":"Big Fish","player_choice":"Donut","floor":7.0,"gold_loss":0.0,"damage_taken":0.0},{"cards_removed":["Strike_G"],"damage_healed":0.0,"max_hp_gain":0.0,"max_hp_loss":0.0,"gold_gain":0.0,"event_name":"Beggar","player_choice":"Gave Gold","floor":20.0,"gold_loss":75.0,"damage_taken":0.0},{"damage_healed":0.0,"max_hp_gain":0.0,"max_hp_loss":0.0,"gold_gain":0.0,"event_name":"Upgrade Shrine","player_choice":"Upgraded","floor":23.0,"gold_loss":0.0,"damage_taken":0.0,"cards_upgraded":["Survivor"]},{"damage_healed":0.0,"max_hp_gain":0.0,"max_hp_loss":0.0,"gold_gain":99.0,"event_name":"Nest","player_choice":"Stole From Cult","floor":27.0,"gold_loss":0.0,"damage_taken":0.0},{"damage_healed":0.0,"max_hp_gain":0.0,"max_hp_loss":0.0,"gold_gain":0.0,"event_name":"SensoryStone","player_choice":"Memory 1","floor":36.0,"gold_loss":0.0,"damage_taken":0.0},{"damage_healed":0.0,"max_hp_gain":0.0,"max_hp_loss":0.0,"gold_gain":100.0,"event_name":"Golden Shrine","player_choice":"Pray","floor":37.0,"gold_loss":0.0,"damage_taken":0.0},{"damage_healed":0,"gold_gain":0,"player_choice":"Ignored","damage_taken":0,"max_hp_gain":0,"max_hp_loss":0,"event_name":"Mysterious Sphere","floor":47,"gold_loss":0},{"damage_healed":0,"gold_gain":0,"player_choice":"Max HP","damage_taken":0,"max_hp_gain":0,"max_hp_loss":4,"event_name":"Winding Halls","floor":48,"gold_loss":0}],"is_beta":false,"boss_relics":[{"not_picked":["Velvet Choker","Orrery"],"picked":"Ring of the Serpent"},{"not_picked":["Eternal Feather","Astrolabe"],"picked":"Busted Crown"}],"items_purged_floors":[12,22,30],"is_endless":false,"potions_floor_spawned":[6,11,14,16,18,21,24,31,45],"killed_by":"Time Eater","ascension_level":0}