{"gold_per_floor":[110,110,123,123,123,123,153,153,153,153,129,129,129,163,163,163],"floor_reached":16,"playtime":427,"items_purged":[],"score":139,"play_id":"4dbfd10f-55e9-4a5f-a704-29e6d64734ef","local_time":"20190531102045","is_ascension_mode":true,"campfire_choices":[{"floor":6,"key":"REST"},{"floor":8,"key":"REST"},{"data":"Conserve Battery","floor":10,"key":"SMITH"},{"floor":13,"key":"REST"},{"data":"Zap","floor":15,"key":"SMITH"}],"neow_cost":"PERCENT_DAMAGE","seed_source_timestamp":1132993953163036,"circlet_count":0,"master_deck":["Strike_B","Strike_B+1","Strike_B","Strike_B","Defend_B","Defend_B","Defend_B","Defend_B","Zap+1","Dualcast","Conserve Battery+1","Coolheaded","Sunder+1","Leap","Coolheaded"],"relics":["Cracked Core","Mango","Unceasing Top","Question Card","Whetstone","Pear"],"potions_floor_usage":[],"damage_taken":[{"damage":0,"enemies":"2 Louse","floor":1,"turns":3},{"damage":10,"enemies":"Small Slimes","floor":3,"turns":3},{"damage":60,"enemies":"Gremlin Nob","floor":7,"turns":6},{"damage":18,"enemies":"Lagavulin","floor":14,"turns":6},{"damage":50,"enemies":"Hexaghost","floor":16,"turns":11}],"seed_played":"6903843610330744743","potions_obtained":[{"floor":3,"key":"Explosive Potion"},{"floor":14,"key":"Dexterity Potion"}],"is_trial":false,"path_per_floor":["M","?","M","?","?","R","E","R","T","R","$","$","R","E","R","B"],"character_chosen":"DEFECT","items_purchased":["Leap"],"campfire_rested":3,"item_purchase_floors":[11],"current_hp_per_floor":[68,68,58,40,40,66,6,32,32,32,32,32,58,50,50,0],"gold":163,"neow_bonus":"ONE_RARE_RELIC","is_prod":false,"is_daily":false,"chose_seed":false,"campfire_upgraded":2,"win_rate":0,"timestamp":1559308845,"path_taken":["M","?","M","?","?","R","E","R","T","R","?","$","R","E","R","BOSS"],"build_version":"2019-01-23","purchased_purges":0,"victory":false,"max_hp_per_floor":[89,89,89,89,89,89,89,89,89,89,89,89,89,99,99,99],"card_choices":[{"not_picked":["Auto Shields","Hologram"],"picked":"Conserve Battery","floor":1},{"not_picked":["Turbo","Redo"],"picked":"Coolheaded","floor":3},{"not_picked":["Compile Driver","Seek"],"picked":"Sunder","floor":7},{"not_picked":["Cold Snap","Leap","Lockon"],"picked":"Coolheaded","floor":14}],"player_experience":835082,"relics_obtained":[{"floor":7,"key":"Question Card"},{"floor":9,"key":"Whetstone"},{"floor":14,"key":"Pear"}],"event_choices":[{"damage_healed":0,"gold_gain":0,"player_choice":"Leave","damage_taken":0,"max_hp_gain":0,"max_hp_loss":0,"event_name":"The Cleric","floor":2,"gold_loss":0},{"damage_healed":0,"gold_gain":0,"player_choice":"Success","damage_taken":18,"relics_obtained":["Unceasing Top"],"max_hp_gain":0,"max_hp_loss":0,"event_name":"Scrap Ooze","floor":4,"gold_loss":0},{"damage_healed":0,"gold_gain":0,"player_choice":"Ignored","damage_taken":0,"max_hp_gain":0,"max_hp_loss":0,"event_name":"Shining Light","floor":5,"gold_loss":0}],"is_beta":false,"boss_relics":[],"items_purged_floors":[],"is_endless":false,"potions_floor_spawned":[3,14],"killed_by":"Hexaghost","ascension_level":2}