{"gold_per_floor":[118,132,132,207,382,382,392,230,254,107,107,126,143,155,155,256,256,271,271,241,260,107,107,120,134,134,144,144,144,164,177,177,177],"floor_reached":33,"playtime":1576,"items_purged":["Doubt","Strike_G"],"score":266,"play_id":"4a5a83e7-a337-4561-84e6-30908f30fc27","local_time":"20190523184717","is_ascension_mode":false,"campfire_choices":[{"data":"Blade Dance","floor":6,"key":"SMITH"},{"floor":15,"key":"REST"},{"data":"Blade Dance","floor":23,"key":"SMITH"},{"data":"Burst","floor":28,"key":"SMITH"},{"floor":32,"key":"REST"}],"neow_cost":"NONE","seed_source_timestamp":652199550045049,"circlet_count":0,"master_deck":["Defend_G+1","Defend_G","Defend_G","Defend_G","Defend_G","Strike_G","Strike_G","Strike_G","Strike_G","Survivor","Neutralize","Cloak And Dagger","Blade Dance+1","PiercingWail","Jack Of All Trades+1","Blade Dance+1","Burst+1","Poisoned Stab+1","Backstab","Blade Dance","Blade Dance+1","Accuracy"],"relics":["Ring of the Snake","NeowsBlessing","War Paint","Happy Flower","Orichalcum","White Beast Statue","Singing Bowl"],"potions_floor_usage":[13,18,18,18,24,24,25,27,30,31,31,33],"damage_taken":[{"damage":0,"enemies":"2 Louse","floor":1,"turns":1},{"damage":0,"enemies":"Small Slimes","floor":2,"turns":1},{"damage":0,"enemies":"Jaw Worm","floor":7,"turns":1},{"damage":4,"enemies":"Blue Slaver","floor":12,"turns":4},{"damage":0,"enemies":"Gremlin Gang","floor":13,"turns":3},{"damage":0,"enemies":"3 Louse","floor":14,"turns":5},{"damage":54,"enemies":"Slime Boss","floor":16,"turns":15},{"damage":4,"enemies":"2 Thieves","floor":18,"turns":4},{"damage":2,"enemies":"3 Byrds","floor":21,"turns":8},{"damage":6,"enemies":"Snecko","floor":24,"turns":5},{"damage":10,"enemies":"Chosen and Byrds","floor":25,"turns":6},{"damage":17,"enemies":"Cultist and Chosen","floor":27,"turns":7},{"damage":22,"enemies":"Snake Plant","floor":30,"turns":7},{"damage":4,"enemies":"Centurion and Healer","floor":31,"turns":6},{"damage":58,"enemies":"Collector","floor":33,"turns":6}],"seed_played":"-9119226217603696148","potions_obtained":[{"floor":7,"key":"Explosive Potion"},{"floor":12,"key":"Energy Potion"},{"floor":14,"key":"Explosive Potion"},{"floor":16,"key":"Block Potion"},{"floor":18,"key":"Poison Potion"},{"floor":20,"key":"SneckoOil"},{"floor":20,"key":"Fire Potion"},{"floor":21,"key":"Block Potion"},{"floor":24,"key":"Energy Potion"},{"floor":25,"key":"Dexterity Potion"},{"floor":27,"key":"GhostInAJar"},{"floor":30,"key":"Weak Potion"},{"floor":31,"key":"Regen Potion"}],"is_trial":false,"path_per_floor":["M","M","?","?","?","R","M","$","T","$","?","M","M","M","R","B",null,"M","?","?","M","$","R","M","M","T","M","R","?","M","M","R","B"],"character_chosen":"THE_SILENT","items_purchased":["Jack Of All Trades","Happy Flower","Blade Dance"],"campfire_rested":2,"item_purchase_floors":[8,10,22],"current_hp_per_floor":[70,70,75,64,64,64,64,64,64,64,57,53,53,53,75,21,75,71,71,71,69,69,69,63,53,53,38,38,38,18,16,40,0],"gold":177,"neow_bonus":"THREE_ENEMY_KILL","is_prod":false,"is_daily":false,"chose_seed":false,"campfire_upgraded":3,"win_rate":0,"timestamp":1558630037,"path_taken":["M","M","?","?","?","R","M","$","T","?","?","M","M","M","R","BOSS","M","?","?","M","$","R","?","M","T","M","R","?","?","M","R","BOSS"],"build_version":"2019-01-23","purchased_purges":2,"victory":false,"max_hp_per_floor":[70,70,75,75,75,75,75,75,75,75,75,75,75,75,75,75,75,75,75,75,75,75,75,75,75,75,77,77,77,79,81,81,81],"card_choices":[{"not_picked":["Bane","Well Laid Plans"],"picked":"Cloak And Dagger","floor":1},{"not_picked":["All Out Attack","Expertise"],"picked":"Blade Dance","floor":2},{"not_picked":["Distraction","Quick Slash"],"picked":"PiercingWail","floor":7},{"not_picked":["Noxious Fumes","Blur","Flying Knee"],"picked":"SKIP","floor":12},{"not_picked":["Quick Slash","Reflex"],"picked":"Blade Dance","floor":13},{"not_picked":["Underhanded Strike","Quick Slash","Dodge and Roll"],"picked":"SKIP","floor":14},{"not_picked":["Wraith Form v2","After Image"],"picked":"Burst","floor":16},{"not_picked":["Dodge and Roll","Endless Agony"],"picked":"Poisoned Stab+1","floor":18},{"not_picked":["Sucker Punch","Bane","All Out Attack"],"picked":"SKIP","floor":21},{"not_picked":["Storm of Steel","Noxious Fumes"],"picked":"Blade Dance+1","floor":24},{"not_picked":["Sucker Punch+1","Calculated Gamble"],"picked":"Accuracy","floor":25},{"not_picked":["Outmaneuver","Backflip","Terror+1"],"picked":"Singing Bowl","floor":27},{"not_picked":["Blade Dance+1","Poisoned Stab","Deadly Poison"],"picked":"Singing Bowl","floor":30},{"not_picked":["Finisher+1","Dodge and Roll","Dash+1"],"picked":"Singing Bowl","floor":31}],"player_experience":208210,"relics_obtained":[{"floor":9,"key":"War Paint"},{"floor":26,"key":"Singing Bowl"}],"event_choices":[{"damage_healed":0,"gold_gain":0,"player_choice":"Donut","damage_taken":0,"max_hp_gain":5,"max_hp_loss":0,"event_name":"Big Fish","floor":3,"gold_loss":0},{"damage_healed":0,"gold_gain":75,"player_choice":"Gather Gold","damage_taken":11,"max_hp_gain":0,"max_hp_loss":0,"event_name":"World of Goop","floor":4,"gold_loss":0},{"damage_healed":0,"gold_gain":175,"player_choice":"AGREE","damage_taken":0,"max_hp_gain":0,"max_hp_loss":0,"event_name":"Liars Game","floor":5,"gold_loss":0,"cards_obtained":["Doubt"]},{"damage_healed":0,"gold_gain":0,"player_choice":"Success","damage_taken":7,"relics_obtained":["Orichalcum"],"max_hp_gain":0,"max_hp_loss":0,"event_name":"Scrap Ooze","floor":11,"gold_loss":0},{"damage_healed":0,"gold_gain":0,"player_choice":"Read","damage_taken":0,"max_hp_gain":0,"max_hp_loss":0,"event_name":"The Library","floor":19,"gold_loss":0,"cards_obtained":["Backstab"]},{"damage_healed":0,"gold_gain":0,"player_choice":"Bought 2 Potions","damage_taken":0,"max_hp_gain":0,"max_hp_loss":0,"event_name":"The Woman in Blue","floor":20,"gold_loss":0},{"damage_healed":0,"gold_gain":0,"player_choice":"Ignored","damage_taken":0,"max_hp_gain":0,"max_hp_loss":0,"event_name":"NoteForYourself","floor":29,"gold_loss":0}],"is_beta":false,"boss_relics":[{"not_picked":["Fusion Hammer","Ectoplasm"],"picked":"White Beast Statue"}],"items_purged_floors":[8,22],"is_endless":false,"potions_floor_spawned":[7,12,14,16,18,21,24,25,27,30,31],"killed_by":"Collector","ascension_level":0}