{"gold_per_floor":[20,36,36,50,65,65,100,14,39,80,98,98],"floor_reached":12,"playtime":682,"items_purged":["Strike_B"],"score":126,"play_id":"c3f7b612-05a8-488a-a638-cbca04e209ec","local_time":"20190608191627","is_ascension_mode":true,"campfire_choices":[{"data":"Rip and Tear","floor":6,"key":"SMITH"}],"neow_cost":"NO_GOLD","seed_source_timestamp":1856076313011891,"circlet_count":0,"master_deck":["Strike_B","Strike_B","Strike_B","Defend_B","Defend_B","Defend_B","Defend_B","Zap","Dualcast","Leap","Genetic Algorithm","Self Repair","Rip and Tear+1","Fusion","Static Discharge","Sweeping Beam","White Noise"],"relics":["Cracked Core","Ginger","Golden Idol","Smiling Mask","Vajra","Juzu Bracelet"],"potions_floor_usage":[9,10],"damage_taken":[{"damage":2,"enemies":"Jaw Worm","floor":1,"turns":4},{"damage":0,"enemies":"2 Louse","floor":2,"turns":3},{"damage":0,"enemies":"Cultist","floor":4,"turns":4},{"damage":6,"enemies":"2 Fungi Beasts","floor":5,"turns":4},{"damage":42,"enemies":"3 Sentries","floor":7,"turns":9},{"damage":16,"enemies":"Lagavulin","floor":10,"turns":7},{"damage":4,"enemies":"Blue Slaver","floor":11,"turns":4},{"damage":14,"enemies":"Exordium Thugs","floor":12,"turns":1}],"seed_played":"-9092792844415129660","potions_obtained":[{"floor":1,"key":"Fruit Juice"},{"floor":5,"key":"Strength Potion"},{"floor":10,"key":"Poison Potion"}],"is_trial":false,"path_per_floor":["M","M","?","M","M","R","E","$","T","E","M","M"],"character_chosen":"DEFECT","items_purchased":["Static Discharge"],"campfire_rested":0,"item_purchase_floors":[8],"current_hp_per_floor":[66,66,48,48,49,49,14,14,19,10,13,0],"gold":98,"neow_bonus":"ONE_RARE_RELIC","is_prod":false,"is_daily":false,"chose_seed":false,"campfire_upgraded":1,"win_rate":0,"timestamp":1560032187,"path_taken":["M","M","?","M","M","R","E","$","T","E","M","M"],"build_version":"2019-01-23","purchased_purges":1,"victory":false,"max_hp_per_floor":[75,75,75,75,75,75,75,75,80,80,80,80],"card_choices":[{"not_picked":["Go for the Eyes","Hologram"],"picked":"Leap","floor":1},{"not_picked":["Rebound","Blizzard"],"picked":"Genetic Algorithm","floor":2},{"not_picked":["Streamline","Ball Lightning"],"picked":"Self Repair","floor":4},{"not_picked":["Leap","Consume"],"picked":"Rip and Tear","floor":5},{"not_picked":["Darkness","Chaos"],"picked":"Fusion","floor":7},{"not_picked":["Rip and Tear","Hyperbeam"],"picked":"Sweeping Beam","floor":10},{"not_picked":["Stack","Gash"],"picked":"White Noise","floor":11}],"player_experience":946833,"relics_obtained":[{"floor":7,"key":"Smiling Mask"},{"floor":9,"key":"Vajra"},{"floor":10,"key":"Juzu Bracelet"}],"event_choices":[{"damage_healed":0,"gold_gain":0,"player_choice":"Take Damage","damage_taken":18,"relics_obtained":["Golden Idol"],"max_hp_gain":0,"max_hp_loss":0,"event_name":"Golden Idol","floor":3,"gold_loss":0}],"is_beta":false,"boss_relics":[],"items_purged_floors":[8],"is_endless":false,"potions_floor_spawned":[1,5,10],"killed_by":"Exordium Thugs","ascension_level":8}