{"gold_per_floor":[111,122,53,53,72,72,107,107,107,107,133,143,168,180,180,280,280,299,310,125,136,136,168,168,193,193,193,193,220,240,252,252,349,349,363,69,86,86,102,102,127,139,139,139,169,169,149,164,164,164],"floor_reached":51,"playtime":3335,"items_purged":["Writhe"],"score":975,"play_id":"055d02f0-18a5-485c-a564-225de7bae868","local_time":"20190602155031","is_ascension_mode":true,"campfire_choices":[{"data":"Sunder","floor":6.0,"key":"SMITH"},{"data":"Chill","floor":8.0,"key":"SMITH"},{"data":"Zap","floor":10.0,"key":"SMITH"},{"floor":15.0,"key":"REST"},{"data":"Conserve Battery","floor":24.0,"key":"SMITH"},{"data":"Dualcast","floor":27.0,"key":"SMITH"},{"floor":32.0,"key":"REST"},{"data":"Madness","floor":40.0,"key":"SMITH"},{"floor":44.0,"key":"REST"},{"floor":46.0,"key":"REST"},{"floor":49.0,"key":"REST"}],"neow_cost":"NONE","seed_source_timestamp":0,"circlet_count":0,"master_deck":["Strike_B+1","Strike_B","Strike_B","Strike_B+1","Defend_B","Defend_B","Defend_B","Defend_B","Zap+1","Dualcast+1","Chill+1","Sunder+1","Conserve Battery+1","Echo Form+1","Loop+1","Cold Snap","Undo","Storm+1","Hologram+1","Storm+1","FTL+1","Steam+1","All For One","Chill+1","Static Discharge+1","Steam+1","Madness+1","Madness","Gash","Gash+1","BootSequence+1","Steam+1","Storm+1"],"special_seed":0,"relics":["Cracked Core","Vajra","Frozen Egg 2","Meat on the Bone","Bag of Marbles","Nuclear Battery","Bronze Scales","Lantern","Ornamental Fan","Unceasing Top","Orichalcum","Pen Nib","Philosopher\u0027s Stone","DataDisk","Blue Candle","Bottled Lightning","Boot"],"potions_floor_usage":[50,50,50],"damage_taken":[{"damage":0.0,"enemies":"Cultist","floor":1.0,"turns":3.0},{"damage":5.0,"enemies":"2 Louse","floor":2.0,"turns":2.0},{"damage":0.0,"enemies":"Small Slimes","floor":5.0,"turns":2.0},{"damage":10.0,"enemies":"3 Sentries","floor":7.0,"turns":5.0},{"damage":9.0,"enemies":"Lagavulin","floor":11.0,"turns":5.0},{"damage":5.0,"enemies":"Exordium Wildlife","floor":12.0,"turns":2.0},{"damage":1.0,"enemies":"3 Sentries","floor":13.0,"turns":5.0},{"damage":0.0,"enemies":"Blue Slaver","floor":14.0,"turns":2.0},{"damage":17.0,"enemies":"Slime Boss","floor":16.0,"turns":5.0},{"damage":2.0,"enemies":"2 Thieves","floor":18.0,"turns":4.0},{"damage":7.0,"enemies":"Spheric Guardian","floor":19.0,"turns":5.0},{"damage":0.0,"enemies":"Centurion and Healer","floor":21.0,"turns":5.0},{"damage":13.0,"enemies":"Slavers","floor":23.0,"turns":6.0},{"damage":18.0,"enemies":"Gremlin Leader","floor":25.0,"turns":8.0},{"damage":5.0,"enemies":"Book of Stabbing","floor":29.0,"turns":4.0},{"damage":7.0,"enemies":"3 Cultists","floor":30.0,"turns":5.0},{"damage":0.0,"enemies":"Snecko","floor":31.0,"turns":3.0},{"damage":82.0,"enemies":"Champ","floor":33.0,"turns":11.0},{"damage":13.0,"enemies":"3 Shapes","floor":35.0,"turns":5.0},{"damage":0.0,"enemies":"Orb Walker","floor":37.0,"turns":3.0},{"damage":0.0,"enemies":"4 Shapes","floor":39.0,"turns":4.0},{"damage":33.0,"enemies":"Giant Head","floor":41.0,"turns":6.0},{"damage":0.0,"enemies":"3 Darklings","floor":42.0,"turns":3.0},{"damage":40.0,"enemies":"Reptomancer","floor":45.0,"turns":4.0},{"damage":0.0,"enemies":"Spire Growth","floor":48.0,"turns":3.0},{"damage":50,"enemies":"Donu and Deca","floor":50,"turns":7}],"seed_played":"-7842048617721768699","potions_obtained":[{"floor":2.0,"key":"AttackPotion"},{"floor":7.0,"key":"Fire Potion"},{"floor":11.0,"key":"Strength Potion"},{"floor":14.0,"key":"PowerPotion"},{"floor":16.0,"key":"SkillPotion"},{"floor":18.0,"key":"EssenceOfSteel"},{"floor":23.0,"key":"FairyPotion"},{"floor":29.0,"key":"Regen Potion"},{"floor":35.0,"key":"Energy Potion"},{"floor":41.0,"key":"SpeedPotion"},{"floor":47.0,"key":"AttackPotion"},{"floor":48.0,"key":"Strength Potion"}],"is_trial":false,"path_per_floor":["M","M","$","?","M","R","E","R","T","R","E","M","E","M","R","B",null,"M","M","$","M","?","E","R","E","T","R","?","E","M","M","R","B",null,"M","$","M","?","M","R","E","M","T","R","E","R","?","M","R","B",null],"character_chosen":"DEFECT","items_purchased":["Sunder","Storm+1","Bronze Scales","DataDisk","Static Discharge+1"],"campfire_rested":5,"item_purchase_floors":[3,20,20,36,36],"current_hp_per_floor":[82,77,77,61,61,61,51,51,51,51,42,49,48,48,72,55,75,73,66,66,66,66,53,53,47,47,47,47,42,47,47,71,17,66,53,53,53,43,43,43,22,34,34,58,30,54,54,54,78,52],"gold":164,"neow_bonus":"TEN_PERCENT_HP_BONUS","is_prod":false,"is_daily":false,"chose_seed":false,"campfire_upgraded":6,"win_rate":0,"timestamp":1559501431,"path_taken":["M","M","$","?","M","R","E","R","T","R","E","M","E","M","R","BOSS","M","M","$","M","?","E","R","E","T","R","?","E","M","M","R","BOSS","M","$","M","?","M","R","E","M","T","R","E","R","?","M","R","BOSS"],"build_version":"2019-01-23","purchased_purges":1,"victory":true,"max_hp_per_floor":[82,82,82,82,82,82,82,82,82,82,82,82,82,82,82,82,82,82,82,82,82,82,82,82,82,82,82,82,82,82,82,82,82,82,82,82,82,82,82,82,82,82,82,82,82,82,82,82,82,82],"card_choices":[{"not_picked":["Cold Snap","Sweeping Beam"],"picked":"Chill","floor":1.0},{"not_picked":["Beam Cell","Sweeping Beam","Scrape"],"picked":"SKIP","floor":2.0},{"not_picked":["Scrape","Skim","Sweeping Beam"],"picked":"SKIP","floor":5.0},{"not_picked":["Stack","Recycle"],"picked":"Conserve Battery","floor":7.0},{"not_picked":["Machine Learning+1","Redo"],"picked":"Echo Form+1","floor":11.0},{"not_picked":["Hologram","Redo","Leap"],"picked":"SKIP","floor":12.0},{"not_picked":["Reprogram","Rebound","Blizzard"],"picked":"SKIP","floor":13.0},{"not_picked":["Sweeping Beam","Hologram"],"picked":"Loop+1","floor":14.0},{"not_picked":["Turbo","Static Discharge+1"],"picked":"Cold Snap","floor":18.0},{"not_picked":["Go for the Eyes+1","Coolheaded"],"picked":"Undo","floor":19.0},{"not_picked":["Scrape+1","Go for the Eyes","Barrage+1"],"picked":"SKIP","floor":21.0},{"not_picked":["Doom and Gloom","Compile Driver","Conserve Battery"],"picked":"SKIP","floor":23.0},{"not_picked":["Blizzard","Skim"],"picked":"Hologram+1","floor":25.0},{"not_picked":["Tempest+1","Ball Lightning"],"picked":"Storm+1","floor":29.0},{"not_picked":["Beam Cell","Aggregate+1"],"picked":"FTL+1","floor":30.0},{"not_picked":["Doom and Gloom","White Noise"],"picked":"Steam+1","floor":31.0},{"not_picked":["Fission","Biased Cognition+1"],"picked":"All For One","floor":33.0},{"not_picked":["Sweeping Beam","Go for the Eyes"],"picked":"Chill+1","floor":35.0},{"not_picked":["Stack","Turbo"],"picked":"Steam+1","floor":37.0},{"not_picked":["Barrage","Streamline+1"],"picked":"Gash","floor":39.0},{"not_picked":["Hello World+1","Steam Power+1"],"picked":"Gash+1","floor":41.0},{"not_picked":["Beam Cell+1","Skim+1"],"picked":"BootSequence+1","floor":42.0},{"not_picked":["Turbo","All For One"],"picked":"Steam+1","floor":45.0},{"not_picked":["Redo","Darkness+1"],"picked":"Storm+1","floor":48.0}],"player_experience":869950,"relics_obtained":[{"floor":7.0,"key":"Vajra"},{"floor":9.0,"key":"Frozen Egg 2"},{"floor":11.0,"key":"Meat on the Bone"},{"floor":13.0,"key":"Bag of Marbles"},{"floor":23.0,"key":"Lantern"},{"floor":25.0,"key":"Ornamental Fan"},{"floor":26.0,"key":"Unceasing Top"},{"floor":29.0,"key":"Pen Nib"},{"floor":41.0,"key":"Blue Candle"},{"floor":43.0,"key":"Bottled Lightning"},{"floor":45.0,"key":"Boot"}],"event_choices":[{"damage_healed":0.0,"max_hp_gain":0.0,"max_hp_loss":0.0,"gold_gain":0.0,"event_name":"Shining Light","player_choice":"Entered Light","floor":4.0,"gold_loss":0.0,"damage_taken":16.0,"cards_upgraded":["Strike_B","Strike_B"]},{"damage_healed":0.0,"max_hp_gain":0.0,"max_hp_loss":0.0,"gold_gain":0.0,"event_name":"Vampires","player_choice":"Ignored","floor":22.0,"gold_loss":0.0,"damage_taken":0.0},{"damage_healed":0.0,"max_hp_gain":0.0,"max_hp_loss":0.0,"gold_gain":0.0,"event_name":"The Mausoleum","player_choice":"Opened","floor":28.0,"gold_loss":0.0,"damage_taken":0.0,"relics_obtained":["Orichalcum"],"cards_obtained":["Writhe"]},{"damage_healed":0.0,"max_hp_gain":0.0,"max_hp_loss":0.0,"gold_gain":0.0,"event_name":"Winding Halls","player_choice":"Embrace Madness","floor":38.0,"gold_loss":0.0,"damage_taken":10.0,"cards_obtained":["Madness","Madness"]},{"damage_healed":0.0,"max_hp_gain":0.0,"max_hp_loss":0.0,"gold_gain":0.0,"event_name":"The Woman in Blue","player_choice":"Bought 1 Potion","floor":47.0,"gold_loss":0.0,"damage_taken":0.0}],"is_beta":false,"boss_relics":[{"not_picked":["Runic Pyramid","Sozu"],"picked":"Nuclear Battery"},{"not_picked":["Tiny House","Orrery"],"picked":"Philosopher\u0027s Stone"}],"items_purged_floors":[36],"is_endless":false,"potions_floor_spawned":[2,7,11,14,16,18,23,29,35,39,41,45,48],"ascension_level":5}