{"gold_per_floor":[116,116,116,133,133,133,159,159,159,12,26,26,44,54,54,150,150,162,162,191,116,47,47,81,81,104,132,144,187,215,242,254,367,379,407,81,81,81,81,81],"floor_reached":40,"playtime":2267,"items_purged":["Strike_B","Defend_B"],"score":725,"play_id":"8ace2931-b43d-44ea-9ae2-182408d8de7c","local_time":"20190616190120","is_ascension_mode":true,"campfire_choices":[{"data":"Zap","floor":6.0,"key":"SMITH"},{"data":"Dualcast","floor":8.0,"key":"SMITH"},{"floor":15.0,"key":"REST"},{"floor":23.0,"key":"REST"},{"data":"Echo Form","floor":28.0,"key":"SMITH"},{"floor":32,"key":"REST"}],"neow_cost":"CURSE","seed_source_timestamp":0,"circlet_count":0,"master_deck":["AscendersBane","Strike_B+1","Strike_B","Strike_B+1","Defend_B","Defend_B","Defend_B","Zap+1","Dualcast+1","Beam Cell","Defragment","Conserve Battery","FTL","Leap","Go for the Eyes","Reprogram","Echo Form+1","Beam Cell","Self Repair","Steam","Ball Lightning","Gash+1","Go for the Eyes","Steam","Seek","Good Instincts","Regret","Trip"],"special_seed":0,"relics":["Cracked Core","Unceasing Top","Spirit Poop","Oddly Smooth Stone","Mercury Hourglass","Du-Vu Doll","Inserter","Shuriken","Red Mask","Thread and Needle","MawBank","Cursed Key","Vajra","Mummified Hand"],"potions_floor_usage":[30],"damage_taken":[{"damage":2.0,"enemies":"Jaw Worm","floor":1.0,"turns":5.0},{"damage":1.0,"enemies":"Cultist","floor":4.0,"turns":3.0},{"damage":23.0,"enemies":"3 Sentries","floor":7.0,"turns":9.0},{"damage":0.0,"enemies":"Small Slimes","floor":11.0,"turns":2.0},{"damage":5.0,"enemies":"Looter","floor":13.0,"turns":2.0},{"damage":0.0,"enemies":"Red Slaver","floor":14.0,"turns":3.0},{"damage":0.0,"enemies":"The Guardian","floor":16.0,"turns":10.0},{"damage":12.0,"enemies":"Shell Parasite","floor":18.0,"turns":5.0},{"damage":22.0,"enemies":"Masked Bandits","floor":20.0,"turns":4.0},{"damage":16.0,"enemies":"Gremlin Leader","floor":24.0,"turns":7.0},{"damage":0.0,"enemies":"Spheric Guardian","floor":27.0,"turns":3.0},{"damage":2.0,"enemies":"Centurion and Healer","floor":29.0,"turns":5.0},{"damage":5,"enemies":"Snake Plant","floor":30,"turns":4},{"damage":22,"enemies":"3 Cultists","floor":31,"turns":5},{"damage":44,"enemies":"Collector","floor":33,"turns":11},{"damage":3,"enemies":"Orb Walker","floor":35,"turns":4},{"damage":73,"enemies":"Reptomancer","floor":40,"turns":4}],"seed_played":"509927628146159930","potions_obtained":[{"floor":4.0,"key":"EssenceOfSteel"},{"floor":11.0,"key":"FearPotion"},{"floor":18.0,"key":"EssenceOfSteel"},{"floor":24.0,"key":"LiquidBronze"},{"floor":29,"key":"Block Potion"}],"is_trial":false,"path_per_floor":["M","?","?","M","?","R","E","R","T","$","M","?","M","M","R","B",null,"M","?","?","?","$","R","E","?","T","M","R","M","M","M","R","B",null,"M","$","T","?","?","E"],"character_chosen":"DEFECT","items_purchased":["FTL","Steam","Ball Lightning","Good Instincts","Vajra"],"campfire_rested":3,"item_purchase_floors":[10,22,22,36,36],"current_hp_per_floor":[66,71,71,70,55,55,32,32,32,32,32,32,27,27,50,50,70,58,58,36,36,36,59,57,57,57,64,64,69,64,49,72,35,67,77,77,77,77,73,0],"gold":81,"neow_bonus":"ONE_RARE_RELIC","is_prod":false,"is_daily":false,"chose_seed":false,"campfire_upgraded":3,"win_rate":0,"timestamp":1560722480,"path_taken":["M","?","?","?","?","R","E","R","T","$","M","?","M","?","R","BOSS","M","?","?","?","$","R","E","?","T","?","R","M","M","?","R","BOSS","M","$","?","?","?","E"],"build_version":"2019-01-23","purchased_purges":2,"victory":false,"max_hp_per_floor":[75,80,77,77,77,77,77,77,77,77,77,77,77,77,77,77,77,77,77,77,77,77,77,77,77,77,77,77,77,77,77,77,77,77,77,77,77,77,73,73],"card_choices":[{"not_picked":["Tempest","Undo"],"picked":"Beam Cell","floor":1.0},{"not_picked":["Steam","FTL"],"picked":"Defragment","floor":4.0},{"not_picked":["Consume","Stack"],"picked":"Conserve Battery","floor":7.0},{"not_picked":["Stack","Compile Driver"],"picked":"Leap","floor":11.0},{"not_picked":["Coolheaded","Beam Cell"],"picked":"Go for the Eyes","floor":13.0},{"not_picked":["Amplify","Steam"],"picked":"Reprogram","floor":14.0},{"not_picked":["Meteor Strike","Buffer"],"picked":"Echo Form","floor":16.0},{"not_picked":["Cold Snap","Streamline"],"picked":"Beam Cell","floor":18.0},{"not_picked":["Compile Driver","Hologram"],"picked":"Self Repair","floor":20.0},{"not_picked":["Undo","Cold Snap"],"picked":"Gash+1","floor":24.0},{"not_picked":["Cold Snap+1","Stack","Rebound"],"picked":"SKIP","floor":27.0},{"not_picked":["Rebound+1","Streamline","Ball Lightning"],"picked":"SKIP","floor":29},{"not_picked":["Darkness+1","Hologram"],"picked":"Steam","floor":30},{"not_picked":["Multi-Cast","Streamline+1","Sweeping Beam"],"picked":"SKIP","floor":31},{"not_picked":["Amplify","Echo Form"],"picked":"Seek","floor":33},{"not_picked":["Ball Lightning","Barrage","Coolheaded"],"picked":"SKIP","floor":35},{"not_picked":["Flash of Steel","Dramatic Entrance"],"picked":"Trip","floor":38}],"player_experience":1067967,"relics_obtained":[{"floor":7.0,"key":"Oddly Smooth Stone"},{"floor":9.0,"key":"Mercury Hourglass"},{"floor":20.0,"key":"Red Mask"},{"floor":24.0,"key":"Thread and Needle"},{"floor":26.0,"key":"MawBank"},{"floor":37,"key":"Mummified Hand"}],"event_choices":[{"damage_healed":0.0,"max_hp_gain":5.0,"max_hp_loss":0.0,"gold_gain":0.0,"event_name":"Big Fish","player_choice":"Donut","floor":2.0,"gold_loss":0.0,"damage_taken":0.0},{"cards_removed":["Parasite"],"damage_healed":0.0,"max_hp_gain":0.0,"max_hp_loss":0.0,"gold_gain":0.0,"event_name":"Bonfire Elementals","player_choice":"Offered Curse","floor":3.0,"gold_loss":0.0,"damage_taken":0.0,"relics_obtained":["Spirit Poop"]},{"damage_healed":0.0,"max_hp_gain":0.0,"max_hp_loss":0.0,"gold_gain":0.0,"event_name":"Shining Light","player_choice":"Entered Light","floor":5.0,"gold_loss":0.0,"damage_taken":15.0,"cards_upgraded":["Strike_B","Strike_B"]},{"damage_healed":0.0,"max_hp_gain":0.0,"max_hp_loss":0.0,"gold_gain":0.0,"event_name":"WeMeetAgain","player_choice":"Gave Potion","floor":12.0,"gold_loss":0.0,"damage_taken":0.0,"relics_obtained":["Du-Vu Doll"]},{"damage_healed":0.0,"max_hp_gain":0.0,"max_hp_loss":0.0,"gold_gain":0.0,"event_name":"The Mausoleum","player_choice":"Opened","floor":19.0,"gold_loss":0.0,"damage_taken":0.0,"relics_obtained":["Shuriken"],"cards_obtained":["Writhe"]},{"damage_healed":0.0,"max_hp_gain":0.0,"max_hp_loss":0.0,"gold_gain":0.0,"event_name":"Masked Bandits","player_choice":"Fought Bandits","floor":20.0,"gold_loss":0.0,"damage_taken":0.0},{"cards_removed":["Writhe"],"damage_healed":0.0,"max_hp_gain":0.0,"max_hp_loss":0.0,"gold_gain":0.0,"event_name":"Beggar","player_choice":"Gave Gold","floor":21.0,"gold_loss":75.0,"damage_taken":0.0},{"damage_healed":0.0,"max_hp_gain":0.0,"max_hp_loss":0.0,"gold_gain":0.0,"event_name":"The Library","player_choice":"Read","floor":25.0,"gold_loss":0.0,"damage_taken":0.0,"cards_obtained":["Go for the Eyes"]},{"damage_healed":0,"gold_gain":0,"player_choice":"Memory 1","damage_taken":0,"max_hp_gain":0,"max_hp_loss":0,"event_name":"SensoryStone","floor":38,"gold_loss":0},{"damage_healed":0,"gold_gain":0,"player_choice":"Max HP","damage_taken":0,"max_hp_gain":0,"max_hp_loss":4,"event_name":"Winding Halls","floor":39,"gold_loss":0}],"is_beta":false,"boss_relics":[{"not_picked":["Pandora\u0027s Box","Lizard Tail"],"picked":"Inserter"},{"not_picked":["Snecko Eye","Calling Bell"],"picked":"Cursed Key"}],"items_purged_floors":[10,36],"is_endless":false,"potions_floor_spawned":[4,11,18,24,29],"killed_by":"Reptomancer","ascension_level":11}