{"gold_per_floor":[117,67,67,80,97,97,129,129,129,152,152,169,197,216,216,317,317,327,339,339,5,20,20],"floor_reached":23,"playtime":1416,"items_purged":["After Image"],"score":389,"play_id":"388f730b-86ec-48c8-a394-49ec2d294cc4","local_time":"20190617172457","is_ascension_mode":true,"campfire_choices":[{"data":"Noxious Fumes","floor":6.0,"key":"SMITH"},{"data":"Footwork","floor":15.0,"key":"SMITH"}],"neow_cost":"NONE","seed_source_timestamp":0,"circlet_count":0,"master_deck":["AscendersBane","Defend_G","Defend_G","Defend_G","Defend_G","Strike_G","Strike_G","Strike_G","Strike_G","Survivor","Neutralize+1","Noxious Fumes+1","Footwork+1","Malaise","Heel Hook","Slice","Escape Plan","Footwork","Neutralize","Dash"],"special_seed":0,"relics":["Ring of the Snake","Gremlin Horn","Vajra","Orichalcum","Blue Candle","PreservedInsect","WristBlade","Mummified Hand"],"potions_floor_usage":[23],"damage_taken":[{"damage":2.0,"enemies":"Cultist","floor":1.0,"turns":4.0},{"damage":1.0,"enemies":"Jaw Worm","floor":4.0,"turns":5.0},{"damage":0.0,"enemies":"2 Louse","floor":5.0,"turns":5.0},{"damage":23.0,"enemies":"Gremlin Nob","floor":7.0,"turns":5.0},{"damage":0.0,"enemies":"2 Fungi Beasts","floor":12.0,"turns":4.0},{"damage":8.0,"enemies":"Lagavulin","floor":13.0,"turns":9.0},{"damage":0.0,"enemies":"Red Slaver","floor":14.0,"turns":4.0},{"damage":0.0,"enemies":"The Guardian","floor":16.0,"turns":11.0},{"damage":25,"enemies":"2 Thieves","floor":18,"turns":5},{"damage":1,"enemies":"Shell Parasite","floor":19,"turns":7},{"damage":20,"enemies":"Sentry and Sphere","floor":22,"turns":8},{"damage":21,"enemies":"Slavers","floor":23,"turns":5}],"seed_played":"3155243579997512270","potions_obtained":[{"floor":1.0,"key":"FearPotion"},{"floor":5.0,"key":"Swift Potion"},{"floor":7.0,"key":"Regen Potion"},{"floor":13.0,"key":"Swift Potion"},{"floor":18,"key":"Poison Potion"},{"floor":19,"key":"Energy Potion"}],"is_trial":false,"path_per_floor":["M","?","?","M","M","R","E","?","T","T","T","M","E","M","R","B",null,"M","M","?","$","M","E"],"character_chosen":"THE_SILENT","items_purchased":["Mummified Hand"],"campfire_rested":0,"item_purchase_floors":[21],"current_hp_per_floor":[61,61,61,60,60,60,37,37,37,37,37,37,44,44,44,44,64,39,38,38,38,18,0],"gold":20,"neow_bonus":"UPGRADE_CARD","is_prod":false,"is_daily":false,"chose_seed":false,"campfire_upgraded":2,"win_rate":0,"timestamp":1560803097,"path_taken":["M","?","?","?","?","R","E","?","T","?","?","M","E","M","R","BOSS","M","M","?","$","M","E"],"build_version":"2019-01-23","purchased_purges":1,"victory":false,"max_hp_per_floor":[70,70,70,70,70,70,70,70,70,70,70,70,70,70,70,70,70,70,70,70,70,70,70],"card_choices":[{"not_picked":["Tactician","Dodge and Roll","Choke"],"picked":"SKIP","floor":1.0},{"not_picked":["PiercingWail","Prepared","Skewer"],"picked":"SKIP","floor":4.0},{"not_picked":["Poisoned Stab","Infinite Blades"],"picked":"Noxious Fumes","floor":5.0},{"not_picked":["Dash","Slice"],"picked":"Footwork","floor":7.0},{"not_picked":["Dodge and Roll","Prepared"],"picked":"Malaise","floor":12.0},{"not_picked":["Underhanded Strike","Grand Finale"],"picked":"Heel Hook","floor":13.0},{"not_picked":["Quick Slash","Dagger Spray"],"picked":"Slice","floor":14.0},{"not_picked":["Venomology","A Thousand Cuts"],"picked":"After Image","floor":16.0},{"not_picked":["Bouncing Flask","Prepared"],"picked":"Escape Plan","floor":18},{"not_picked":["Tactician","Sucker Punch+1"],"picked":"Footwork","floor":19},{"not_picked":["Poisoned Stab","PiercingWail"],"picked":"Dash","floor":22}],"player_experience":1076285,"relics_obtained":[{"floor":7.0,"key":"Gremlin Horn"},{"floor":9.0,"key":"Vajra"},{"floor":10.0,"key":"Orichalcum"},{"floor":11.0,"key":"Blue Candle"},{"floor":13.0,"key":"PreservedInsect"}],"event_choices":[{"cards_removed":["Strike_G"],"damage_healed":0.0,"max_hp_gain":0.0,"max_hp_loss":0.0,"gold_gain":0.0,"event_name":"The Cleric","player_choice":"Card Removal","floor":2.0,"gold_loss":50.0,"damage_taken":0.0},{"cards_removed":["Defend_G"],"damage_healed":0.0,"max_hp_gain":0.0,"max_hp_loss":0.0,"gold_gain":0.0,"event_name":"Purifier","player_choice":"Purged","floor":3.0,"gold_loss":0.0,"damage_taken":0.0},{"damage_healed":0.0,"max_hp_gain":0.0,"max_hp_loss":0.0,"gold_gain":0.0,"event_name":"Liars Game","player_choice":"Ignored","floor":8.0,"gold_loss":0.0,"damage_taken":0.0},{"damage_healed":0,"gold_gain":0,"player_choice":"1 cards matched","damage_taken":0,"max_hp_gain":0,"max_hp_loss":0,"event_name":"Match and Keep!","floor":20,"gold_loss":0,"cards_obtained":["Neutralize"]}],"is_beta":false,"boss_relics":[{"not_picked":["Tiny House","Lizard Tail"],"picked":"WristBlade"}],"items_purged_floors":[21],"is_endless":false,"potions_floor_spawned":[1,5,7,13,18,19],"killed_by":"Slavers","ascension_level":11}