{"gold_per_floor":[17,29,40,57,57,57,86,119,119,119,134,155,193,173,173,292,292,315,37,62,187,206,206],"floor_reached":23,"playtime":1647,"items_purged":[],"score":315,"play_id":"49dcaa2d-7574-47d8-9105-025159051b4a","local_time":"20190618102630","is_ascension_mode":true,"campfire_choices":[{"floor":6,"key":"REST"},{"floor":10,"key":"REST"},{"floor":15,"key":"REST"}],"neow_cost":"NO_GOLD","seed_source_timestamp":69038113993702,"circlet_count":0,"master_deck":["AscendersBane","Defend_G","Defend_G","Defend_G","Defend_G","Strike_G","Strike_G","Strike_G","Strike_G","Survivor","Neutralize","Slice","Backstab","Finisher","Endless Agony","Deadly Poison","Flying Knee","All Out Attack","Endless Agony","Blind"],"relics":["Ring of the Snake","Unceasing Top","Golden Idol","Odd Mushroom","Matryoshka","Ninja Scroll","StoneCalendar","Orichalcum","Empty Cage","Membership Card","WingedGreaves","Molten Egg 2"],"potions_floor_usage":[7,8,13,16,16,21,23],"damage_taken":[{"damage":0,"enemies":"Jaw Worm","floor":1,"turns":6},{"damage":0,"enemies":"Small Slimes","floor":2,"turns":3},{"damage":4,"enemies":"2 Louse","floor":3,"turns":4},{"damage":4,"enemies":"Red Slaver","floor":4,"turns":5},{"damage":7,"enemies":"The Mushroom Lair","floor":7,"turns":5},{"damage":19,"enemies":"3 Sentries","floor":8,"turns":10},{"damage":0,"enemies":"2 Fungi Beasts","floor":11,"turns":2},{"damage":0,"enemies":"Large Slime","floor":12,"turns":1},{"damage":15,"enemies":"Gremlin Nob","floor":13,"turns":4},{"damage":16,"enemies":"Slime Boss","floor":16,"turns":7},{"damage":1,"enemies":"3 Byrds","floor":18,"turns":6},{"damage":1,"enemies":"Spheric Guardian","floor":20,"turns":3},{"damage":9,"enemies":"Colosseum Slavers","floor":21,"turns":5},{"damage":0,"enemies":"Colosseum Nobs","floor":21,"turns":5},{"damage":6,"enemies":"Snecko","floor":22,"turns":4},{"damage":52,"enemies":"Book of Stabbing","floor":23,"turns":6}],"seed_played":"3566776810340445917","potions_obtained":[{"floor":1,"key":"Swift Potion"},{"floor":2,"key":"Energy Potion"},{"floor":11,"key":"SpeedPotion"},{"floor":13,"key":"FearPotion"},{"floor":14,"key":"AttackPotion"},{"floor":16,"key":"SteroidPotion"},{"floor":18,"key":"SkillPotion"}],"is_trial":false,"path_per_floor":["M","M","M","M","?","R","?","E","T","R","M","M","E","?","R","B",null,"M","$","M","?","M","E"],"character_chosen":"THE_SILENT","items_purchased":["Membership Card","Endless Agony","Blind"],"campfire_rested":3,"item_purchase_floors":[19,19,19],"current_hp_per_floor":[63,63,59,55,38,59,52,33,33,54,54,54,39,39,60,44,64,63,63,62,53,47,0],"gold":206,"neow_bonus":"ONE_RARE_RELIC","is_prod":false,"is_daily":false,"chose_seed":false,"campfire_upgraded":0,"win_rate":0,"timestamp":1560864390,"path_taken":["M","M","M","M","?","R","?","E","T","R","M","M","E","?","R","BOSS","M","$","M","?","M","E"],"build_version":"2019-01-23","purchased_purges":0,"victory":false,"max_hp_per_floor":[70,70,70,70,70,70,70,70,70,70,70,70,70,70,70,70,70,70,70,70,70,70,70],"card_choices":[{"not_picked":["Catalyst","Bane","Blade Dance"],"picked":"SKIP","floor":1},{"not_picked":["Outmaneuver","Masterful Stab"],"picked":"Slice","floor":2},{"not_picked":["Dagger Spray","Poisoned Stab"],"picked":"Backstab","floor":3},{"not_picked":["Calculated Gamble","Well Laid Plans"],"picked":"Finisher","floor":4},{"not_picked":["Dagger Spray","Sucker Punch"],"picked":"Endless Agony","floor":7},{"not_picked":["Backflip","Blur"],"picked":"Deadly Poison","floor":8},{"not_picked":["Heel Hook","Dagger Spray","Burst"],"picked":"SKIP","floor":11},{"not_picked":["Dagger Throw","PiercingWail"],"picked":"Flying Knee","floor":12},{"not_picked":["Crippling Poison","Tactician"],"picked":"All Out Attack","floor":13},{"not_picked":["Outmaneuver","Heel Hook+1","Distraction"],"picked":"SKIP","floor":18},{"not_picked":["Dagger Spray","Calculated Gamble+1","Acrobatics+1"],"picked":"SKIP","floor":20},{"not_picked":["Flying Knee+1","Cloak And Dagger+1","Bane+1"],"picked":"SKIP","floor":22}],"player_experience":1082129,"relics_obtained":[{"floor":7,"key":"Odd Mushroom"},{"floor":8,"key":"Matryoshka"},{"floor":9,"key":"Ninja Scroll"},{"floor":9,"key":"StoneCalendar"},{"floor":13,"key":"Orichalcum"},{"floor":21,"key":"WingedGreaves"},{"floor":21,"key":"Molten Egg 2"}],"event_choices":[{"damage_healed":0,"gold_gain":0,"player_choice":"Take Damage","damage_taken":17,"relics_obtained":["Golden Idol"],"max_hp_gain":0,"max_hp_loss":0,"event_name":"Golden Idol","floor":5,"gold_loss":0},{"damage_healed":0,"gold_gain":0,"player_choice":"Fought Mushrooms","damage_taken":0,"max_hp_gain":0,"max_hp_loss":0,"event_name":"Mushrooms","floor":7,"gold_loss":0},{"damage_healed":0,"gold_gain":0,"player_choice":"Bought 1 Potion","damage_taken":0,"max_hp_gain":0,"max_hp_loss":0,"event_name":"The Woman in Blue","floor":14,"gold_loss":0},{"damage_healed":0,"gold_gain":0,"player_choice":"Fight","damage_taken":0,"max_hp_gain":0,"max_hp_loss":0,"event_name":"Colosseum","floor":21,"gold_loss":0},{"damage_healed":0,"gold_gain":0,"player_choice":"Fought Nobs","damage_taken":0,"max_hp_gain":0,"max_hp_loss":0,"event_name":"Colosseum","floor":21,"gold_loss":0}],"is_beta":false,"boss_relics":[{"not_picked":["Black Star","Orrery"],"picked":"Empty Cage"}],"items_purged_floors":[],"is_endless":false,"potions_floor_spawned":[1,2,11,13,16,18,21],"killed_by":"Book of Stabbing","ascension_level":11}