{"gold_per_floor":[10,10,22,35,35,75,88,88,88,88,113,148,248,287,287,415,415,436,51,51,51,64,102,102,115,165,200,215,253,378,391,391,515,515,540,554,554,610,624,655,655,431,431,464,71,112,132,132,132,132],"floor_reached":51,"playtime":5309,"items_purged":["Strike_G"],"score":1223,"play_id":"36faf492-8e32-4059-be0e-63285d10fb09","local_time":"20190527193735","is_ascension_mode":true,"campfire_choices":[{"floor":8.0,"key":"REST"},{"data":"Blind","floor":10.0,"key":"SMITH"},{"floor":15.0,"key":"REST"},{"data":"Neutralize","floor":24,"key":"SMITH"},{"data":"Envenom","floor":32,"key":"SMITH"},{"data":"Panache","floor":41,"key":"SMITH"},{"data":"Crippling Poison","floor":49,"key":"SMITH"}],"neow_cost":"NO_GOLD","seed_source_timestamp":0,"circlet_count":0,"master_deck":["Defend_G","Defend_G","Defend_G","Defend_G","Strike_G","Strike_G+1","Strike_G","Strike_G+1","Survivor","Neutralize+1","Panache+1","Blind+1","Backflip","Caltrops","Footwork","Noxious Fumes","Leg Sweep","Heel Hook","Crippling Poison+1","Poisoned Stab","Envenom+1","Distraction+1","Noxious Fumes","Escape Plan","Catalyst+1","Escape Plan+1","Escape Plan","Setup+1","Backflip+1","Acrobatics+1","Tools of the Trade","PiercingWail","PiercingWail+1","Endless Agony+1","Backstab+1","Deflect+1","After Image+1","Reflex+1"],"special_seed":0,"relics":["Ring of the Snake","Golden Idol","Regal Pillow","Bottled Flame","Letter Opener","Paper Crane","Philosopher\u0027s Stone","Thread and Needle","PreservedInsect","Orichalcum","Dead Branch","Blood Vial","Ginger","Mercury Hourglass","Sozu","Unceasing Top","Whetstone","Art of War","Frozen Egg 2","Bird Faced Urn","Mummified Hand","Potion Belt"],"potions_floor_usage":[23,25,30,30,31],"damage_taken":[{"damage":0.0,"enemies":"Cultist","floor":1.0,"turns":4.0},{"damage":0.0,"enemies":"2 Louse","floor":3.0,"turns":4.0},{"damage":0.0,"enemies":"Jaw Worm","floor":4.0,"turns":5.0},{"damage":34.0,"enemies":"Lagavulin","floor":6.0,"turns":13.0},{"damage":4.0,"enemies":"Exordium Thugs","floor":7.0,"turns":6.0},{"damage":0.0,"enemies":"3 Louse","floor":11.0,"turns":3.0},{"damage":10.0,"enemies":"3 Sentries","floor":12.0,"turns":6.0},{"damage":31.0,"enemies":"Gremlin Nob","floor":14.0,"turns":6.0},{"damage":9.0,"enemies":"The Guardian","floor":16.0,"turns":12.0},{"damage":1,"enemies":"Shell Parasite","floor":18,"turns":5},{"damage":0,"enemies":"3 Byrds","floor":22,"turns":3},{"damage":0,"enemies":"Book of Stabbing","floor":23,"turns":6},{"damage":5,"enemies":"Sentry and Sphere","floor":25,"turns":7},{"damage":0,"enemies":"Gremlin Leader","floor":27,"turns":5},{"damage":0,"enemies":"Cultist and Chosen","floor":28,"turns":4},{"damage":5,"enemies":"Book of Stabbing","floor":29,"turns":4},{"damage":0,"enemies":"Colosseum Slavers","floor":30,"turns":3},{"damage":3,"enemies":"Colosseum Nobs","floor":30,"turns":4},{"damage":0,"enemies":"Centurion and Healer","floor":31,"turns":4},{"damage":0,"enemies":"Champ","floor":33,"turns":8},{"damage":0,"enemies":"Orb Walker","floor":35,"turns":4},{"damage":0,"enemies":"3 Shapes","floor":36,"turns":2},{"damage":8,"enemies":"2 Orb Walkers","floor":38,"turns":5},{"damage":11,"enemies":"Spire Growth","floor":39,"turns":4},{"damage":0,"enemies":"Nemesis","floor":40,"turns":5},{"damage":1,"enemies":"Giant Head","floor":44,"turns":6},{"damage":0,"enemies":"Reptomancer","floor":46,"turns":3},{"damage":9,"enemies":"4 Shapes","floor":47,"turns":2},{"damage":1,"enemies":"Time Eater","floor":50,"turns":9}],"seed_played":"6196367493706929204","potions_obtained":[{"floor":1.0,"key":"Regen Potion"},{"floor":4.0,"key":"Explosive Potion"},{"floor":6.0,"key":"Energy Potion"},{"floor":11.0,"key":"Dexterity Potion"},{"floor":16.0,"key":"Ancient Potion"},{"floor":18,"key":"Explosive Potion"},{"floor":27,"key":"SpeedPotion"},{"floor":28,"key":"Strength Potion"},{"floor":30,"key":"Regen Potion"},{"floor":31,"key":"Fruit Juice"}],"is_trial":false,"path_per_floor":["M","?","M","M","?","E","M","R","T","R","M","E","?","E","R","B",null,"M","$","?","?","M","E","R","M","T","E","M","E","?","M","R","B",null,"M","M","?","?","M","E","R","$","T","E","$","E","M","?","R","B",null],"character_chosen":"THE_SILENT","items_purchased":["Thread and Needle","Noxious Fumes","Art of War","Mummified Hand","After Image+1"],"campfire_rested":2,"item_purchase_floors":[19,19,42,45,45],"current_hp_per_floor":[70,70,70,70,53,34,30,66,66,66,66,56,56,25,61,52,66,65,65,65,65,65,65,65,60,60,60,60,55,56,63,63,65,73,75,75,75,67,58,60,60,60,60,61,61,71,66,66,66,75],"gold":132,"neow_bonus":"RANDOM_COLORLESS_2","is_prod":false,"is_daily":false,"chose_seed":false,"campfire_upgraded":5,"win_rate":0,"timestamp":1558996655,"path_taken":["M","?","M","?","?","E","M","R","T","R","M","E","?","E","R","BOSS","M","$","?","?","M","E","R","M","T","E","M","E","?","M","R","BOSS","M","M","?","?","M","E","R","$","T","E","$","E","M","?","R","BOSS"],"build_version":"2019-01-23","purchased_purges":1,"victory":true,"max_hp_per_floor":[70,70,70,70,70,70,70,70,70,70,70,70,70,70,70,70,70,70,70,70,70,70,70,70,70,70,70,70,70,70,75,75,75,75,75,75,75,75,75,75,75,75,75,75,75,75,75,75,75,75],"card_choices":[{"not_picked":["Bane","Accuracy"],"picked":"Backflip","floor":1.0},{"not_picked":["Calculated Gamble","Sucker Punch"],"picked":"Caltrops","floor":3.0},{"not_picked":["Quick Slash","Deadly Poison"],"picked":"Footwork","floor":4.0},{"not_picked":["Predator","Doppelganger"],"picked":"Noxious Fumes","floor":6.0},{"not_picked":["Sucker Punch","Prepared"],"picked":"Leg Sweep","floor":7.0},{"not_picked":["Blade Dance","Bullet Time"],"picked":"Heel Hook","floor":11.0},{"not_picked":["Quick Slash","Masterful Stab"],"picked":"Crippling Poison","floor":12.0},{"not_picked":["Noxious Fumes","Skewer"],"picked":"Poisoned Stab","floor":14.0},{"not_picked":["Bullet Time","Venomology"],"picked":"Envenom","floor":16.0},{"not_picked":["Cloak And Dagger","Blade Dance+1"],"picked":"Distraction+1","floor":18},{"not_picked":["Leg Sweep","Bane"],"picked":"Escape Plan","floor":22},{"not_picked":["Venomology","Poisoned Stab"],"picked":"Catalyst+1","floor":23},{"not_picked":["Poisoned Stab","PiercingWail+1"],"picked":"Escape Plan+1","floor":25},{"not_picked":["Prepared","Terror"],"picked":"Escape Plan","floor":27},{"not_picked":["Deflect","Poisoned Stab","Cloak And Dagger+1"],"picked":"SKIP","floor":28},{"not_picked":["Acrobatics","Tactician+1"],"picked":"Setup+1","floor":29},{"not_picked":["Quick Slash","Bane"],"picked":"Backflip+1","floor":30},{"not_picked":["Choke","Eviscerate"],"picked":"Acrobatics+1","floor":31},{"not_picked":["Storm of Steel","Night Terror"],"picked":"Tools of the Trade","floor":33},{"not_picked":["Setup+1","Dagger Throw"],"picked":"PiercingWail","floor":35},{"not_picked":["Deadly Poison","Underhanded Strike"],"picked":"PiercingWail+1","floor":36},{"not_picked":["Acrobatics","Escape Plan"],"picked":"Endless Agony+1","floor":38},{"not_picked":["Escape Plan","Dagger Spray"],"picked":"Backstab+1","floor":39},{"not_picked":["Distraction","Deflect","Slice+1"],"picked":"SKIP","floor":40},{"not_picked":["Eviscerate","Outmaneuver"],"picked":"Deflect+1","floor":44},{"not_picked":["Concentrate+1","Eviscerate+1"],"picked":"Reflex+1","floor":46},{"not_picked":["Deadly Poison+1","Dash+1","Cloak And Dagger"],"picked":"SKIP","floor":47}],"player_experience":797886,"relics_obtained":[{"floor":6.0,"key":"Regal Pillow"},{"floor":9.0,"key":"Bottled Flame"},{"floor":12.0,"key":"Letter Opener"},{"floor":14.0,"key":"Paper Crane"},{"floor":23,"key":"PreservedInsect"},{"floor":26,"key":"Orichalcum"},{"floor":27,"key":"Dead Branch"},{"floor":29,"key":"Blood Vial"},{"floor":30,"key":"Ginger"},{"floor":30,"key":"Mercury Hourglass"},{"floor":38,"key":"Unceasing Top"},{"floor":40,"key":"Whetstone"},{"floor":43,"key":"Frozen Egg 2"},{"floor":44,"key":"Bird Faced Urn"},{"floor":46,"key":"Potion Belt"}],"event_choices":[{"cards_removed":["Defend_G"],"damage_healed":0.0,"max_hp_gain":0.0,"max_hp_loss":0.0,"gold_gain":0.0,"event_name":"Purifier","player_choice":"Purged","floor":2.0,"gold_loss":0.0,"damage_taken":0.0},{"damage_healed":0.0,"max_hp_gain":0.0,"max_hp_loss":0.0,"gold_gain":0.0,"event_name":"Golden Idol","player_choice":"Take Damage","floor":5.0,"gold_loss":0.0,"damage_taken":17.0,"relics_obtained":["Golden Idol"]},{"damage_healed":0.0,"max_hp_gain":0.0,"max_hp_loss":0.0,"gold_gain":100.0,"event_name":"Golden Shrine","player_choice":"Pray","floor":13.0,"gold_loss":0.0,"damage_taken":0.0},{"damage_healed":0,"gold_gain":0,"player_choice":"Ignored","damage_taken":0,"max_hp_gain":0,"max_hp_loss":0,"event_name":"Vampires","floor":20,"gold_loss":0},{"damage_healed":0,"gold_gain":0,"player_choice":"Ignored","damage_taken":0,"max_hp_gain":0,"max_hp_loss":0,"event_name":"Ghosts","floor":21,"gold_loss":0},{"damage_healed":0,"gold_gain":0,"player_choice":"Fight","damage_taken":0,"max_hp_gain":0,"max_hp_loss":0,"event_name":"Colosseum","floor":30,"gold_loss":0},{"damage_healed":0,"gold_gain":0,"player_choice":"Fought Nobs","damage_taken":0,"max_hp_gain":0,"max_hp_loss":0,"event_name":"Colosseum","floor":30,"gold_loss":0},{"damage_healed":0,"gold_gain":0,"player_choice":"Ignored","damage_taken":0,"max_hp_gain":0,"max_hp_loss":0,"event_name":"Tomb of Lord Red Mask","floor":37,"gold_loss":0},{"damage_healed":0,"gold_gain":0,"player_choice":"Fight","damage_taken":0,"max_hp_gain":0,"max_hp_loss":0,"event_name":"Mysterious Sphere","floor":38,"gold_loss":0},{"damage_healed":0,"gold_gain":0,"player_choice":"Ignored","damage_taken":0,"max_hp_gain":0,"max_hp_loss":0,"event_name":"The Moai Head","floor":48,"gold_loss":0}],"is_beta":false,"boss_relics":[{"not_picked":["Orrery","Tiny House"],"picked":"Philosopher\u0027s Stone"},{"not_picked":["Velvet Choker","Coffee Dripper"],"picked":"Sozu"}],"items_purged_floors":[42],"is_endless":false,"potions_floor_spawned":[1,4,6,11,16,18,27,28,30,30,31,35,38,46,47],"ascension_level":5}