{"gold_per_floor":[110,60,60,0,0,0,19,54,108,108,136,226,260,278,278,374,424,436,361,276,287,287,316,118,152,152,181,198,231,231,241,241,342,342,360,360,360,377,99,99,128,128,128,143,143,174,186,59,59,59,59,59,20,52,52],"floor_reached":56,"playtime":4526,"items_purged":["Regret","Defend_B","Strike_B"],"score":1807,"play_id":"e23142ad-f386-44a5-9bbd-37f1bb2f5480","local_time":"20190610201919","is_ascension_mode":true,"campfire_choices":[{"data":"Zap","floor":6.0,"key":"SMITH"},{"data":"Sunder","floor":15.0,"key":"SMITH"},{"floor":30,"key":"REST"},{"data":"Static Discharge","floor":32,"key":"SMITH"},{"floor":40,"key":"RECALL"},{"data":"Echo Form","floor":42,"key":"SMITH"},{"data":"Buffer","floor":45,"key":"SMITH"},{"data":"Storm","floor":49,"key":"SMITH"},{"data":"Chill","floor":52,"key":"SMITH"}],"neow_cost":"NONE","seed_source_timestamp":0,"circlet_count":0,"master_deck":["Strike_B","Strike_B+1","Defend_B","Defend_B+1","Zap+1","Dualcast","Self Repair","Defragment+1","Conserve Battery+1","Go for the Eyes+1","Hologram","Static Discharge+1","Sunder+1","Buffer+1","Beam Cell+1","Glacier+1","BootSequence","Chill+1","Echo Form+1","Redo+1","Defragment","Dramatic Entrance","FTL","Capacitor+1","Storm+1"],"special_seed":0,"relics":["FrozenCore","NeowsBlessing","The Courier","PreservedInsect","War Paint","Emotion Chip","Tiny Chest","Kunai","Tiny House","Boot","Whetstone","DataDisk","Incense Burner","Dream Catcher","Blue Candle","Bag of Preparation","Medical Kit","Pantograph","Mummified Hand","Bronze Scales","Calipers"],"potions_floor_usage":[25,25,25,27,29,31,33,38,41,44,50,54,55],"damage_taken":[{"damage":0.0,"enemies":"Jaw Worm","floor":1.0,"turns":1.0},{"damage":0.0,"enemies":"2 Louse","floor":7.0,"turns":1.0},{"damage":0.0,"enemies":"Lagavulin","floor":8.0,"turns":1.0},{"damage":7.0,"enemies":"Gremlin Nob","floor":11.0,"turns":4.0},{"damage":12.0,"enemies":"Gremlin Nob","floor":12.0,"turns":4.0},{"damage":7.0,"enemies":"Lagavulin","floor":13.0,"turns":4.0},{"damage":1.0,"enemies":"Small Slimes","floor":14.0,"turns":3.0},{"damage":10.0,"enemies":"The Guardian","floor":16.0,"turns":8.0},{"damage":20.0,"enemies":"Shell Parasite","floor":18.0,"turns":5.0},{"damage":14.0,"enemies":"3 Byrds","floor":21.0,"turns":5.0},{"damage":0.0,"enemies":"Cultist and Chosen","floor":22.0,"turns":4.0},{"damage":10.0,"enemies":"Book of Stabbing","floor":23.0,"turns":4.0},{"damage":16,"enemies":"Gremlin Leader","floor":25,"turns":10},{"damage":22,"enemies":"Slavers","floor":27,"turns":3},{"damage":5,"enemies":"Shelled Parasite and Fungi","floor":28,"turns":6},{"damage":19,"enemies":"Gremlin Leader","floor":29,"turns":6},{"damage":0,"enemies":"Centurion and Healer","floor":31,"turns":5},{"damage":28,"enemies":"Automaton","floor":33,"turns":16},{"damage":0,"enemies":"3 Shapes","floor":35,"turns":8},{"damage":16,"enemies":"3 Darklings","floor":38,"turns":7},{"damage":27,"enemies":"Reptomancer","floor":41,"turns":5},{"damage":0,"enemies":"Spire Growth","floor":44,"turns":6},{"damage":0,"enemies":"Giant Head","floor":46,"turns":13},{"damage":0,"enemies":"Sphere and 2 Shapes","floor":47,"turns":5},{"damage":0,"enemies":"Donu and Deca","floor":50,"turns":10},{"damage":16,"enemies":"Shield and Spear","floor":54,"turns":6},{"damage":58,"enemies":"The Heart","floor":55,"turns":10}],"seed_played":"-2837407677493337180","potions_obtained":[{"floor":1.0,"key":"FearPotion"},{"floor":7.0,"key":"Ancient Potion"},{"floor":14.0,"key":"SmokeBomb"},{"floor":17.0,"key":"EntropicBrew"},{"floor":25,"key":"FocusPotion"},{"floor":27,"key":"SteroidPotion"},{"floor":28,"key":"Weak Potion"},{"floor":29,"key":"GamblersBrew"},{"floor":33,"key":"Weak Potion"},{"floor":38,"key":"Dexterity Potion"},{"floor":41,"key":"Energy Potion"},{"floor":47,"key":"Energy Potion"}],"is_trial":false,"path_per_floor":["M","?","?","$","?","R","M","E","T","?","E","?","E","M","R","B",null,"M","?","?","M","M","E","$","E","T","E","M","E","R","M","R","B",null,"M","$","?","M","$","R","E","R","T","M","R","E","M","$","R","B",null,"R","$","E","B",null],"character_chosen":"DEFECT","items_purchased":["DataDisk","Bag of Preparation","Medical Kit","Storm","SkillPotion"],"campfire_rested":1,"item_purchase_floors":[24,39,39,48,53],"current_hp_per_floor":[68,68,68,68,68,68,75,75,75,75,75,70,70,75,75,72,79,66,66,66,59,66,63,63,54,54,39,41,29,53,60,60,39,70,77,77,77,68,68,68,48,48,48,55,55,62,69,69,69,80,80,80,80,71,29],"gold":52,"neow_bonus":"THREE_ENEMY_KILL","is_prod":false,"is_daily":false,"chose_seed":false,"campfire_upgraded":7,"win_rate":0,"timestamp":1560208759,"path_taken":["M","?","?","$","?","R","M","E","T","?","E","?","E","M","R","BOSS","M","?","?","M","M","E","$","E","T","E","M","E","R","M","R","BOSS","M","$","?","M","$","R","E","R","T","M","R","E","?","?","R","BOSS","R","$","E","BOSS"],"build_version":"2019-01-23","purchased_purges":3,"victory":true,"max_hp_per_floor":[75,75,75,75,75,75,75,75,75,75,75,75,75,75,75,75,80,80,80,80,80,80,80,80,80,80,80,80,80,80,80,80,80,80,80,80,80,80,80,80,80,80,80,80,80,80,80,80,80,80,80,80,80,80,80],"card_choices":[{"not_picked":["Rebound","Conserve Battery"],"picked":"Self Repair","floor":1.0},{"not_picked":["Gash","Hello World"],"picked":"Defragment","floor":7.0},{"not_picked":["Compile Driver","Fusion"],"picked":"Conserve Battery","floor":8.0},{"not_picked":["Skim","Compile Driver"],"picked":"Go for the Eyes","floor":11.0},{"not_picked":["Redo","Leap"],"picked":"Hologram","floor":12.0},{"not_picked":["Tempest","Double Energy"],"picked":"Static Discharge","floor":13.0},{"not_picked":["Steam","Capacitor"],"picked":"Sunder","floor":14.0},{"not_picked":["Amplify","Hyperbeam"],"picked":"Buffer","floor":16.0},{"not_picked":["Genetic Algorithm","Leap"],"picked":"Beam Cell","floor":17.0},{"not_picked":["Darkness","Turbo+1","Stack"],"picked":"SKIP","floor":18.0},{"not_picked":["Stack","Sunder","Go for the Eyes"],"picked":"SKIP","floor":21.0},{"not_picked":["White Noise","Rebound"],"picked":"Glacier+1","floor":23.0},{"not_picked":["Ball Lightning","Stack"],"picked":"BootSequence","floor":25},{"not_picked":["Double Energy+1","Recycle","Gash"],"picked":"SKIP","floor":27},{"not_picked":["Leap","Rebound","Multi-Cast"],"picked":"SKIP","floor":28},{"not_picked":["Skim","Compile Driver+1"],"picked":"Chill","floor":29},{"not_picked":["Reprogram+1","Barrage","Leap"],"picked":"SKIP","floor":31},{"not_picked":["Electrodynamics","Biased Cognition"],"picked":"Echo Form","floor":33},{"not_picked":["Glacier+1","Tempest+1"],"picked":"Redo+1","floor":35},{"not_picked":["Stack+1","Streamline","Force Field+1"],"picked":"SKIP","floor":38},{"not_picked":["Tempest","Force Field","Stack+1"],"picked":"SKIP","floor":41},{"not_picked":["Aggregate","Compile Driver","Fission"],"picked":"SKIP","floor":44},{"not_picked":["Rebound","Cold Snap"],"picked":"FTL","floor":46},{"not_picked":["Sweeping Beam+1","Coolheaded"],"picked":"Capacitor+1","floor":47},{"not_picked":["Heatsinks+1","Genetic Algorithm+1","Static Discharge"],"picked":"SKIP","floor":54}],"player_experience":962438,"relics_obtained":[{"floor":8.0,"key":"PreservedInsect"},{"floor":9.0,"key":"War Paint"},{"floor":11.0,"key":"Emotion Chip"},{"floor":12.0,"key":"Tiny Chest"},{"floor":13.0,"key":"Kunai"},{"floor":23.0,"key":"Whetstone"},{"floor":25,"key":"Incense Burner"},{"floor":27,"key":"Dream Catcher"},{"floor":29,"key":"Blue Candle"},{"floor":41,"key":"Pantograph"},{"floor":43,"key":"Mummified Hand"},{"floor":46,"key":"Bronze Scales"},{"floor":54,"key":"Calipers"}],"event_choices":[{"cards_removed":["Defend_B"],"damage_healed":0.0,"max_hp_gain":0.0,"max_hp_loss":0.0,"gold_gain":0.0,"event_name":"The Cleric","player_choice":"Card Removal","floor":2.0,"gold_loss":50.0,"damage_taken":0.0},{"damage_healed":0.0,"max_hp_gain":0.0,"max_hp_loss":0.0,"gold_gain":0.0,"event_name":"Big Fish","player_choice":"Box","floor":3.0,"gold_loss":0.0,"damage_taken":0.0,"relics_obtained":["The Courier"],"cards_obtained":["Regret"]},{"damage_healed":0.0,"max_hp_gain":0.0,"max_hp_loss":0.0,"gold_gain":0.0,"event_name":"Liars Game","player_choice":"Ignored","floor":5.0,"gold_loss":0.0,"damage_taken":0.0},{"damage_healed":0.0,"max_hp_gain":0.0,"max_hp_loss":0.0,"gold_gain":0.0,"event_name":"Living Wall","player_choice":"Grow","floor":10.0,"gold_loss":0.0,"damage_taken":0.0,"cards_upgraded":["Defragment"]},{"damage_healed":0.0,"max_hp_gain":0.0,"max_hp_loss":0.0,"gold_gain":0.0,"event_name":"Dead Adventurer","player_choice":"Searched \u00271\u0027 times","floor":12.0,"gold_loss":0.0,"damage_taken":0.0},{"cards_removed":["Strike_B"],"damage_healed":0.0,"max_hp_gain":0.0,"max_hp_loss":0.0,"gold_gain":0.0,"event_name":"Beggar","player_choice":"Gave Gold","floor":19.0,"gold_loss":75.0,"damage_taken":0.0},{"damage_healed":0.0,"max_hp_gain":0.0,"max_hp_loss":0.0,"gold_gain":0.0,"event_name":"Addict","player_choice":"Obtained Relic","floor":20.0,"gold_loss":85.0,"damage_taken":0.0,"relics_obtained":["Boot"]},{"damage_healed":0,"gold_gain":0,"player_choice":"2 cards matched","damage_taken":0,"max_hp_gain":0,"max_hp_loss":0,"event_name":"Match and Keep!","floor":37,"gold_loss":0,"cards_obtained":["Defragment","Dramatic Entrance"]}],"is_beta":false,"boss_relics":[{"not_picked":["Philosopher\u0027s Stone","Coffee Dripper"],"picked":"Tiny House"},{"not_picked":["White Beast Statue","Lizard Tail"],"picked":"FrozenCore"}],"items_purged_floors":[4,24,48],"is_endless":false,"potions_floor_spawned":[1,7,14,25,27,28,29,33,38,41,47],"ascension_level":9}