{"gold_per_floor":[113,63,63,73,73,73,99,99,99,99,110,110,124,199,199,301,301,316,241,241,241,257,257,257,257],"floor_reached":25,"playtime":488,"items_purged":["Defend_R"],"score":222,"play_id":"e1efb27d-3690-43da-aff9-b3daebe3f6e4","local_time":"20190419104722","is_ascension_mode":false,"campfire_choices":[{"data":"Sword Boomerang","floor":6,"key":"SMITH"},{"data":"Bash","floor":8,"key":"SMITH"},{"data":"Strike_R","floor":10,"key":"SMITH"},{"data":"Strike_R","floor":12,"key":"SMITH"},{"floor":15,"key":"REST"},{"data":"Heavy Blade","floor":23,"key":"SMITH"}],"neow_cost":"NONE","seed_source_timestamp":727222820551673,"circlet_count":0,"master_deck":["Strike_R","Strike_R","Strike_R","Strike_R+1","Strike_R+1","Defend_R+1","Defend_R+1","Bash+1","Sword Boomerang+1","Heavy Blade+1"],"relics":["Burning Blood","NeowsBlessing","Bag of Preparation","War Paint","Mummified Hand","Runic Cube"],"potions_floor_usage":[20],"damage_taken":[{"damage":0,"enemies":"Small Slimes","floor":1,"turns":1},{"damage":0,"enemies":"2 Louse","floor":4,"turns":1},{"damage":0,"enemies":"Gremlin Nob","floor":7,"turns":1},{"damage":11,"enemies":"Jaw Worm","floor":11,"turns":2},{"damage":10,"enemies":"Looter","floor":13,"turns":2},{"damage":74,"enemies":"The Guardian","floor":16,"turns":13},{"damage":32,"enemies":"Shell Parasite","floor":18,"turns":5},{"damage":47,"enemies":"Colosseum Slavers","floor":20,"turns":7},{"damage":20,"enemies":"Spheric Guardian","floor":22,"turns":5},{"damage":74,"enemies":"3 Cultists","floor":25,"turns":5}],"seed_played":"-3418852488177373976","potions_obtained":[{"floor":4,"key":"Weak Potion"},{"floor":11,"key":"SteroidPotion"},{"floor":16,"key":"Ancient Potion"}],"is_trial":false,"path_per_floor":["M","?","?","M","?","R","E","R","T","R","M","R","M","?","R","B",null,"M","$","?","?","M","R","?","M"],"character_chosen":"IRONCLAD","items_purchased":[],"campfire_rested":1,"item_purchase_floors":[],"current_hp_per_floor":[80,80,80,80,77,77,80,80,80,80,75,75,71,60,80,12,80,54,54,13,80,66,66,66,0],"gold":257,"neow_bonus":"THREE_ENEMY_KILL","is_prod":false,"is_daily":false,"chose_seed":false,"campfire_upgraded":5,"win_rate":0,"timestamp":1555663642,"path_taken":["M","?","?","M","?","R","E","R","T","R","M","R","?","?","R","BOSS","M","$","?","?","?","R","?","M"],"build_version":"2019-01-23","purchased_purges":1,"victory":false,"max_hp_per_floor":[80,80,80,80,80,80,80,80,80,80,80,80,80,80,80,80,80,80,80,80,80,80,80,80,80],"card_choices":[{"not_picked":["Perfected Strike","Ghostly Armor","True Grit"],"picked":"SKIP","floor":1},{"not_picked":["Warcry","Intimidate"],"picked":"Sword Boomerang","floor":4},{"not_picked":["Shockwave","Thunderclap","Disarm"],"picked":"SKIP","floor":7},{"not_picked":["Sword Boomerang","True Grit","Cleave"],"picked":"SKIP","floor":11},{"not_picked":["Flame Barrier","Perfected Strike","Power Through"],"picked":"SKIP","floor":13},{"not_picked":["Wild Strike","Armaments"],"picked":"Heavy Blade","floor":18},{"not_picked":["Anger","Body Slam","Flame Barrier"],"picked":"SKIP","floor":22}],"player_experience":127372,"relics_obtained":[{"floor":7,"key":"War Paint"},{"floor":9,"key":"Mummified Hand"}],"event_choices":[{"cards_removed":["Defend_R"],"damage_healed":0,"gold_gain":0,"player_choice":"Card Removal","damage_taken":0,"max_hp_gain":0,"max_hp_loss":0,"event_name":"The Cleric","floor":2,"gold_loss":50},{"damage_healed":0,"gold_gain":0,"player_choice":"Ignored","damage_taken":0,"max_hp_gain":0,"max_hp_loss":0,"event_name":"Golden Idol","floor":3,"gold_loss":0},{"damage_healed":0,"gold_gain":0,"player_choice":"Success","damage_taken":3,"relics_obtained":["Bag of Preparation"],"max_hp_gain":0,"max_hp_loss":0,"event_name":"Scrap Ooze","floor":5,"gold_loss":0},{"damage_healed":0,"gold_gain":75,"player_choice":"Gather Gold","damage_taken":11,"max_hp_gain":0,"max_hp_loss":0,"event_name":"World of Goop","floor":14,"gold_loss":0},{"damage_healed":0,"gold_gain":0,"player_choice":"Fight","damage_taken":0,"max_hp_gain":0,"max_hp_loss":0,"event_name":"Colosseum","floor":20,"gold_loss":0},{"damage_healed":0,"gold_gain":0,"player_choice":"Fled From Nobs","damage_taken":0,"max_hp_gain":0,"max_hp_loss":0,"event_name":"Colosseum","floor":20,"gold_loss":0},{"damage_healed":67,"gold_gain":0,"player_choice":"Full Heal","damage_taken":0,"max_hp_gain":0,"max_hp_loss":0,"event_name":"Wheel of Change","floor":21,"gold_loss":0},{"damage_healed":0,"gold_gain":0,"player_choice":"Ignored","damage_taken":0,"max_hp_gain":0,"max_hp_loss":0,"event_name":"Ghosts","floor":24,"gold_loss":0}],"is_beta":false,"boss_relics":[{"not_picked":["Fusion Hammer","Tiny House"],"picked":"Runic Cube"}],"items_purged_floors":[19],"is_endless":false,"potions_floor_spawned":[4,11,16,20],"killed_by":"3 Cultists","ascension_level":0}