{"gold_per_floor":[116,31,106,122,122,122,140,159,183,163,176,203,203,231,231,231],"floor_reached":16,"playtime":1076,"items_purged":[],"score":121,"play_id":"e1368c54-1efc-4fcd-98a4-6be9a2dc1896","local_time":"20190406145441","is_ascension_mode":true,"campfire_choices":[{"data":"Rage","floor":6.0,"key":"SMITH"},{"floor":13.0,"key":"REST"},{"data":"Shockwave","floor":15.0,"key":"SMITH"}],"neow_cost":"NONE","seed_source_timestamp":0,"circlet_count":0,"master_deck":["Strike_R","Strike_R","Strike_R","Strike_R","Strike_R","Defend_R","Defend_R","Defend_R","Defend_R","Bash","Rage+1","Shockwave+1","Metallicize","True Grit","Pommel Strike","Rage","Feed","Body Slam"],"special_seed":0,"relics":["Burning Blood","Dream Catcher","Happy Flower","Juzu Bracelet"],"potions_floor_usage":[16,16],"damage_taken":[{"damage":11.0,"enemies":"Cultist","floor":1.0,"turns":5.0},{"damage":6.0,"enemies":"Jaw Worm","floor":4.0,"turns":5.0},{"damage":0.0,"enemies":"2 Louse","floor":7.0,"turns":3.0},{"damage":17.0,"enemies":"Lots of Slimes","floor":8.0,"turns":7.0},{"damage":4.0,"enemies":"Gremlin Gang","floor":11.0,"turns":5.0},{"damage":38.0,"enemies":"Gremlin Nob","floor":12.0,"turns":6.0},{"damage":39.0,"enemies":"3 Sentries","floor":14.0,"turns":12.0},{"damage":32,"enemies":"The Guardian","floor":16,"turns":18}],"seed_played":"8895282930928878288","potions_obtained":[{"floor":1.0,"key":"GamblersBrew"},{"floor":7.0,"key":"Strength Potion"},{"floor":10.0,"key":"Fire Potion"},{"floor":12.0,"key":"Weak Potion"}],"is_trial":false,"path_per_floor":["M","$","?","M","$","R","M","M","T","?","M","E","R","E","R","B"],"character_chosen":"IRONCLAD","items_purchased":["Metallicize","True Grit"],"campfire_rested":1,"item_purchase_floors":[2,2],"current_hp_per_floor":[75,75,64,64,64,64,70,59,59,59,64,35,60,27,27,0],"gold":231,"neow_bonus":"THREE_CARDS","is_prod":false,"is_daily":false,"chose_seed":false,"campfire_upgraded":2,"win_rate":0,"timestamp":1554555281,"path_taken":["M","?","?","M","$","R","M","?","T","?","?","E","R","E","R","BOSS"],"build_version":"2019-01-23","purchased_purges":0,"victory":false,"max_hp_per_floor":[80,80,80,80,80,80,80,80,80,80,83,86,86,86,86,86],"card_choices":[{"not_picked":["Dual Wield","Cleave"],"picked":"Rage","floor":0.0},{"not_picked":["Rupture","Twin Strike"],"picked":"Shockwave","floor":1.0},{"not_picked":["Evolve","Warcry"],"picked":"Pommel Strike","floor":4.0},{"not_picked":["Combust","Pommel Strike"],"picked":"Rage","floor":7.0},{"not_picked":["Wild Strike","Clash"],"picked":"Feed","floor":8.0},{"not_picked":["Wild Strike","Clothesline","Perfected Strike"],"picked":"SKIP","floor":11.0},{"not_picked":["Thunderclap","Dark Embrace","Corruption"],"picked":"SKIP","floor":12.0},{"not_picked":["Pommel Strike","Disarm"],"picked":"Body Slam","floor":14.0}],"player_experience":90875,"relics_obtained":[{"floor":9.0,"key":"Dream Catcher"},{"floor":12.0,"key":"Happy Flower"},{"floor":14.0,"key":"Juzu Bracelet"}],"event_choices":[{"damage_healed":0.0,"max_hp_gain":0.0,"max_hp_loss":0.0,"gold_gain":75.0,"event_name":"World of Goop","player_choice":"Gather Gold","floor":3.0,"gold_loss":0.0,"damage_taken":11.0},{"damage_healed":0.0,"max_hp_gain":0.0,"max_hp_loss":0.0,"gold_gain":0.0,"event_name":"The Woman in Blue","player_choice":"Bought 1 Potion","floor":10.0,"gold_loss":0.0,"damage_taken":0.0}],"is_beta":false,"boss_relics":[],"items_purged_floors":[],"is_endless":false,"potions_floor_spawned":[1,7,12],"killed_by":"The Guardian","ascension_level":2}