{"gold_per_floor":[11,11,11,11,29,29,41,41,41,41,41,54,54,73,73,178,178,196,196,121,121,134,134,149,161,186,198,135,135,152,184,184,184],"floor_reached":33,"playtime":1004,"items_purged":["Strike_B"],"score":280,"play_id":"3a4e23dd-c106-4665-99bf-0a501780ebb9","local_time":"20190420125636","is_ascension_mode":false,"campfire_choices":[{"data":"Zap","floor":6.0,"key":"SMITH"},{"data":"Dualcast","floor":8.0,"key":"SMITH"},{"data":"Defend_B","floor":11.0,"key":"SMITH"},{"floor":13.0,"key":"REST"},{"data":"Defend_B","floor":15.0,"key":"SMITH"},{"floor":23.0,"key":"REST"},{"floor":27.0,"key":"REST"},{"floor":29.0,"key":"REST"},{"floor":32.0,"key":"REST"}],"neow_cost":"NO_GOLD","seed_source_timestamp":820606108599169,"circlet_count":0,"master_deck":["Defend_B+1","Defend_B+1","Defend_B","Zap+1","Dualcast+1","Sweeping Beam"],"special_seed":0,"relics":["Cracked Core","Pear","Sozu","MawBank","StoneCalendar"],"potions_floor_usage":[],"damage_taken":[{"damage":1.0,"enemies":"Cultist","floor":1.0,"turns":3.0},{"damage":12.0,"enemies":"Small Slimes","floor":5.0,"turns":3.0},{"damage":0.0,"enemies":"2 Louse","floor":7.0,"turns":2.0},{"damage":3.0,"enemies":"Exordium Wildlife","floor":12.0,"turns":5.0},{"damage":0.0,"enemies":"2 Fungi Beasts","floor":14.0,"turns":3.0},{"damage":35.0,"enemies":"Slime Boss","floor":16.0,"turns":11.0},{"damage":7.0,"enemies":"Shell Parasite","floor":18.0,"turns":7.0},{"damage":4.0,"enemies":"2 Thieves","floor":22.0,"turns":4.0},{"damage":34.0,"enemies":"Snecko","floor":24.0,"turns":8.0},{"damage":27.0,"enemies":"Chosen and Byrds","floor":25.0,"turns":6.0},{"damage":0.0,"enemies":"Shelled Parasite and Fungi","floor":30.0,"turns":8.0},{"damage":66.0,"enemies":"Slavers","floor":31.0,"turns":7.0},{"damage":43,"enemies":"Automaton","floor":33,"turns":8}],"seed_played":"9211938007983559038","potions_obtained":[{"floor":1.0,"key":"Swift Potion"},{"floor":5.0,"key":"Weak Potion"},{"floor":12.0,"key":"Fire Potion"},{"floor":14.0,"key":"Block Potion"}],"is_trial":false,"path_per_floor":["M","$","$","?","M","R","M","R","T","$","R","M","R","M","R","B",null,"M","?","?","?","M","R","M","M","T","R","$","R","M","E","R","B"],"character_chosen":"DEFECT","items_purchased":[],"campfire_rested":5,"item_purchase_floors":[],"current_hp_per_floor":[74,74,74,67,55,55,55,55,65,65,65,62,85,85,85,50,85,78,62,62,62,58,85,51,24,24,51,51,78,78,12,39,0],"gold":184,"neow_bonus":"REMOVE_TWO","is_prod":false,"is_daily":false,"chose_seed":false,"campfire_upgraded":4,"win_rate":0,"timestamp":1555757796,"path_taken":["M","?","$","?","M","R","M","R","T","$","R","M","R","M","R","BOSS","M","?","?","?","M","R","M","M","T","R","$","R","?","E","R","BOSS"],"build_version":"2019-01-23","purchased_purges":1,"victory":false,"max_hp_per_floor":[75,75,75,75,75,75,75,75,85,85,85,85,85,85,85,85,85,85,90,90,90,90,90,90,90,90,90,90,90,90,90,90,90],"card_choices":[{"not_picked":["Darkness","Conserve Battery","Beam Cell"],"picked":"SKIP","floor":1.0},{"not_picked":["Storm","Static Discharge","Aggregate"],"picked":"SKIP","floor":5.0},{"not_picked":["Self Repair","Recycle","Heatsinks"],"picked":"SKIP","floor":7.0},{"not_picked":["Rebound","Cold Snap","Hologram"],"picked":"SKIP","floor":12.0},{"not_picked":["Aggregate","Stack","Skim"],"picked":"SKIP","floor":14.0},{"not_picked":["Compile Driver","Beam Cell"],"picked":"Sweeping Beam","floor":18.0},{"not_picked":["Compile Driver","Undo","Hologram"],"picked":"SKIP","floor":22.0},{"not_picked":["Barrage","Compile Driver","Rebound+1"],"picked":"SKIP","floor":24.0},{"not_picked":["Leap","Consume","Compile Driver"],"picked":"SKIP","floor":25.0},{"not_picked":["Leap","Hologram","Barrage"],"picked":"SKIP","floor":30.0},{"not_picked":["Barrage+1","Sunder","BootSequence"],"picked":"SKIP","floor":31.0}],"player_experience":133143,"relics_obtained":[{"floor":9.0,"key":"Pear"},{"floor":26.0,"key":"MawBank"},{"floor":31.0,"key":"StoneCalendar"}],"event_choices":[{"cards_removed":["Strike_B"],"damage_healed":0.0,"max_hp_gain":0.0,"max_hp_loss":0.0,"gold_gain":0.0,"event_name":"Golden Wing","player_choice":"Card Removal","floor":4.0,"gold_loss":0.0,"damage_taken":7.0},{"damage_healed":0.0,"max_hp_gain":5.0,"max_hp_loss":0.0,"gold_gain":0.0,"event_name":"Forgotten Altar","player_choice":"Shed Blood","floor":19.0,"gold_loss":0.0,"damage_taken":21.0},{"cards_removed":["Strike_B"],"damage_healed":0.0,"max_hp_gain":0.0,"max_hp_loss":0.0,"gold_gain":0.0,"event_name":"Beggar","player_choice":"Gave Gold","floor":20.0,"gold_loss":75.0,"damage_taken":0.0},{"damage_healed":0.0,"max_hp_gain":0.0,"max_hp_loss":0.0,"gold_gain":0.0,"event_name":"The Mausoleum","player_choice":"Ignored","floor":21.0,"gold_loss":0.0,"damage_taken":0.0}],"is_beta":false,"boss_relics":[{"not_picked":["Fusion Hammer","Coffee Dripper"],"picked":"Sozu"}],"items_purged_floors":[28],"is_endless":false,"potions_floor_spawned":[1,5,12,14,18,30],"killed_by":"Automaton","ascension_level":0}