{"gold_per_floor":[111,41,51,64,64,92,37,68,68,101,101,115,115,129,129,225,225,235,235,254,254,179,179,198,198,198,198,231,108,108,124,124,223,223,243,38,38,38,53,53,18,18,41,60,70,70,418,431,431,431],"floor_reached":51,"playtime":3991,"items_purged":["Defend_B","Writhe","Defend_B"],"score":744,"play_id":"e6c133e7-0746-49e6-863e-885234225b54","local_time":"20190203104640","is_ascension_mode":true,"campfire_choices":[{"floor":11,"key":"REST"},{"floor":13,"key":"REST"},{"data":"Buffer","floor":15,"key":"SMITH"},{"data":"Echo Form","floor":23,"key":"SMITH"},{"data":"Fusion","floor":25,"key":"SMITH"},{"floor":32,"key":"REST"},{"floor":40,"key":"DIG"},{"data":"Defragment","floor":42,"key":"SMITH"},{"data":"Storm","floor":46,"key":"SMITH"},{"floor":49,"key":"REST"}],"neow_cost":"NONE","seed_source_timestamp":1118406932057172,"circlet_count":0,"master_deck":["Strike_B","Defend_B","Zap+1","Dualcast+1","Fusion+1","Redo+1","Melter","Buffer+1","Chill+1","Machine Learning","Glacier+1","Conserve Battery+1","Double Energy+1","Echo Form+1","Defragment+1","Electrodynamics","Reboot+1","Chaos+1","Force Field+1","Static Discharge","Redo+1","Storm+1","Buffer","Auto Shields+1"],"relics":["FrozenCore","StoneCalendar","Toxic Egg 2","Bottled Flame","Shovel","Centennial Puzzle","Bottled Tornado","Smiling Mask","Anchor","Empty Cage","Bronze Scales","Meat on the Bone","War Paint","Old Coin"],"potions_floor_usage":[6,8,12,16,28,28,35,38,39,44,47,47],"damage_taken":[{"damage":1,"enemies":"2 Louse","floor":1,"turns":2},{"damage":0,"enemies":"Cultist","floor":3,"turns":3},{"damage":0,"enemies":"Small Slimes","floor":4,"turns":2},{"damage":19,"enemies":"3 Sentries","floor":6,"turns":7},{"damage":14,"enemies":"Lagavulin","floor":8,"turns":5},{"damage":18,"enemies":"Gremlin Nob","floor":10,"turns":4},{"damage":5,"enemies":"Blue Slaver","floor":12,"turns":3},{"damage":1,"enemies":"Red Slaver","floor":14,"turns":3},{"damage":44,"enemies":"Hexaghost","floor":16,"turns":11},{"damage":29,"enemies":"3 Byrds","floor":18,"turns":7},{"damage":0,"enemies":"Spheric Guardian","floor":20,"turns":1},{"damage":0,"enemies":"Centurion and Healer","floor":24,"turns":7},{"damage":12,"enemies":"Slavers","floor":28,"turns":7},{"damage":7,"enemies":"Sentry and Sphere","floor":31,"turns":6},{"damage":0,"enemies":"Champ","floor":33,"turns":19},{"damage":23,"enemies":"Orb Walker","floor":35,"turns":6},{"damage":0,"enemies":"3 Darklings","floor":38,"turns":1},{"damage":0,"enemies":"Sphere and 2 Shapes","floor":39,"turns":4},{"damage":0,"enemies":"4 Shapes","floor":44,"turns":3},{"damage":0,"enemies":"3 Darklings","floor":45,"turns":5},{"damage":29,"enemies":"2 Orb Walkers","floor":47,"turns":4},{"damage":0,"enemies":"Jaw Worm Horde","floor":48,"turns":5},{"damage":41,"enemies":"Donu and Deca","floor":50,"turns":8}],"seed_played":"5818956492460670901","potions_obtained":[{"floor":1,"key":"PowerPotion"},{"floor":6,"key":"EssenceOfSteel"},{"floor":10,"key":"Swift Potion"},{"floor":14,"key":"Block Potion"},{"floor":16,"key":"Swift Potion"},{"floor":24,"key":"LiquidBronze"},{"floor":33,"key":"Fruit Juice"},{"floor":37,"key":"EssenceOfSteel"},{"floor":37,"key":"SmokeBomb"},{"floor":37,"key":"AttackPotion"},{"floor":39,"key":"Block Potion"},{"floor":45,"key":"LiquidBronze"}],"is_trial":false,"path_per_floor":["M","$","M","M","?","E","?","E","T","E","R","M","R","M","R","B",null,"M","?","M","?","$","R","M","R","T","?","E","$","?","M","R","B",null,"M","$","?","M","M","R","$","R","T","M","M","R","?","M","R","B",null],"character_chosen":"DEFECT","items_purchased":["Fusion","Defragment","Bronze Scales","Static Discharge"],"campfire_rested":4,"item_purchase_floors":[2,29,36,41],"current_hp_per_floor":[74,74,74,74,67,48,48,34,34,16,38,33,55,54,54,10,75,46,46,46,46,46,46,46,46,46,46,34,34,34,27,49,49,75,57,57,57,57,57,57,57,57,57,57,57,57,40,52,76,47],"gold":431,"neow_bonus":"UPGRADE_CARD","is_prod":false,"is_daily":false,"chose_seed":false,"campfire_upgraded":5,"win_rate":0,"timestamp":1549205200,"path_taken":["M","$","M","M","?","E","?","E","T","E","R","?","R","M","R","BOSS","M","?","?","?","$","R","?","R","T","?","E","$","?","M","R","BOSS","M","$","?","M","?","R","?","R","T","?","?","R","?","M","R","BOSS"],"build_version":"2019-01-23","purchased_purges":3,"victory":true,"max_hp_per_floor":[75,75,75,75,75,75,75,75,75,75,75,75,75,75,75,75,75,75,75,75,75,75,75,75,75,75,75,75,75,75,75,75,75,75,80,80,80,80,80,80,80,80,80,80,80,80,80,80,80,80],"card_choices":[{"not_picked":["Doom and Gloom","Compile Driver","Coolheaded"],"picked":"SKIP","floor":1},{"not_picked":["Doom and Gloom","Compile Driver","Coolheaded"],"picked":"SKIP","floor":1},{"not_picked":["Consume","Turbo","Compile Driver"],"picked":"SKIP","floor":3},{"not_picked":["Sweeping Beam","Blizzard"],"picked":"Redo","floor":4},{"not_picked":["Doom and Gloom","Redo"],"picked":"Melter","floor":6},{"not_picked":["Storm","Fusion+1"],"picked":"Buffer","floor":8},{"not_picked":["Conserve Battery+1","Coolheaded+1"],"picked":"Chill+1","floor":10},{"not_picked":["Hello World","Stack+1","Compile Driver"],"picked":"SKIP","floor":12},{"not_picked":["Go for the Eyes","Turbo+1","Leap+1"],"picked":"SKIP","floor":14},{"not_picked":["Fission+1","All For One"],"picked":"Machine Learning","floor":16},{"not_picked":["Hologram+1","Beam Cell"],"picked":"Glacier+1","floor":18},{"not_picked":["Hologram+1","Turbo+1"],"picked":"Conserve Battery+1","floor":20},{"not_picked":["Rebound+1","Doom and Gloom","FTL+1"],"picked":"SKIP","floor":24},{"not_picked":["Sweeping Beam","Stack+1","Rebound"],"picked":"SKIP","floor":28},{"not_picked":["Coolheaded+1","Compile Driver"],"picked":"Electrodynamics","floor":31},{"not_picked":["Meteor Strike","All For One"],"picked":"Reboot+1","floor":33},{"not_picked":["Recycle+1","Skim+1"],"picked":"Chaos+1","floor":35},{"not_picked":["Streamline+1","Auto Shields+1"],"picked":"Force Field+1","floor":39},{"not_picked":["Beam Cell","Ball Lightning+1"],"picked":"Redo+1","floor":44},{"not_picked":["Barrage","Skim+1"],"picked":"Storm","floor":45},{"not_picked":["Ball Lightning+1","Reinforced Body+1"],"picked":"Buffer","floor":47},{"not_picked":["Barrage+1","Gash+1"],"picked":"Auto Shields+1","floor":48}],"player_experience":398090,"relics_obtained":[{"floor":6,"key":"StoneCalendar"},{"floor":8,"key":"Bottled Flame"},{"floor":9,"key":"Shovel"},{"floor":10,"key":"Centennial Puzzle"},{"floor":26,"key":"Bottled Tornado"},{"floor":28,"key":"Anchor"},{"floor":40,"key":"Meat on the Bone"},{"floor":43,"key":"War Paint"},{"floor":47,"key":"Old Coin"}],"event_choices":[{"cards_removed":["Defend_B"],"damage_healed":0,"gold_gain":0,"player_choice":"Card Removal","damage_taken":7,"max_hp_gain":0,"max_hp_loss":0,"event_name":"Golden Wing","floor":5,"gold_loss":0},{"damage_healed":0,"gold_gain":0,"player_choice":"Paid Gold","damage_taken":0,"relics_obtained":["Toxic Egg 2"],"max_hp_gain":0,"max_hp_loss":0,"event_name":"WeMeetAgain","floor":7,"gold_loss":55},{"cards_removed":["Strike_B"],"damage_healed":0,"gold_gain":0,"player_choice":"Offered Basic","damage_taken":0,"max_hp_gain":0,"max_hp_loss":0,"event_name":"Bonfire Elementals","floor":19,"gold_loss":0},{"damage_healed":0,"gold_gain":0,"player_choice":"2 cards matched","damage_taken":0,"max_hp_gain":0,"max_hp_loss":0,"event_name":"Match and Keep!","floor":21,"gold_loss":0,"cards_obtained":["Double Energy","Echo Form"]},{"damage_healed":0,"gold_gain":0,"player_choice":"Opened","damage_taken":0,"relics_obtained":["Smiling Mask"],"max_hp_gain":0,"max_hp_loss":0,"event_name":"The Mausoleum","floor":27,"gold_loss":0,"cards_obtained":["Writhe"]},{"damage_healed":0,"gold_gain":0,"player_choice":"Ignored","damage_taken":0,"max_hp_gain":0,"max_hp_loss":0,"event_name":"Vampires","floor":30,"gold_loss":0},{"damage_healed":0,"gold_gain":0,"player_choice":"Got Potions","damage_taken":0,"max_hp_gain":0,"max_hp_loss":0,"event_name":"Lab","floor":37,"gold_loss":0},{"damage_healed":0,"gold_gain":0,"player_choice":"Fight","damage_taken":0,"max_hp_gain":0,"max_hp_loss":0,"event_name":"Mysterious Sphere","floor":47,"gold_loss":0}],"is_beta":false,"boss_relics":[{"not_picked":["Runic Dome","Black Star"],"picked":"FrozenCore"},{"not_picked":["Calling Bell","Philosopher\u0027s Stone"],"picked":"Empty Cage"}],"items_purged_floors":[22,29,36],"is_endless":false,"potions_floor_spawned":[1,6,10,14,16,24,33,38,39,45],"ascension_level":1}