{"gold_per_floor":[117,117,42,56,68,88,88,88,111,143,143,143,143,158,158,255,255,269,219,219,169,181,191,208,158,158,108,207,207,226,226,226,323,323,335,231,231,231,331,331,348,348,372,322,322,342,352,368,368,368],"floor_reached":51,"playtime":1912,"items_purged":["Defend_R","Defend_R","Strike_R","Strike_R","Strike_R","Strike_R","Defend_R+1"],"score":695,"play_id":"eaa2c597-e9c0-4f53-8224-254dbb6acc2d","local_time":"20190501122250","is_ascension_mode":false,"campfire_choices":[{"floor":8.0,"key":"REST"},{"floor":12.0,"key":"REST"},{"data":"Shrug It Off","floor":15.0,"key":"SMITH"},{"floor":29.0,"key":"REST"},{"floor":32,"key":"REST"},{"data":"Dropkick","floor":40,"key":"SMITH"},{"data":"Clash","floor":42,"key":"SMITH"},{"data":"Clash","floor":49,"key":"SMITH"}],"neow_cost":"NONE","seed_source_timestamp":0,"circlet_count":0,"master_deck":["Strike_R+1","Bash+1","Dropkick+1","Clash+1","Clash+1"],"special_seed":0,"relics":["Burning Blood","Pen Nib","Smiling Mask","Orichalcum","Busted Crown","Blue Candle","Lizard Tail","Gambling Chip","Bag of Marbles"],"potions_floor_usage":[33,33,33,50,50,50],"damage_taken":[{"damage":0.0,"enemies":"2 Louse","floor":1.0,"turns":4.0},{"damage":3.0,"enemies":"Jaw Worm","floor":4.0,"turns":3.0},{"damage":6.0,"enemies":"Cultist","floor":5.0,"turns":3.0},{"damage":22.0,"enemies":"Gremlin Gang","floor":6.0,"turns":5.0},{"damage":21.0,"enemies":"3 Sentries","floor":10.0,"turns":10.0},{"damage":0.0,"enemies":"Lots of Slimes","floor":14.0,"turns":4.0},{"damage":53.0,"enemies":"The Guardian","floor":16.0,"turns":10.0},{"damage":10.0,"enemies":"Shell Parasite","floor":18.0,"turns":5.0},{"damage":4.0,"enemies":"Chosen","floor":22.0,"turns":3.0},{"damage":25.0,"enemies":"Centurion and Healer","floor":23.0,"turns":5.0},{"damage":24.0,"enemies":"Sentry and Sphere","floor":24.0,"turns":6.0},{"damage":9.0,"enemies":"3 Cultists","floor":30.0,"turns":4.0},{"damage":9,"enemies":"Colosseum Slavers","floor":31,"turns":4},{"damage":51,"enemies":"Automaton","floor":33,"turns":11},{"damage":26,"enemies":"3 Darklings","floor":35,"turns":9},{"damage":2,"enemies":"Mind Bloom Boss Battle","floor":39,"turns":5},{"damage":7,"enemies":"3 Shapes","floor":41,"turns":3},{"damage":0,"enemies":"Transient","floor":46,"turns":5},{"damage":23,"enemies":"4 Shapes","floor":47,"turns":3},{"damage":0,"enemies":"3 Darklings","floor":48,"turns":2},{"damage":85,"enemies":"Awakened One","floor":50,"turns":6}],"seed_played":"-5441310034062257263","potions_obtained":[{"floor":5.0,"key":"Weak Potion"},{"floor":6.0,"key":"PowerPotion"},{"floor":14.0,"key":"Swift Potion"},{"floor":16.0,"key":"Swift Potion"},{"floor":18.0,"key":"LiquidBronze"},{"floor":35,"key":"Weak Potion"},{"floor":41,"key":"PowerPotion"},{"floor":48,"key":"Swift Potion"}],"is_trial":false,"path_per_floor":["M","?","$","M","M","M","$","R","T","E","?","R","T","M","R","B",null,"M","$","?","$","M","M","M","$","T","$","?","R","M","?","R","B",null,"M","$","?","?","?","R","M","R","T","$","?","M","M","M","R","B",null],"character_chosen":"IRONCLAD","items_purchased":["Clash"],"campfire_rested":4,"item_purchase_floors":[36],"current_hp_per_floor":[80,64,64,67,67,51,51,75,75,60,60,80,80,80,80,33,80,76,76,68,68,70,51,33,33,33,33,33,57,54,51,75,30,80,60,60,60,60,64,64,63,63,63,63,63,69,52,58,58,17],"gold":368,"neow_bonus":"UPGRADE_CARD","is_prod":false,"is_daily":false,"chose_seed":false,"campfire_upgraded":4,"win_rate":0,"timestamp":1556706170,"path_taken":["M","?","$","M","M","M","$","R","T","E","?","R","?","M","R","BOSS","M","$","?","$","?","M","?","$","T","?","?","R","M","?","R","BOSS","M","$","?","?","?","R","M","R","T","$","?","M","M","M","R","BOSS"],"build_version":"2019-01-23","purchased_purges":7,"victory":true,"max_hp_per_floor":[80,80,80,80,80,80,80,80,80,80,80,80,80,80,80,80,80,80,80,80,80,80,80,80,80,80,80,80,80,80,80,80,80,80,80,80,76,76,76,76,76,76,76,76,76,76,76,76,76,76],"card_choices":[{"not_picked":["Heavy Blade","Headbutt","Seeing Red"],"picked":"SKIP","floor":1.0},{"not_picked":["Heavy Blade","Shockwave"],"picked":"Shrug It Off","floor":4.0},{"not_picked":["Flame Barrier","Perfected Strike"],"picked":"Dropkick","floor":5.0},{"not_picked":["Wild Strike","Flex","Ghostly Armor"],"picked":"SKIP","floor":6.0},{"not_picked":["Wild Strike","Immolate","Clothesline"],"picked":"SKIP","floor":10.0},{"not_picked":["Warcry","Clothesline","Spot Weakness"],"picked":"SKIP","floor":14.0},{"not_picked":["Iron Wave"],"picked":"SKIP","floor":18.0},{"not_picked":["Combust"],"picked":"SKIP","floor":22.0},{"not_picked":["Carnage"],"picked":"SKIP","floor":23.0},{"not_picked":["Bloodletting"],"picked":"SKIP","floor":24.0},{"not_picked":["Wild Strike+1"],"picked":"SKIP","floor":30.0},{"not_picked":["Headbutt"],"picked":"SKIP","floor":35},{"not_picked":["Pommel Strike+1"],"picked":"SKIP","floor":41},{"not_picked":["Carnage+1"],"picked":"SKIP","floor":46},{"not_picked":[],"picked":"Clash","floor":47},{"not_picked":["Heavy Blade"],"picked":"SKIP","floor":48}],"player_experience":156961,"relics_obtained":[{"floor":9.0,"key":"Pen Nib"},{"floor":10.0,"key":"Smiling Mask"},{"floor":13.0,"key":"Orichalcum"},{"floor":26.0,"key":"Blue Candle"},{"floor":39,"key":"Gambling Chip"},{"floor":43,"key":"Bag of Marbles"}],"event_choices":[{"damage_healed":0.0,"max_hp_gain":0.0,"max_hp_loss":0.0,"gold_gain":0.0,"event_name":"Shining Light","player_choice":"Entered Light","floor":2.0,"gold_loss":0.0,"damage_taken":16.0,"cards_upgraded":["Defend_R","Strike_R"]},{"cards_removed":["Defend_R"],"damage_healed":0.0,"max_hp_gain":0.0,"max_hp_loss":0.0,"gold_gain":0.0,"event_name":"Living Wall","player_choice":"Forget","floor":11.0,"gold_loss":0.0,"damage_taken":0.0},{"damage_healed":0.0,"max_hp_gain":0.0,"max_hp_loss":0.0,"gold_gain":0.0,"event_name":"Wheel of Change","player_choice":"Damaged","floor":20.0,"gold_loss":0.0,"damage_taken":8.0},{"damage_healed":0.0,"max_hp_gain":0.0,"max_hp_loss":0.0,"gold_gain":99.0,"event_name":"Nest","player_choice":"Stole From Cult","floor":28.0,"gold_loss":0.0,"damage_taken":0.0},{"damage_healed":0,"gold_gain":0,"player_choice":"Fight","damage_taken":0,"max_hp_gain":0,"max_hp_loss":0,"event_name":"Colosseum","floor":31,"gold_loss":0},{"damage_healed":0,"gold_gain":0,"player_choice":"Fled From Nobs","damage_taken":0,"max_hp_gain":0,"max_hp_loss":0,"event_name":"Colosseum","floor":31,"gold_loss":0},{"damage_healed":0,"gold_gain":0,"player_choice":"Max HP","damage_taken":0,"max_hp_gain":0,"max_hp_loss":4,"event_name":"Winding Halls","floor":37,"gold_loss":0},{"damage_healed":0,"gold_gain":0,"player_choice":"Memory 1","damage_taken":0,"max_hp_gain":0,"max_hp_loss":0,"event_name":"SensoryStone","floor":38,"gold_loss":0},{"damage_healed":0,"gold_gain":0,"player_choice":"Fight","damage_taken":0,"max_hp_gain":0,"max_hp_loss":0,"event_name":"MindBloom","floor":39,"gold_loss":0},{"cards_removed":["Shrug It Off"],"damage_healed":0,"gold_gain":0,"player_choice":"Removed Skill","damage_taken":0,"max_hp_gain":0,"max_hp_loss":0,"event_name":"Falling","floor":45,"gold_loss":0}],"is_beta":false,"boss_relics":[{"not_picked":["Fusion Hammer","Runic Cube"],"picked":"Busted Crown"},{"not_picked":["Calling Bell","Runic Pyramid"],"picked":"Lizard Tail"}],"items_purged_floors":[3,19,21,25,27,36,44],"is_endless":false,"potions_floor_spawned":[5,6,14,16,18,22,31,35,41,48],"ascension_level":0}