{"gold_per_floor":[19,34,309,166,185,247,247,258,258,258,272,222,254,271,271,374,374,393,203,203,217,230,230,78,78,78,78,92,127,127,146,146,251,251,271,281,12,23,23,23,35,35,61,61,73,99,23,34,34,34,34,34,34,59,59],"floor_reached":55,"playtime":3569,"items_purged":["Regret","Strike_B","Sunder+1"],"score":704,"play_id":"b11433b1-8d53-4f2a-afc1-094337b419d2","local_time":"20190419164018","is_ascension_mode":false,"campfire_choices":[{"data":"Sunder","floor":7.0,"key":"SMITH"},{"data":"Zap","floor":10.0,"key":"SMITH"},{"data":"Beam Cell","floor":15.0,"key":"SMITH"},{"floor":23.0,"key":"RECALL"},{"data":"Dualcast","floor":25.0,"key":"SMITH"},{"data":"Conserve Battery","floor":27.0,"key":"SMITH"},{"floor":32.0,"key":"REST"},{"floor":40,"key":"REST"},{"floor":42,"key":"REST"},{"data":"Madness","floor":44,"key":"SMITH"},{"floor":49,"key":"REST"},{"data":"Defragment","floor":52,"key":"SMITH"}],"neow_cost":"NO_GOLD","seed_source_timestamp":0,"circlet_count":0,"master_deck":["Strike_B","Strike_B","Zap+1","Dualcast+1","BootSequence","Conserve Battery+1","Self Repair","Machine Learning","Gash","Beam Cell+1","Conserve Battery","Conserve Battery","Electrodynamics","Loop+1","Loop","Gash","Ball Lightning","Auto Shields","Redo+1","Conserve Battery","All For One","Auto Shields","Cold Snap","Madness+1","Madness","Chill+1","FTL","Capacitor+1","Defragment+1","Ball Lightning"],"special_seed":0,"relics":["Cracked Core","Tiny Chest","Kunai","StoneCalendar","Empty Cage","Oddly Smooth Stone","Orichalcum","Unceasing Top","DataDisk","Omamori","Girya","Mummified Hand"],"potions_floor_usage":[38,45,50,50,55],"damage_taken":[{"damage":1.0,"enemies":"Jaw Worm","floor":1.0,"turns":3.0},{"damage":0.0,"enemies":"Cultist","floor":2.0,"turns":2.0},{"damage":0.0,"enemies":"2 Louse","floor":5.0,"turns":2.0},{"damage":6.0,"enemies":"Lagavulin","floor":6.0,"turns":7.0},{"damage":0.0,"enemies":"Exordium Thugs","floor":8.0,"turns":3.0},{"damage":0.0,"enemies":"Gremlin Gang","floor":11.0,"turns":3.0},{"damage":14.0,"enemies":"Gremlin Nob","floor":13.0,"turns":3.0},{"damage":4.0,"enemies":"Lots of Slimes","floor":14.0,"turns":3.0},{"damage":18.0,"enemies":"The Guardian","floor":16.0,"turns":8.0},{"damage":18.0,"enemies":"Spheric Guardian","floor":18.0,"turns":4.0},{"damage":0.0,"enemies":"3 Byrds","floor":21.0,"turns":2.0},{"damage":19.0,"enemies":"Centurion and Healer","floor":22.0,"turns":4.0},{"damage":10.0,"enemies":"Snecko","floor":28.0,"turns":4.0},{"damage":17.0,"enemies":"Slavers","floor":29.0,"turns":5.0},{"damage":0.0,"enemies":"Cultist and Chosen","floor":31.0,"turns":3.0},{"damage":19.0,"enemies":"Champ","floor":33.0,"turns":9.0},{"damage":13,"enemies":"Orb Walker","floor":35,"turns":4},{"damage":16,"enemies":"3 Darklings","floor":36,"turns":5},{"damage":21,"enemies":"Spire Growth","floor":38,"turns":5},{"damage":24,"enemies":"Maw","floor":41,"turns":7},{"damage":18,"enemies":"3 Darklings","floor":45,"turns":7},{"damage":18,"enemies":"Giant Head","floor":46,"turns":7},{"damage":0,"enemies":"4 Shapes","floor":48,"turns":7},{"damage":41,"enemies":"Awakened One","floor":50,"turns":9},{"damage":55,"enemies":"Shield and Spear","floor":54,"turns":8},{"damage":39,"enemies":"The Heart","floor":55,"turns":3}],"seed_played":"8560112403143480787","potions_obtained":[{"floor":1.0,"key":"SteroidPotion"},{"floor":13.0,"key":"SkillPotion"},{"floor":14.0,"key":"FairyPotion"},{"floor":22.0,"key":"PowerPotion"},{"floor":28.0,"key":"PowerPotion"},{"floor":33.0,"key":"Ancient Potion"},{"floor":35,"key":"FocusPotion"},{"floor":46,"key":"PowerPotion"},{"floor":48,"key":"Weak Potion"},{"floor":54,"key":"Weak Potion"}],"is_trial":false,"path_per_floor":["M","M","?","$","M","E","R","M","T","R","M","?","E","M","R","B",null,"M","$","?","M","M","R","$","R","T","R","M","E","T","M","R","B",null,"M","M","$","M","?","R","M","R","T","R","M","E","$","M","R","B",null,"R","$","E","B"],"character_chosen":"DEFECT","items_purchased":["Self Repair","Oddly Smooth Stone","Loop","Ball Lightning","DataDisk","Defragment"],"campfire_rested":4,"item_purchase_floors":[4,19,19,24,37,47],"current_hp_per_floor":[74,74,74,74,75,75,75,75,75,75,75,75,61,64,64,53,75,64,64,64,64,52,52,52,52,52,52,49,39,39,46,68,56,75,69,60,60,46,37,59,42,64,64,64,53,42,42,49,71,37,75,75,75,27,0],"gold":59,"neow_bonus":"REMOVE_TWO","is_prod":false,"is_daily":false,"chose_seed":false,"campfire_upgraded":7,"win_rate":0,"timestamp":1555702818,"path_taken":["M","M","?","$","M","E","R","M","T","R","?","?","E","M","R","BOSS","M","$","?","M","?","R","$","R","T","R","M","E","?","?","R","BOSS","M","M","$","M","?","R","M","R","T","R","M","E","$","M","R","BOSS","R","$","E","BOSS"],"build_version":"2019-01-23","purchased_purges":3,"victory":false,"max_hp_per_floor":[75,75,75,75,75,75,75,75,75,75,75,75,75,75,75,75,75,75,75,75,75,75,75,75,75,75,75,75,75,75,75,75,75,75,75,75,75,75,75,75,75,75,75,75,75,75,75,75,75,75,75,75,75,75,75],"card_choices":[{"not_picked":["Recycle","Redo"],"picked":"BootSequence","floor":1.0},{"not_picked":["Compile Driver","Stack"],"picked":"Conserve Battery","floor":2.0},{"not_picked":["Recycle","Beam Cell"],"picked":"Sunder","floor":5.0},{"not_picked":["Sweeping Beam","Self Repair"],"picked":"Machine Learning","floor":6.0},{"not_picked":["Streamline","Hologram"],"picked":"Gash","floor":8.0},{"not_picked":["Coolheaded","Doom and Gloom"],"picked":"Beam Cell","floor":11.0},{"not_picked":["Fusion","Reinforced Body"],"picked":"Conserve Battery","floor":13.0},{"not_picked":["Self Repair","Hologram"],"picked":"Conserve Battery","floor":14.0},{"not_picked":["Rainbow","Creative AI"],"picked":"Electrodynamics","floor":16.0},{"not_picked":["Skim","Cold Snap"],"picked":"Loop+1","floor":18.0},{"not_picked":["Turbo+1","Reinforced Body"],"picked":"Gash","floor":21.0},{"not_picked":["Steam","Stack","Sunder"],"picked":"SKIP","floor":22.0},{"not_picked":["Barrage","Hologram"],"picked":"Auto Shields","floor":28.0},{"not_picked":["Multi-Cast","Loop"],"picked":"Redo+1","floor":29.0},{"not_picked":["Redo","Steam Power"],"picked":"Conserve Battery","floor":31.0},{"not_picked":["Hyperbeam","Amplify"],"picked":"All For One","floor":33.0},{"not_picked":["Rebound+1","Aggregate"],"picked":"Auto Shields","floor":35},{"not_picked":["Barrage","Rebound+1","Redo"],"picked":"SKIP","floor":36},{"not_picked":["Hello World+1","Hologram"],"picked":"Cold Snap","floor":38},{"not_picked":["Glacier+1","Ball Lightning+1"],"picked":"Chill+1","floor":41},{"not_picked":["Stack+1","Turbo+1"],"picked":"FTL","floor":45},{"not_picked":["Glacier","Chill"],"picked":"Capacitor+1","floor":46},{"not_picked":["Thunder Strike","Fusion"],"picked":"Ball Lightning","floor":48},{"not_picked":["Streamline","Turbo+1","Barrage"],"picked":"SKIP","floor":54}],"player_experience":624431,"relics_obtained":[{"floor":6.0,"key":"Tiny Chest"},{"floor":9.0,"key":"Kunai"},{"floor":13.0,"key":"StoneCalendar"},{"floor":29.0,"key":"Orichalcum"},{"floor":30.0,"key":"Unceasing Top"},{"floor":43,"key":"Omamori"},{"floor":46,"key":"Girya"},{"floor":54,"key":"Mummified Hand"}],"event_choices":[{"damage_healed":0.0,"max_hp_gain":0.0,"max_hp_loss":0.0,"gold_gain":275.0,"event_name":"Golden Shrine","player_choice":"Desecrate","floor":3.0,"gold_loss":0.0,"damage_taken":0.0,"cards_obtained":["Regret"]},{"cards_removed":["Defend_B"],"damage_healed":0.0,"max_hp_gain":0.0,"max_hp_loss":0.0,"gold_gain":0.0,"event_name":"The Cleric","player_choice":"Card Removal","floor":12.0,"gold_loss":50.0,"damage_taken":0.0},{"damage_healed":0.0,"max_hp_gain":0.0,"max_hp_loss":0.0,"gold_gain":0.0,"event_name":"Transmorgrifier","player_choice":"Ignored","floor":20.0,"gold_loss":0.0,"damage_taken":0.0},{"damage_healed":0,"gold_gain":0,"player_choice":"Embrace Madness","damage_taken":9,"max_hp_gain":0,"max_hp_loss":0,"event_name":"Winding Halls","floor":39,"gold_loss":0,"cards_obtained":["Madness","Madness"]}],"is_beta":false,"boss_relics":[{"not_picked":["Eternal Feather","Runic Dome"],"picked":"Empty Cage"},{"not_picked":["FrozenCore","Sozu","Snecko Eye"]}],"items_purged_floors":[4,24,37],"is_endless":false,"potions_floor_spawned":[1,13,14,22,28,33,35,46,48,54],"killed_by":"The Heart","ascension_level":0}