{"gold_per_floor":[129,91,121,133,145,182,194,206,298,310,322,161,161,179,179,179],"floor_reached":16,"playtime":289,"items_purged":[],"score":96,"play_id":"bbf21b2b-5fba-44a8-89b6-e2efcb8d32c6","local_time":"20190414190821","is_ascension_mode":false,"campfire_choices":[{"floor":7,"key":"REST"},{"floor":10,"key":"REST"},{"data":"Apotheosis","floor":13,"key":"SMITH"},{"data":"Shrug It Off","floor":15,"key":"SMITH"}],"neow_cost":"NONE","seed_source_timestamp":325482780080808,"circlet_count":0,"master_deck":["Strike_R+1","Strike_R+1","Strike_R","Strike_R","Strike_R","Defend_R","Defend_R","Defend_R","Defend_R","Body Slam","Apotheosis+1","Shrug It Off+1"],"relics":["Burning Blood","MawBank","Dodecahedron","Question Card"],"potions_floor_usage":[16],"damage_taken":[{"damage":0,"enemies":"Small Slimes","floor":1,"turns":3},{"damage":14,"enemies":"Jaw Worm","floor":3,"turns":4},{"damage":48,"enemies":"3 Sentries","floor":6,"turns":10},{"damage":6,"enemies":"2 Louse","floor":14,"turns":2},{"damage":63,"enemies":"Hexaghost","floor":16,"turns":13}],"seed_played":"3969209711210069749","potions_obtained":[{"floor":3,"key":"Poison Potion"}],"is_trial":false,"path_per_floor":["M","?","M","?","?","E","R","$","T","R","?","$","R","M","R","B"],"character_chosen":"IRONCLAD","items_purchased":["Apotheosis"],"campfire_rested":2,"item_purchase_floors":[12],"current_hp_per_floor":[80,80,72,72,56,14,38,38,38,62,62,62,62,62,62,0],"gold":179,"neow_bonus":"RANDOM_COMMON_RELIC","is_prod":false,"is_daily":false,"chose_seed":false,"campfire_upgraded":2,"win_rate":0,"timestamp":1555261701,"path_taken":["M","?","M","?","?","E","R","?","T","R","?","$","R","M","R","BOSS"],"build_version":"2019-01-23","purchased_purges":0,"victory":false,"max_hp_per_floor":[80,80,80,80,80,80,80,80,80,80,80,80,80,80,80,80],"card_choices":[{"not_picked":["True Grit","Rampage","Hemokinesis"],"picked":"SKIP","floor":1},{"not_picked":["Heavy Blade","Evolve","Wild Strike"],"picked":"SKIP","floor":3},{"not_picked":["Evolve","Twin Strike"],"picked":"Body Slam","floor":6},{"not_picked":["Disarm","Cleave","Headbutt"],"picked":"Shrug It Off","floor":14}],"player_experience":113277,"relics_obtained":[{"floor":6,"key":"Dodecahedron"},{"floor":9,"key":"Question Card"}],"event_choices":[{"cards_removed":["Bash"],"damage_healed":0,"gold_gain":0,"player_choice":"Card Removal","damage_taken":0,"max_hp_gain":0,"max_hp_loss":0,"event_name":"The Cleric","floor":2,"gold_loss":50},{"damage_healed":0,"gold_gain":0,"player_choice":"Ignored","damage_taken":0,"max_hp_gain":0,"max_hp_loss":0,"event_name":"Golden Wing","floor":4,"gold_loss":0},{"damage_healed":0,"gold_gain":0,"player_choice":"Entered Light","damage_taken":16,"max_hp_gain":0,"max_hp_loss":0,"event_name":"Shining Light","floor":5,"gold_loss":0,"cards_upgraded":["Strike_R","Strike_R"]},{"damage_healed":0,"gold_gain":0,"player_choice":"Ignored","damage_taken":0,"max_hp_gain":0,"max_hp_loss":0,"event_name":"Golden Idol","floor":11,"gold_loss":0}],"is_beta":false,"boss_relics":[],"items_purged_floors":[],"is_endless":false,"potions_floor_spawned":[3],"killed_by":"Hexaghost","ascension_level":0}