{"gold_per_floor":[111,129,129,142,242,275,275,294,294,219,246,265,21,32,32,134,134,146,21,31,31,51,51,61,61,61,61,73,84,84,10,10,114,114,126,141,141,160,179,179,192,226,308,342,356,373,393,393,393,393],"floor_reached":50,"playtime":1828,"items_purged":["Defend_R","Defend_R","Defend_R"],"score":520,"play_id":"345b7c66-d346-44c3-83a6-3b806b43860a","local_time":"20190421163144","is_ascension_mode":false,"campfire_choices":[{"data":"Clash","floor":7.0,"key":"SMITH"},{"floor":15.0,"key":"REST"},{"floor":23.0,"key":"REST"},{"floor":27.0,"key":"REST"},{"floor":32.0,"key":"REST"},{"floor":40,"key":"REST"},{"data":"Dropkick","floor":49,"key":"SMITH"}],"neow_cost":"NONE","seed_source_timestamp":919249729123704,"circlet_count":0,"master_deck":["Strike_R","Strike_R","Strike_R","Strike_R","Strike_R","Bash+1","Clash+1","Dropkick+1","Shrug It Off+1","Dropkick+1","Shrug It Off+1"],"special_seed":0,"relics":["Burning Blood","Shuriken","Toxic Egg 2","Runic Cube","Incense Burner","Nloth\u0027s Gift","Philosopher\u0027s Stone","Bag of Preparation","Dodecahedron","Champion Belt"],"potions_floor_usage":[33,33,44,44,46,46,50],"damage_taken":[{"damage":13.0,"enemies":"Jaw Worm","floor":1.0,"turns":3.0},{"damage":6.0,"enemies":"Cultist","floor":2.0,"turns":3.0},{"damage":2.0,"enemies":"Small Slimes","floor":4.0,"turns":3.0},{"damage":11.0,"enemies":"Gremlin Nob","floor":6.0,"turns":3.0},{"damage":15.0,"enemies":"Gremlin Gang","floor":8.0,"turns":4.0},{"damage":33.0,"enemies":"3 Sentries","floor":11.0,"turns":5.0},{"damage":23.0,"enemies":"Large Slime","floor":12.0,"turns":7.0},{"damage":7.0,"enemies":"2 Fungi Beasts","floor":14.0,"turns":2.0},{"damage":16.0,"enemies":"Slime Boss","floor":16.0,"turns":6.0},{"damage":15.0,"enemies":"3 Byrds","floor":18.0,"turns":4.0},{"damage":10.0,"enemies":"Chosen","floor":20.0,"turns":2.0},{"damage":34.0,"enemies":"Shelled Parasite and Fungi","floor":22.0,"turns":3.0},{"damage":21.0,"enemies":"Snake Plant","floor":24.0,"turns":2.0},{"damage":19.0,"enemies":"Snecko","floor":28.0,"turns":4.0},{"damage":8.0,"enemies":"Centurion and Healer","floor":29.0,"turns":4.0},{"damage":69,"enemies":"Automaton","floor":33,"turns":12},{"damage":10,"enemies":"3 Shapes","floor":35,"turns":4},{"damage":10,"enemies":"Orb Walker","floor":36,"turns":3},{"damage":29,"enemies":"3 Darklings","floor":38,"turns":4},{"damage":7,"enemies":"Transient","floor":39,"turns":5},{"damage":34,"enemies":"Writhing Mass","floor":41,"turns":4},{"damage":18,"enemies":"Giant Head","floor":42,"turns":5},{"damage":19,"enemies":"Reptomancer","floor":44,"turns":5},{"damage":9,"enemies":"4 Shapes","floor":45,"turns":5},{"damage":7,"enemies":"Maw","floor":46,"turns":5},{"damage":22,"enemies":"Jaw Worm Horde","floor":47,"turns":3},{"damage":92,"enemies":"Donu and Deca","floor":50,"turns":7}],"seed_played":"-1065591808933588355","potions_obtained":[{"floor":1.0,"key":"Strength Potion"},{"floor":2.0,"key":"Strength Potion"},{"floor":8.0,"key":"Dexterity Potion"},{"floor":14.0,"key":"LiquidBronze"},{"floor":22.0,"key":"Weak Potion"},{"floor":24.0,"key":"Explosive Potion"},{"floor":33,"key":"Swift Potion"},{"floor":39,"key":"Swift Potion"},{"floor":41,"key":"Block Potion"},{"floor":44,"key":"Strength Potion"},{"floor":47,"key":"Regen Potion"}],"is_trial":false,"path_per_floor":["M","M","?","M","?","E","R","M","T","$","E","M","$","M","R","B",null,"M","$","M","?","M","R","M","?","T","R","M","M","?","$","R","B",null,"M","M","?","M","M","R","M","E","T","E","M","M","M","?","R","B"],"character_chosen":"IRONCLAD","items_purchased":["Dropkick","Regen Potion","Regen Potion"],"campfire_rested":5,"item_purchase_floors":[13,13,31],"current_hp_per_floor":[73,73,73,77,77,72,72,63,63,63,36,19,19,23,47,37,80,71,71,67,67,39,63,48,33,33,58,45,43,43,43,68,20,85,81,77,85,62,61,85,57,45,45,32,29,28,12,74,74,0],"gold":393,"neow_bonus":"REMOVE_CARD","is_prod":false,"is_daily":false,"chose_seed":false,"campfire_upgraded":2,"win_rate":0,"timestamp":1555857104,"path_taken":["M","M","?","?","?","E","R","?","T","$","E","M","$","M","R","BOSS","M","$","M","?","M","R","M","?","T","R","M","M","?","$","R","BOSS","M","?","?","M","?","R","M","E","T","E","M","M","M","?","R","BOSS"],"build_version":"2019-01-23","purchased_purges":3,"victory":false,"max_hp_per_floor":[80,80,80,80,80,80,80,80,80,80,80,80,80,80,80,80,80,80,80,80,80,80,80,80,85,85,85,85,85,85,85,85,85,85,85,85,85,85,85,85,85,85,85,85,85,85,85,74,74,74],"card_choices":[{"not_picked":["Intimidate","Feel No Pain","Wild Strike"],"picked":"SKIP","floor":1.0},{"not_picked":["Twin Strike","Bloodletting"],"picked":"Clash","floor":2.0},{"not_picked":["Ghostly Armor","Fire Breathing","Bloodletting"],"picked":"SKIP","floor":4.0},{"not_picked":["Berserk","Shockwave","Feed"],"picked":"SKIP","floor":6.0},{"not_picked":["Havoc","Sword Boomerang","Dual Wield"],"picked":"SKIP","floor":8.0},{"not_picked":["Fire Breathing","Cleave","Armaments","Disarm"],"picked":"SKIP","floor":11.0},{"not_picked":["Clothesline","Blood for Blood","Dual Wield+1","Body Slam"],"picked":"SKIP","floor":12.0},{"not_picked":["Flame Barrier+1","Armaments+1","Warcry+1","Double Tap+1"],"picked":"SKIP","floor":14.0},{"not_picked":["Clash","Burning Pact+1","Clothesline","Wild Strike"],"picked":"SKIP","floor":18.0},{"not_picked":["Inflame","Clash","Rampage","Thunderclap"],"picked":"SKIP","floor":20.0},{"not_picked":["Whirlwind","Cleave","Body Slam"],"picked":"Shrug It Off+1","floor":22.0},{"not_picked":["True Grit+1","Shrug It Off+1","Warcry+1","Pommel Strike"],"picked":"SKIP","floor":24.0},{"not_picked":["Intimidate+1","Shockwave+1","Whirlwind","Impervious+1"],"picked":"SKIP","floor":28.0},{"not_picked":["Flex+1","Headbutt","Anger","Disarm+1"],"picked":"SKIP","floor":29.0},{"not_picked":["Battle Trance+1","Infernal Blade+1","Headbutt"],"picked":"SKIP","floor":35},{"not_picked":["Heavy Blade","Clothesline+1","Shrug It Off+1"],"picked":"SKIP","floor":36},{"not_picked":["Twin Strike+1","Entrench+1","Shrug It Off+1"],"picked":"SKIP","floor":38},{"not_picked":["Anger+1","Clash+1"],"picked":"Dropkick+1","floor":39},{"not_picked":["Hemokinesis+1","Heavy Blade","Pommel Strike"],"picked":"SKIP","floor":41},{"not_picked":["Brutality","Twin Strike","Dark Embrace"],"picked":"SKIP","floor":42},{"not_picked":["Armaments+1","Headbutt+1","Heavy Blade"],"picked":"SKIP","floor":44},{"not_picked":["Sword Boomerang+1","Seeing Red+1","Clothesline+1"],"picked":"SKIP","floor":45},{"not_picked":["Flex+1","Pommel Strike+1","Limit Break+1"],"picked":"SKIP","floor":46},{"not_picked":["Anger+1","Havoc+1"],"picked":"Shrug It Off+1","floor":47}],"player_experience":138779,"relics_obtained":[{"floor":6.0,"key":"Shuriken"},{"floor":9.0,"key":"Question Card"},{"floor":11.0,"key":"Toxic Egg 2"},{"floor":26.0,"key":"Incense Burner"},{"floor":42,"key":"Bag of Preparation"},{"floor":43,"key":"Dodecahedron"},{"floor":44,"key":"Champion Belt"}],"event_choices":[{"damage_healed":0.0,"max_hp_gain":0.0,"max_hp_loss":0.0,"gold_gain":0.0,"event_name":"Accursed Blacksmith","player_choice":"Forge","floor":3.0,"gold_loss":0.0,"damage_taken":0.0,"cards_upgraded":["Bash"]},{"damage_healed":0.0,"max_hp_gain":0.0,"max_hp_loss":0.0,"gold_gain":100.0,"event_name":"Golden Shrine","player_choice":"Pray","floor":5.0,"gold_loss":0.0,"damage_taken":0.0},{"damage_healed":0.0,"max_hp_gain":0.0,"max_hp_loss":0.0,"gold_gain":0.0,"event_name":"The Mausoleum","player_choice":"Ignored","floor":21.0,"gold_loss":0.0,"damage_taken":0.0},{"damage_healed":0.0,"max_hp_gain":5.0,"max_hp_loss":0.0,"gold_gain":0.0,"event_name":"Forgotten Altar","player_choice":"Shed Blood","floor":25.0,"gold_loss":0.0,"damage_taken":20.0},{"damage_healed":0.0,"max_hp_gain":0.0,"max_hp_loss":0.0,"gold_gain":0.0,"event_name":"N\u0027loth","player_choice":"Traded Relic","floor":30.0,"relics_lost":["Question Card"],"gold_loss":0.0,"damage_taken":0.0,"relics_obtained":["Nloth\u0027s Gift"]},{"damage_healed":8,"gold_gain":0,"player_choice":"Full Heal","damage_taken":0,"max_hp_gain":0,"max_hp_loss":0,"event_name":"Wheel of Change","floor":37,"gold_loss":0},{"damage_healed":74,"gold_gain":0,"player_choice":"Heal","damage_taken":0,"max_hp_gain":0,"max_hp_loss":11,"event_name":"The Moai Head","floor":48,"gold_loss":0}],"is_beta":false,"boss_relics":[{"not_picked":["Velvet Choker","Snecko Eye"],"picked":"Runic Cube"},{"not_picked":["Mark of Pain","Tiny House"],"picked":"Philosopher\u0027s Stone"}],"items_purged_floors":[10,13,19],"is_endless":false,"potions_floor_spawned":[1,2,8,14,22,24,33,39,41,44,47],"killed_by":"Donu and Deca","ascension_level":0}