{"gold_per_floor":[367,387,404,414,414,414,439,215,289,300,300,113,113,148,148,250,250,265,190,13,28,28,28,4,29,55,66,66,92,104,128,140,257,269,294,42,53,23,23,51,51,84,135,148,108,108,127,147,147,147],"floor_reached":51,"playtime":7763,"items_purged":["Zap","Strike_B","Strike_B","Chaos"],"score":728,"play_id":"5f4f5e18-4709-4662-b128-671a3cfeadb1","local_time":"20181122125851","is_ascension_mode":false,"campfire_choices":[{"data":"Hologram","floor":6.0,"key":"SMITH"},{"floor":11.0,"key":"REST"},{"data":"Gash","floor":15.0,"key":"SMITH"},{"data":"Glacier","floor":23.0,"key":"SMITH"},{"data":"Blizzard","floor":30.0,"key":"SMITH"},{"floor":32.0,"key":"REST"},{"data":"Defragment","floor":41.0,"key":"SMITH"},{"data":"Chill","floor":46.0,"key":"SMITH"},{"data":"Barrage","floor":49,"key":"SMITH"}],"neow_cost":"PERCENT_DAMAGE","seed_source_timestamp":0,"circlet_count":0,"master_deck":["Strike_B","Defend_B","Defend_B+1","Defend_B","Dualcast","Sweeping Beam","Cold Snap","Hologram+1","Coolheaded","Iron Wave","Defragment+1","Seek","Streamline","Capacitor","Gash+1","Beam Cell","Machine Learning","Conserve Battery+1","Barrage+1","Go for the Eyes","Glacier+1","Coolheaded","Blizzard+1","Cold Snap+1","Zap","Dramatic Entrance","Hologram","Melter+1","Chill+1","Self Repair","Writhe","Conserve Battery+1","Stack+1","Go for the Eyes+1"],"special_seed":0,"relics":["Cracked Core","Gambling Chip","Bottled Tornado","Vajra","Inserter","The Courier","Bag of Preparation","MawBank","Coffee Dripper","Pantograph","Toxic Egg 2","Pen Nib"],"potions_floor_usage":[47,50,50],"damage_taken":[{"damage":0.0,"enemies":"Small Slimes","floor":1.0,"turns":3.0},{"damage":0.0,"enemies":"Cultist","floor":2.0,"turns":4.0},{"damage":9.0,"enemies":"Jaw Worm","floor":3.0,"turns":3.0},{"damage":0.0,"enemies":"Looter","floor":4.0,"turns":4.0},{"damage":38.0,"enemies":"Gremlin Nob","floor":7.0,"turns":6.0},{"damage":0.0,"enemies":"Large Slime","floor":10.0,"turns":8.0},{"damage":8.0,"enemies":"3 Sentries","floor":14.0,"turns":9.0},{"damage":21.0,"enemies":"Slime Boss","floor":16.0,"turns":7.0},{"damage":8.0,"enemies":"3 Byrds","floor":18.0,"turns":7.0},{"damage":4.0,"enemies":"Shell Parasite","floor":21.0,"turns":5.0},{"damage":25.0,"enemies":"Gremlin Leader","floor":25.0,"turns":9.0},{"damage":0.0,"enemies":"Shelled Parasite and Fungi","floor":27.0,"turns":6.0},{"damage":7.0,"enemies":"Book of Stabbing","floor":29.0,"turns":6.0},{"damage":1.0,"enemies":"Snecko","floor":31.0,"turns":7.0},{"damage":22.0,"enemies":"Champ","floor":33.0,"turns":17.0},{"damage":13.0,"enemies":"3 Darklings","floor":35.0,"turns":7.0},{"damage":6.0,"enemies":"Orb Walker","floor":37.0,"turns":4.0},{"damage":41.0,"enemies":"Nemesis","floor":40.0,"turns":9.0},{"damage":4.0,"enemies":"Giant Head","floor":42.0,"turns":11.0},{"damage":9.0,"enemies":"3 Darklings","floor":44.0,"turns":4.0},{"damage":0,"enemies":"Transient","floor":47,"turns":5},{"damage":12,"enemies":"Sphere and 2 Shapes","floor":48,"turns":5},{"damage":18,"enemies":"Donu and Deca","floor":50,"turns":10}],"seed_played":"-4299427644770063658","potions_obtained":[{"floor":4.0,"key":"EssenceOfSteel"},{"floor":10.0,"key":"Regen Potion"},{"floor":14.0,"key":"Fire Potion"},{"floor":18.0,"key":"PowerPotion"},{"floor":25.0,"key":"SkillPotion"},{"floor":29.0,"key":"SneckoOil"},{"floor":40.0,"key":"LiquidBronze"},{"floor":42.0,"key":"Energy Potion"},{"floor":44.0,"key":"Dexterity Potion"}],"is_trial":false,"path_per_floor":["M","M","M","M","?","R","E","$","T","M","R","$","?","E","R","B",null,"M","?","$","M","?","R","$","E","T","M","?","E","R","M","R","B",null,"M","$","M","$","?","E","R","E","T","M","?","R","M","M","R","B",null],"character_chosen":"DEFECT","items_purchased":["Defragment","Seek","Capacitor","Gash","Barrage","Coolheaded","Fruit Juice","Chill","Self Repair"],"campfire_rested":2,"item_purchase_floors":[8,8,12,12,20,24,36,36,38],"current_hp_per_floor":[54,54,45,45,45,45,7,7,7,7,29,29,54,61,61,40,75,67,67,67,63,63,63,63,38,38,38,38,31,31,30,52,30,75,62,62,61,61,80,46,46,49,49,47,47,47,54,49,49,63],"gold":147,"neow_bonus":"TWO_FIFTY_GOLD","is_prod":false,"is_daily":false,"chose_seed":false,"campfire_upgraded":7,"win_rate":0.0,"timestamp":1542920331,"path_taken":["M","M","M","M","?","R","E","?","T","M","R","$","?","E","R","BOSS","M","?","$","M","?","R","$","E","T","M","?","E","R","M","R","BOSS","M","$","M","?","?","E","R","E","T","M","?","R","M","?","R","BOSS"],"build_version":"2018-11-15","purchased_purges":4,"victory":true,"max_hp_per_floor":[75,75,75,75,75,75,75,75,75,75,75,75,75,75,75,75,75,75,75,75,75,75,75,75,75,75,75,75,75,75,75,75,75,75,75,75,80,80,80,80,80,80,80,80,80,80,80,80,80,80],"card_choices":[{"not_picked":["Steam","Barrage"],"picked":"Sweeping Beam","floor":1.0},{"not_picked":["Go for the Eyes","Sweeping Beam"],"picked":"Cold Snap","floor":2.0},{"not_picked":["Leap","Rebound"],"picked":"Hologram","floor":3.0},{"not_picked":["Cold Snap","Steam"],"picked":"Coolheaded","floor":4.0},{"not_picked":["Hello World","Consume"],"picked":"Chaos","floor":7.0},{"not_picked":["Darkness","Gash"],"picked":"Streamline","floor":10.0},{"not_picked":["Sunder","Hyperbeam"],"picked":"Beam Cell","floor":14.0},{"not_picked":["Hyperbeam","Echo Form"],"picked":"Machine Learning","floor":16.0},{"not_picked":["Steam","Streamline"],"picked":"Conserve Battery+1","floor":18.0},{"not_picked":["Rebound","Undo+1"],"picked":"Go for the Eyes","floor":21.0},{"not_picked":["Compile Driver","Gash"],"picked":"Blizzard","floor":25.0},{"not_picked":["Doom and Gloom","Rebound"],"picked":"Cold Snap","floor":27.0},{"not_picked":["Echo Form","Sweeping Beam"],"picked":"Hologram","floor":29.0},{"not_picked":["Barrage","Cold Snap+1","Fission"],"picked":"SKIP","floor":31.0},{"not_picked":["Stack","Turbo+1"],"picked":"Melter+1","floor":35.0},{"not_picked":["FTL+1","Static Discharge","Barrage+1"],"picked":"SKIP","floor":37.0},{"not_picked":["Barrage","White Noise"],"picked":"Conserve Battery+1","floor":40.0},{"not_picked":["Chaos+1","Leap","Core Surge"],"picked":"SKIP","floor":42.0},{"not_picked":["Ball Lightning","Cold Snap+1"],"picked":"Stack+1","floor":44.0},{"not_picked":["Hello World+1","Force Field+1"],"picked":"Go for the Eyes+1","floor":47},{"not_picked":["Beam Cell","Hologram+1","FTL"],"picked":"SKIP","floor":48}],"player_experience":419514,"relics_obtained":[{"floor":7.0,"key":"Gambling Chip"},{"floor":9.0,"key":"Bottled Tornado"},{"floor":14.0,"key":"Vajra"},{"floor":25.0,"key":"The Courier"},{"floor":26.0,"key":"Bag of Preparation"},{"floor":29.0,"key":"MawBank"},{"floor":40.0,"key":"Pantograph"},{"floor":42.0,"key":"Toxic Egg 2"},{"floor":43.0,"key":"Pen Nib"}],"event_choices":[{"cards_removed":["Strike_B"],"damage_healed":0.0,"max_hp_gain":0.0,"max_hp_loss":0.0,"gold_gain":0.0,"event_name":"NoteForYourself","player_choice":"Took Card","floor":5.0,"gold_loss":0.0,"damage_taken":0.0,"cards_obtained":["Iron Wave"]},{"damage_healed":25.0,"max_hp_gain":0.0,"max_hp_loss":0.0,"gold_gain":0.0,"event_name":"Big Fish","player_choice":"Banana","floor":13.0,"gold_loss":0.0,"damage_taken":0.0},{"cards_removed":["Defend_B"],"damage_healed":0.0,"max_hp_gain":0.0,"max_hp_loss":0.0,"gold_gain":0.0,"event_name":"Beggar","player_choice":"Gave Gold","floor":19.0,"gold_loss":75.0,"damage_taken":0.0},{"damage_healed":0.0,"max_hp_gain":0.0,"max_hp_loss":0.0,"gold_gain":0.0,"event_name":"The Library","player_choice":"Read","floor":22.0,"gold_loss":0.0,"damage_taken":0.0,"cards_obtained":["Glacier"]},{"damage_healed":0.0,"max_hp_gain":0.0,"max_hp_loss":0.0,"gold_gain":0.0,"event_name":"Match and Keep!","player_choice":"2 cards matched","floor":28.0,"gold_loss":0.0,"damage_taken":0.0,"cards_obtained":["Zap","Dramatic Entrance"]},{"damage_healed":20.0,"max_hp_gain":0.0,"max_hp_loss":0.0,"gold_gain":0.0,"event_name":"Winding Halls","player_choice":"Writhe","floor":39.0,"gold_loss":0.0,"damage_taken":0.0,"cards_obtained":["Writhe"]},{"damage_healed":0.0,"max_hp_gain":0.0,"max_hp_loss":0.0,"gold_gain":0.0,"event_name":"Designer","player_choice":"Upgraded Two","floor":45.0,"gold_loss":40.0,"damage_taken":0.0,"cards_upgraded":["Cold Snap","Defend_B"]}],"is_beta":false,"boss_relics":[{"not_picked":["Lizard Tail","Philosopher\u0027s Stone"],"picked":"Inserter"},{"not_picked":["Calling Bell","Runic Pyramid"],"picked":"Coffee Dripper"}],"items_purged_floors":[8,12,20,36],"is_endless":false,"potions_floor_spawned":[4,10,14,18,25,29,40,42,44],"ascension_level":0}