{"gold_per_floor":[10,10,21,37,37,37,15,45,45,63,63],"floor_reached":11,"playtime":909,"items_purged":[],"score":77,"play_id":"f0b1c850-7ce2-4a25-871b-b8465920336b","local_time":"20180910175054","is_ascension_mode":true,"campfire_choices":[{"data":"Neutralize","floor":6,"key":"SMITH"}],"neow_cost":"NO_GOLD","seed_source_timestamp":197283296607483,"circlet_count":0,"master_deck":["Defend_G","Defend_G","Defend_G","Defend_G","Defend_G","Strike_G","Strike_G","Strike_G+1","Strike_G+1","Survivor","Neutralize+1","Malaise","Calculated Gamble","Sucker Punch","Catalyst","Blade Dance","Noxious Fumes","Masterful Stab"],"relics":["Ring of the Snake","StoneCalendar","The Courier"],"potions_floor_usage":[11],"damage_taken":[{"damage":1,"enemies":"2 Louse","floor":1,"turns":4},{"damage":1,"enemies":"Jaw Worm","floor":3,"turns":4},{"damage":0,"enemies":"Cultist","floor":4,"turns":4},{"damage":30,"enemies":"3 Sentries","floor":8,"turns":12},{"damage":8,"enemies":"2 Fungi Beasts","floor":10,"turns":4},{"damage":26,"enemies":"Gremlin Gang","floor":11,"turns":3}],"seed_played":"-1736435530182153530","potions_obtained":[{"floor":1,"key":"LiquidBronze"},{"floor":3,"key":"Weak Potion"}],"is_trial":false,"path_per_floor":["M","?","M","M","?","R","$","E","T","M"],"character_chosen":"THE_SILENT","items_purchased":["Blade Dance"],"campfire_rested":0,"item_purchase_floors":[7],"current_hp_per_floor":[69,55,54,54,54,54,54,24,24,16,0],"gold":63,"neow_bonus":"THREE_RARE_CARDS","is_prod":false,"is_daily":false,"chose_seed":false,"campfire_upgraded":1,"win_rate":0,"timestamp":1536627054,"path_taken":["M","?","M","M","?","R","$","E","T","M","M"],"build_version":"2018-09-06","purchased_purges":0,"victory":false,"max_hp_per_floor":[70,70,70,70,70,70,70,70,70,70,70],"card_choices":[{"not_picked":["Night Terror","Phantasmal Killer"],"picked":"Malaise","floor":0},{"not_picked":["Masterful Stab","Concentrate"],"picked":"Calculated Gamble","floor":1},{"not_picked":["Quick Slash","Prepared"],"picked":"Sucker Punch","floor":3},{"not_picked":["PiercingWail","Dagger Spray"],"picked":"Catalyst","floor":4},{"not_picked":["Prepared","PiercingWail"],"picked":"Noxious Fumes","floor":8},{"not_picked":["Prepared","Slice"],"picked":"Masterful Stab","floor":10}],"player_experience":389865,"relics_obtained":[{"floor":8,"key":"StoneCalendar"},{"floor":9,"key":"The Courier"}],"event_choices":[{"event_name":"Shining Light","player_choice":"Entered Light","floor":2,"damage_taken":0},{"event_name":"Purifier","player_choice":"One Purge","floor":5,"damage_taken":0}],"is_beta":false,"boss_relics":[],"items_purged_floors":[],"is_endless":false,"potions_floor_spawned":[1,3],"killed_by":"Gremlin Gang","ascension_level":1}