{"gold_per_floor":[115,125,50,50,4,4,4,25,25,48,67,87,87,112,112,243,243,259,283,198,98,98,98,129,145,145,145],"floor_reached":27,"playtime":510,"items_purged":["Defend_R","Defend_R"],"score":223,"play_id":"f88b20cb-b76c-4f1b-8f83-b923d8e6ea64","local_time":"20190418181435","is_ascension_mode":false,"campfire_choices":[{"data":"Flex","floor":7,"key":"SMITH"},{"data":"Heavy Blade","floor":13,"key":"SMITH"},{"data":"Cleave","floor":15,"key":"SMITH"},{"data":"Bash","floor":23,"key":"SMITH"}],"neow_cost":"NONE","seed_source_timestamp":667633796028868,"circlet_count":0,"master_deck":["Strike_R","Strike_R","Strike_R","Strike_R","Strike_R","Defend_R","Bash+1","Cleave+1","Heavy Blade+1","Flex+1","Whirlwind"],"relics":["Burning Blood","Golden Idol","Orichalcum","Blood Vial","Eternal Feather","Regal Pillow","Centennial Puzzle","Letter Opener"],"potions_floor_usage":[14,16,19,24,25],"damage_taken":[{"damage":6,"enemies":"Cultist","floor":1,"turns":3},{"damage":6,"enemies":"2 Louse","floor":2,"turns":2},{"damage":11,"enemies":"Jaw Worm","floor":8,"turns":2},{"damage":0,"enemies":"Lots of Slimes","floor":11,"turns":1},{"damage":15,"enemies":"Large Slime","floor":12,"turns":4},{"damage":0,"enemies":"Exordium Thugs","floor":14,"turns":2},{"damage":32,"enemies":"Hexaghost","floor":16,"turns":8},{"damage":20,"enemies":"Shell Parasite","floor":18,"turns":5},{"damage":18,"enemies":"2 Thieves","floor":19,"turns":3},{"damage":30,"enemies":"Gremlin Leader","floor":24,"turns":7},{"damage":33,"enemies":"Shelled Parasite and Fungi","floor":25,"turns":3},{"damage":12,"enemies":"3 Cultists","floor":27,"turns":2}],"seed_played":"1820635085657813799","potions_obtained":[{"floor":1,"key":"Weak Potion"},{"floor":11,"key":"Explosive Potion"},{"floor":12,"key":"SteroidPotion"},{"floor":16,"key":"Explosive Potion"},{"floor":24,"key":"Fire Potion"}],"is_trial":false,"path_per_floor":["M","M","$","?","$","?","R","M","T","T","M","M","R","M","R","B",null,"M","M","?","$","?","R","E","M","T","M"],"character_chosen":"IRONCLAD","items_purchased":["Flex"],"campfire_rested":0,"item_purchase_floors":[5],"current_hp_per_floor":[80,80,80,74,74,74,74,69,69,69,74,65,65,73,73,48,74,60,50,50,50,50,56,34,9,9,0],"gold":145,"neow_bonus":"TRANSFORM_CARD","is_prod":false,"is_daily":false,"chose_seed":false,"campfire_upgraded":4,"win_rate":0,"timestamp":1555604075,"path_taken":["M","M","$","?","$","?","R","M","T","?","M","M","R","?","R","BOSS","M","M","?","$","?","R","E","?","T","?"],"build_version":"2019-01-23","purchased_purges":2,"victory":false,"max_hp_per_floor":[80,80,80,74,74,74,74,74,74,74,74,74,74,74,74,74,74,74,74,74,74,74,74,74,74,74,74],"card_choices":[{"not_picked":["Dropkick","Cleave"],"picked":"Heavy Blade","floor":1},{"not_picked":["Seeing Red","Heavy Blade","Entrench"],"picked":"SKIP","floor":2},{"not_picked":["Sentinel","Thunderclap","Clash"],"picked":"SKIP","floor":8},{"not_picked":["Heavy Blade","Reaper","Wild Strike"],"picked":"SKIP","floor":11},{"not_picked":["Perfected Strike","Thunderclap","Clash"],"picked":"SKIP","floor":12},{"not_picked":["Carnage","Combust","Blood for Blood"],"picked":"SKIP","floor":14},{"not_picked":["Thunderclap","Clothesline","True Grit"],"picked":"SKIP","floor":18},{"not_picked":["Disarm","Warcry","Pommel Strike"],"picked":"SKIP","floor":19},{"not_picked":["Thunderclap","Dual Wield+1"],"picked":"Whirlwind","floor":24},{"not_picked":["Perfected Strike","Body Slam","Power Through"],"picked":"SKIP","floor":25}],"player_experience":125288,"relics_obtained":[{"floor":9,"key":"Orichalcum"},{"floor":10,"key":"Blood Vial"},{"floor":24,"key":"Centennial Puzzle"},{"floor":26,"key":"Letter Opener"}],"event_choices":[{"damage_healed":0,"gold_gain":0,"player_choice":"Lose Max HP","damage_taken":0,"relics_obtained":["Golden Idol"],"max_hp_gain":0,"max_hp_loss":6,"event_name":"Golden Idol","floor":4,"gold_loss":0},{"damage_healed":0,"gold_gain":0,"player_choice":"Leave","damage_taken":0,"max_hp_gain":0,"max_hp_loss":0,"event_name":"The Cleric","floor":6,"gold_loss":0},{"damage_healed":0,"gold_gain":0,"player_choice":"Obtained Relic","damage_taken":0,"relics_obtained":["Regal Pillow"],"max_hp_gain":0,"max_hp_loss":0,"event_name":"Addict","floor":20,"gold_loss":85},{"damage_healed":0,"gold_gain":0,"player_choice":"Ignored","damage_taken":0,"max_hp_gain":0,"max_hp_loss":0,"event_name":"Ghosts","floor":22,"gold_loss":0}],"is_beta":false,"boss_relics":[{"not_picked":["Runic Pyramid","Snecko Eye"],"picked":"Eternal Feather"}],"items_purged_floors":[3,21],"is_endless":false,"potions_floor_spawned":[1,11,12,16,24],"killed_by":"3 Cultists","ascension_level":0}