{"gold_per_floor":[109,120,140,140,159,159,186,186,186,186,218,218,273,285,285,364,364,377,26,26,26,44,44,71,71,71,71,99,99,126,51,51,125,125,139,139,149,63,79,112,130,163,237,264,280,300,300,311,311,311,311,311,311,56,81,81],"floor_reached":57,"playtime":6087,"items_purged":["Strike_R+1"],"score":2961,"play_id":"56440d46-b7d1-46f9-a2db-4bf76f182e94","local_time":"20190604163319","is_ascension_mode":true,"campfire_choices":[{"data":"Bash","floor":6,"key":"SMITH"},{"data":"Body Slam","floor":8,"key":"SMITH"},{"floor":10,"key":"REST"},{"data":"Pommel Strike","floor":12,"key":"SMITH"},{"data":"Perfected Strike","floor":15,"key":"SMITH"},{"floor":23,"key":"REST"},{"data":"Feel No Pain","floor":25,"key":"SMITH"},{"data":"Juggernaut","floor":27,"key":"SMITH"},{"data":"Feed","floor":32,"key":"SMITH"},{"floor":47,"key":"RECALL"},{"data":"Offering","floor":49,"key":"SMITH"},{"data":"Juggernaut","floor":53,"key":"SMITH"}],"neow_cost":"PERCENT_DAMAGE","seed_source_timestamp":59519447337600,"circlet_count":0,"master_deck":["AscendersBane","Strike_R+1","Defend_R+1","Defend_R+1","Defend_R+1","Defend_R+1","Bash+1","Pommel Strike","Body Slam+1","Pommel Strike+1","Rage","Double Tap","Feed+1","Cleave","Juggernaut+1","Armaments+1","Burning Pact+1","Corruption","Feel No Pain+1","Shockwave","Spot Weakness","Ghostly","Ghostly","Ghostly","Spot Weakness","Offering+1","Infernal Blade+1","Brutality+1","Exhume+1","Pommel Strike","Disarm","Inflame+1","Evolve","Juggernaut+1","Shrug It Off","Shrug It Off","Havoc+1","Impervious"],"relics":["Burning Blood","Bird Faced Urn","Pear","Prayer Wheel","Gremlin Horn","Bottled Flame","Tiny Chest","Mark of Pain","Self Forming Clay","Nilry\u0027s Codex","Bottled Tornado","Paper Frog","Champion Belt","Ornamental Fan","Astrolabe","Singing Bowl","Omamori","Mercury Hourglass","Pen Nib"],"potions_floor_usage":[10,11,16,42,56,56],"damage_taken":[{"damage":1,"enemies":"Cultist","floor":1,"turns":3},{"damage":9,"enemies":"Jaw Worm","floor":2,"turns":4},{"damage":6,"enemies":"2 Louse","floor":3,"turns":3},{"damage":16,"enemies":"Looter","floor":5,"turns":4},{"damage":32,"enemies":"Gremlin Nob","floor":7,"turns":4},{"damage":16,"enemies":"Lagavulin","floor":11,"turns":6},{"damage":22,"enemies":"3 Sentries","floor":13,"turns":7},{"damage":1,"enemies":"3 Louse","floor":14,"turns":3},{"damage":36,"enemies":"Slime Boss","floor":16,"turns":10},{"damage":23,"enemies":"2 Thieves","floor":18,"turns":3},{"damage":0,"enemies":"Spheric Guardian","floor":22,"turns":3},{"damage":45,"enemies":"Book of Stabbing","floor":24,"turns":5},{"damage":23,"enemies":"Slavers","floor":28,"turns":7},{"damage":11,"enemies":"Gremlin Leader","floor":30,"turns":6},{"damage":7,"enemies":"Automaton","floor":33,"turns":10},{"damage":10,"enemies":"3 Darklings","floor":35,"turns":5},{"damage":8,"enemies":"Orb Walker","floor":37,"turns":2},{"damage":42,"enemies":"Jaw Worm Horde","floor":39,"turns":4},{"damage":23,"enemies":"Giant Head","floor":40,"turns":6},{"damage":4,"enemies":"Spire Growth","floor":41,"turns":4},{"damage":10,"enemies":"Reptomancer","floor":42,"turns":5},{"damage":21,"enemies":"Giant Head","floor":44,"turns":7},{"damage":14,"enemies":"Maw","floor":45,"turns":6},{"damage":31,"enemies":"4 Shapes","floor":46,"turns":16},{"damage":12,"enemies":"Jaw Worm Horde","floor":48,"turns":6},{"damage":6,"enemies":"Donu and Deca","floor":50,"turns":5},{"damage":37,"enemies":"Awakened One","floor":51,"turns":12},{"damage":41,"enemies":"Shield and Spear","floor":55,"turns":6},{"damage":56,"enemies":"The Heart","floor":56,"turns":6}],"seed_played":"-3387290056162385421","potions_obtained":[{"floor":2,"key":"Fruit Juice"},{"floor":7,"key":"SteroidPotion"},{"floor":13,"key":"BloodPotion"},{"floor":16,"key":"SmokeBomb"},{"floor":22,"key":"Fire Potion"},{"floor":30,"key":"LiquidBronze"},{"floor":33,"key":"Regen Potion"},{"floor":41,"key":"Block Potion"},{"floor":45,"key":"Explosive Potion"},{"floor":46,"key":"BloodPotion"}],"is_trial":false,"path_per_floor":["M","M","M","?","M","R","E","R","T","R","E","R","E","M","R","B",null,"M","$","?","?","M","R","E","R","T","R","E","?","E","?","R","B",null,"M","?","M","$","M","E","M","E","T","E","M","M","R","M","R","B","B",null,"R","$","E","B",null],"character_chosen":"IRONCLAD","items_purchased":["Self Forming Clay","Corruption","Disarm","Impervious"],"campfire_rested":2,"item_purchase_floors":[19,19,38,54],"current_hp_per_floor":[55,52,52,51,41,41,15,15,15,47,37,37,21,29,29,8,72,58,58,58,37,50,79,46,46,46,46,43,43,49,49,49,59,59,63,60,64,64,29,24,40,66,66,77,83,93,93,105,105,112,95,111,111,111,99,75],"gold":81,"neow_bonus":"ONE_RARE_RELIC","is_prod":false,"is_daily":false,"chose_seed":false,"campfire_upgraded":9,"win_rate":0,"timestamp":1559680399,"path_taken":["M","M","?","?","M","R","E","R","T","R","E","R","E","M","R","BOSS","M","$","?","?","M","R","E","R","T","R","E","?","E","?","R","BOSS","M","?","M","$","M","E","M","E","T","E","M","M","R","M","R","BOSS","BOSS","R","$","E","BOSS"],"build_version":"2019-01-23","purchased_purges":1,"victory":true,"max_hp_per_floor":[75,75,75,85,85,85,85,85,85,90,90,90,90,93,93,93,93,96,96,96,96,99,99,99,99,99,99,105,52,55,55,55,59,59,63,60,64,64,64,66,72,76,76,82,88,98,98,108,108,112,116,116,116,116,126,126],"card_choices":[{"not_picked":["Twin Strike","Pummel"],"picked":"Pommel Strike","floor":2},{"not_picked":["True Grit","Clash"],"picked":"Body Slam","floor":3},{"not_picked":["Thunderclap","Wild Strike"],"picked":"Pommel Strike","floor":5},{"not_picked":["Bloodletting","Clash"],"picked":"Rage","floor":7},{"not_picked":["Sword Boomerang","Twin Strike"],"picked":"Double Tap","floor":11},{"not_picked":["Carnage","Flex"],"picked":"Feed","floor":13},{"not_picked":["Sword Boomerang","Flex"],"picked":"Perfected Strike","floor":14},{"not_picked":["Entrench","Blood for Blood"],"picked":"Cleave","floor":14},{"not_picked":["Bludgeon","Dark Embrace"],"picked":"Juggernaut","floor":16},{"not_picked":["Metallicize","Clash"],"picked":"Armaments+1","floor":18},{"not_picked":["Sword Boomerang","Warcry"],"picked":"Burning Pact+1","floor":18},{"not_picked":["Searing Blow","Twin Strike+1"],"picked":"Feel No Pain","floor":22},{"not_picked":["Demon Form","Headbutt"],"picked":"Shockwave","floor":22},{"not_picked":["Body Slam","Hemokinesis","Iron Wave"],"picked":"SKIP","floor":24},{"not_picked":["Pommel Strike","Body Slam"],"picked":"Spot Weakness","floor":28},{"not_picked":["Warcry","Cleave"],"picked":"Spot Weakness","floor":30},{"not_picked":["Juggernaut","Brutality"],"picked":"Offering","floor":33},{"not_picked":["Headbutt","Reckless Charge","Armaments"],"picked":"SKIP","floor":35},{"not_picked":["Rampage+1","True Grit","Reckless Charge"],"picked":"SKIP","floor":35},{"not_picked":["Perfected Strike","Bloodletting"],"picked":"Pommel Strike","floor":37},{"not_picked":["Sword Boomerang","Flex","Warcry"],"picked":"SKIP","floor":37},{"not_picked":["Headbutt+1","Fire Breathing"],"picked":"Inflame+1","floor":39},{"not_picked":["Body Slam+1","Havoc","Blood for Blood"],"picked":"SKIP","floor":39},{"not_picked":["Corruption","Cleave+1","Flex"],"picked":"Singing Bowl","floor":40},{"not_picked":["Headbutt","Cleave+1","Searing Blow+1"],"picked":"Singing Bowl","floor":41},{"not_picked":["Uppercut","Entrench"],"picked":"Evolve","floor":41},{"not_picked":["Power Through","Inflame"],"picked":"Juggernaut","floor":42},{"not_picked":["Inflame+1","Cleave","Armaments"],"picked":"Singing Bowl","floor":44},{"not_picked":["Seeing Red","Cleave"],"picked":"Shrug It Off","floor":45},{"not_picked":["Headbutt","Twin Strike","Iron Wave"],"picked":"Singing Bowl","floor":45},{"not_picked":["Warcry+1","Cleave+1"],"picked":"Shrug It Off","floor":46},{"not_picked":["Havoc","Pummel","Flex"],"picked":"Singing Bowl","floor":46},{"not_picked":["Uppercut","Anger"],"picked":"Havoc+1","floor":48},{"not_picked":["Havoc","True Grit","Thunderclap"],"picked":"Singing Bowl","floor":48},{"not_picked":["Bludgeon","Headbutt+1","Wild Strike"],"picked":"Singing Bowl","floor":55}],"player_experience":2063775,"relics_obtained":[{"floor":7,"key":"Prayer Wheel"},{"floor":9,"key":"Gremlin Horn"},{"floor":11,"key":"Bottled Flame"},{"floor":13,"key":"Tiny Chest"},{"floor":21,"key":"Nilry\u0027s Codex"},{"floor":24,"key":"Bottled Tornado"},{"floor":26,"key":"Paper Frog"},{"floor":28,"key":"Champion Belt"},{"floor":30,"key":"Ornamental Fan"},{"floor":40,"key":"Singing Bowl"},{"floor":42,"key":"Omamori"},{"floor":44,"key":"Mercury Hourglass"},{"floor":55,"key":"Pen Nib"}],"event_choices":[{"damage_healed":0,"gold_gain":0,"player_choice":"Success","damage_taken":11,"relics_obtained":["Pear"],"max_hp_gain":0,"max_hp_loss":0,"event_name":"Scrap Ooze","floor":4,"gold_loss":0},{"damage_healed":0,"gold_gain":0,"player_choice":"Simplicity","damage_taken":0,"max_hp_gain":0,"max_hp_loss":0,"event_name":"Back to Basics","floor":20,"gold_loss":0,"cards_upgraded":["Strike_R","Strike_R","Strike_R","Strike_R","Strike_R","Defend_R","Defend_R","Defend_R","Defend_R"]},{"damage_healed":0,"gold_gain":0,"player_choice":"Obtained Book","damage_taken":21,"max_hp_gain":0,"max_hp_loss":0,"event_name":"Cursed Tome","floor":21,"gold_loss":0},{"damage_healed":0,"gold_gain":0,"player_choice":"Became a Ghost","damage_taken":0,"max_hp_gain":0,"max_hp_loss":53,"event_name":"Ghosts","floor":29,"gold_loss":0,"cards_obtained":["Ghostly","Ghostly","Ghostly"]},{"cards_removed":["Strike_R"],"damage_healed":0,"gold_gain":0,"player_choice":"Gave Gold","damage_taken":0,"max_hp_gain":0,"max_hp_loss":0,"event_name":"Beggar","floor":31,"gold_loss":75},{"damage_healed":0,"gold_gain":0,"player_choice":"Max HP","damage_taken":0,"max_hp_gain":0,"max_hp_loss":3,"event_name":"Winding Halls","floor":36,"gold_loss":0}],"is_beta":false,"boss_relics":[{"not_picked":["Tiny House","Sozu"],"picked":"Mark of Pain"},{"not_picked":["Fusion Hammer","Black Blood"],"picked":"Astrolabe"}],"items_purged_floors":[54],"is_endless":false,"potions_floor_spawned":[2,7,13,16,22,30,33,35,41,45,46],"ascension_level":20}