{"gold_per_floor":[114,189,189,206,223,223,223,223,274,274,294,294,219,219,219,321,321,332,349,249,249,260,260,260,135,158,178,178,192,218,68,68,173,173,187,202,202,213,228,228,241,267,267,267,267,267,280,32,32,32],"floor_reached":51,"playtime":2599,"items_purged":["Defend_G","Strike_G","Defend_G","Defend_G","Strike_G+1"],"score":737,"play_id":"f5d42dee-a7bb-4f7f-ab38-744438b0c629","local_time":"20190602134051","is_ascension_mode":false,"campfire_choices":[{"data":"Deadly Poison","floor":6.0,"key":"SMITH"},{"data":"Neutralize","floor":8.0,"key":"SMITH"},{"data":"Survivor","floor":12.0,"key":"SMITH"},{"data":"Defend_G","floor":15.0,"key":"SMITH"},{"data":"Venomology","floor":23.0,"key":"SMITH"},{"data":"Strike_G","floor":28.0,"key":"SMITH"},{"floor":32.0,"key":"REST"},{"floor":40.0,"key":"REST"},{"floor":44.0,"key":"REST"},{"floor":49.0,"key":"REST"}],"neow_cost":"NONE","seed_source_timestamp":1495328143962609,"circlet_count":0,"master_deck":["Defend_G+1","Survivor+1","Neutralize+1","Deadly Poison+1","Venomology+1","Prepared+1","Deadly Poison+1","Catalyst","Catalyst+1"],"special_seed":0,"relics":["Ring of the Serpent"],"potions_floor_usage":[50,50,50,50],"damage_taken":[{"damage":0.0,"enemies":"Jaw Worm","floor":1.0,"turns":5.0},{"damage":0.0,"enemies":"Small Slimes","floor":4.0,"turns":3.0},{"damage":0.0,"enemies":"2 Louse","floor":5.0,"turns":3.0},{"damage":0.0,"enemies":"Lots of Slimes","floor":10.0,"turns":1.0},{"damage":0.0,"enemies":"Red Slaver","floor":11.0,"turns":4.0},{"damage":6.0,"enemies":"The Guardian","floor":16.0,"turns":11.0},{"damage":0.0,"enemies":"Chosen","floor":18.0,"turns":5.0},{"damage":2.0,"enemies":"Spheric Guardian","floor":19.0,"turns":6.0},{"damage":11.0,"enemies":"Snecko","floor":22.0,"turns":6.0},{"damage":3.0,"enemies":"Cultist and Chosen","floor":27.0,"turns":9.0},{"damage":9.0,"enemies":"Snake Plant","floor":29.0,"turns":5.0},{"damage":22.0,"enemies":"Slavers","floor":30.0,"turns":10.0},{"damage":43.0,"enemies":"Champ","floor":33.0,"turns":16.0},{"damage":9.0,"enemies":"3 Darklings","floor":35.0,"turns":9.0},{"damage":2.0,"enemies":"3 Shapes","floor":36.0,"turns":9.0},{"damage":14.0,"enemies":"Sphere and 2 Shapes","floor":38.0,"turns":5.0},{"damage":2.0,"enemies":"3 Darklings","floor":39.0,"turns":6.0},{"damage":16.0,"enemies":"4 Shapes","floor":41.0,"turns":5.0},{"damage":56.0,"enemies":"Reptomancer","floor":42.0,"turns":6.0},{"damage":10.0,"enemies":"Maw","floor":47.0,"turns":6.0},{"damage":44,"enemies":"Awakened One","floor":50,"turns":18}],"seed_played":"-1733205856378061717","potions_obtained":[{"floor":1.0,"key":"SmokeBomb"},{"floor":4.0,"key":"GamblersBrew"},{"floor":18.0,"key":"GhostInAJar"},{"floor":22.0,"key":"Fire Potion"},{"floor":30.0,"key":"SpeedPotion"},{"floor":39.0,"key":"Fire Potion"},{"floor":41.0,"key":"Dexterity Potion"},{"floor":47.0,"key":"SkillPotion"}],"is_trial":false,"path_per_floor":["M","?","?","M","M","R","?","R","T","M","M","R","$","?","R","B",null,"M","M","$","?","M","R","?","$","T","M","R","M","E","$","R","B",null,"M","M","$","M","M","R","M","E","T","R","?","?","M","$","R","B",null],"character_chosen":"THE_SILENT","items_purchased":["Regen Potion"],"campfire_rested":4,"item_purchase_floors":[48],"current_hp_per_floor":[77,66,59,59,59,59,64,64,64,64,64,64,64,64,64,58,82,82,80,80,64,68,68,68,68,68,80,80,71,49,49,75,32,87,78,76,76,62,60,86,70,14,14,40,40,32,22,22,48,19],"gold":32,"neow_bonus":"TEN_PERCENT_HP_BONUS","is_prod":false,"is_daily":false,"chose_seed":false,"campfire_upgraded":6,"win_rate":0,"timestamp":1559475651,"path_taken":["M","?","?","M","M","R","?","R","T","M","M","R","$","?","R","BOSS","M","M","$","?","M","R","?","$","T","M","R","?","E","?","R","BOSS","M","M","$","M","M","R","M","E","T","R","?","?","?","$","R","BOSS"],"build_version":"2019-01-23","purchased_purges":5,"victory":true,"max_hp_per_floor":[77,77,77,77,77,77,82,82,82,82,82,82,82,82,82,82,82,82,82,82,87,87,87,87,87,87,87,87,87,87,87,87,87,87,87,87,87,87,87,87,87,87,87,87,87,87,87,87,87,87],"card_choices":[{"not_picked":["Blur","Leg Sweep"],"picked":"Deadly Poison","floor":1.0},{"not_picked":["Acrobatics","Heel Hook","Riddle With Holes"],"picked":"SKIP","floor":4.0},{"not_picked":["Sucker Punch","Concentrate","Masterful Stab"],"picked":"SKIP","floor":5.0},{"not_picked":["Flying Knee","Dagger Throw","Concentrate"],"picked":"SKIP","floor":11.0},{"not_picked":["Malaise","After Image"],"picked":"Venomology","floor":16.0},{"not_picked":["Bane","Bouncing Flask","Riddle With Holes"],"picked":"SKIP","floor":18.0},{"not_picked":["Poisoned Stab","Flying Knee","Prepared"],"picked":"SKIP","floor":19.0},{"not_picked":["Flying Knee","Finisher","PiercingWail"],"picked":"SKIP","floor":22.0},{"not_picked":["Skewer","Expertise","Flying Knee"],"picked":"SKIP","floor":27.0},{"not_picked":["Tools of the Trade","Bane","Dagger Throw"],"picked":"SKIP","floor":29.0},{"not_picked":["Bouncing Flask","Well Laid Plans"],"picked":"Prepared+1","floor":30.0},{"not_picked":["Terror","Footwork+1","Backflip"],"picked":"SKIP","floor":35.0},{"not_picked":["Backflip+1","Sucker Punch"],"picked":"Deadly Poison+1","floor":36.0},{"not_picked":["Outmaneuver","Deflect+1","Accuracy+1"],"picked":"SKIP","floor":38.0},{"not_picked":["Eviscerate","Underhanded Strike+1","Outmaneuver+1"],"picked":"SKIP","floor":39.0},{"not_picked":["Accuracy","Infinite Blades","Flying Knee"],"picked":"SKIP","floor":41.0},{"not_picked":["Wraith Form v2","Dagger Spray+1"],"picked":"Catalyst","floor":42.0},{"not_picked":["Deadly Poison","Caltrops"],"picked":"Catalyst+1","floor":47.0}],"player_experience":223206,"relics_obtained":[],"event_choices":[{"damage_healed":0.0,"max_hp_gain":0.0,"max_hp_loss":0.0,"gold_gain":75.0,"event_name":"World of Goop","player_choice":"Gather Gold","floor":2.0,"gold_loss":0.0,"damage_taken":11.0},{"cards_removed":["Strike_G"],"damage_healed":0.0,"max_hp_gain":0.0,"max_hp_loss":0.0,"gold_gain":0.0,"event_name":"Golden Wing","player_choice":"Card Removal","floor":3.0,"gold_loss":0.0,"damage_taken":7.0},{"damage_healed":0.0,"max_hp_gain":5.0,"max_hp_loss":0.0,"gold_gain":0.0,"event_name":"Big Fish","player_choice":"Donut","floor":7.0,"gold_loss":0.0,"damage_taken":0.0},{"cards_removed":["Strike_G"],"damage_healed":0.0,"max_hp_gain":0.0,"max_hp_loss":0.0,"gold_gain":0.0,"event_name":"Living Wall","player_choice":"Forget","floor":14.0,"gold_loss":0.0,"damage_taken":0.0},{"damage_healed":0.0,"max_hp_gain":5.0,"max_hp_loss":0.0,"gold_gain":0.0,"event_name":"Forgotten Altar","player_choice":"Shed Blood","floor":21.0,"gold_loss":0.0,"damage_taken":21.0},{"cards_removed":["Strike_G"],"damage_healed":0.0,"max_hp_gain":0.0,"max_hp_loss":0.0,"gold_gain":0.0,"event_name":"Bonfire Elementals","player_choice":"Offered Basic","floor":24.0,"gold_loss":0.0,"damage_taken":0.0},{"cards_removed":["Defend_G"],"damage_healed":0.0,"max_hp_gain":0.0,"max_hp_loss":0.0,"gold_gain":0.0,"event_name":"Falling","player_choice":"Removed Skill","floor":45.0,"gold_loss":0.0,"damage_taken":0.0},{"damage_healed":0.0,"max_hp_gain":0.0,"max_hp_loss":0.0,"gold_gain":0.0,"event_name":"Wheel of Change","player_choice":"Damaged","floor":46.0,"gold_loss":0.0,"damage_taken":8.0}],"is_beta":false,"boss_relics":[{"not_picked":["Runic Dome","White Beast Statue","WristBlade"]},{"not_picked":["Tiny House","Sozu"],"picked":"Ring of the Serpent"}],"items_purged_floors":[13,20,25,31,48],"is_endless":false,"potions_floor_spawned":[1,4,10,18,22,29,30,39,41,47],"ascension_level":0}