{"gold_per_floor":[113,62,137,157,157,157,183,183,183,200,140,157,190,203,203,307,307,320,320,339,351,351,351,371,371,371,69,84,112,132,132],"floor_reached":31,"playtime":1716,"items_purged":["Strike_G","Defend_G"],"score":404,"play_id":"c8406972-e694-4f6b-aa80-87af6882d75d","local_time":"20190611172840","is_ascension_mode":true,"campfire_choices":[{"data":"Noxious Fumes","floor":6,"key":"SMITH"},{"data":"Neutralize","floor":8,"key":"SMITH"},{"floor":15,"key":"REST"},{"floor":23,"key":"REST"},{"floor":25,"key":"REST"}],"neow_cost":"NONE","seed_source_timestamp":2107772293533652,"circlet_count":0,"master_deck":["AscendersBane","Defend_G","Defend_G","Defend_G","Defend_G","Strike_G","Strike_G","Strike_G","Strike_G","Survivor","Neutralize+1","Dagger Throw","Backflip","Noxious Fumes+1","Caltrops","Dagger Spray","PiercingWail","After Image","Underhanded Strike","Tactician","Flying Knee+1","Setup","Apotheosis","Infinite Blades+1","Crippling Poison"],"relics":["Ring of the Snake","Lantern","The Courier","Bronze Scales","Regal Pillow","Black Star","Bag of Marbles","StoneCalendar","Potion Belt"],"potions_floor_usage":[7,13,13,16,20,21,22,27,31],"damage_taken":[{"damage":4,"enemies":"Jaw Worm","floor":1,"turns":5},{"damage":0,"enemies":"2 Louse","floor":4,"turns":3},{"damage":24,"enemies":"Lagavulin","floor":7,"turns":8},{"damage":0,"enemies":"Cultist","floor":10,"turns":3},{"damage":3,"enemies":"Exordium Wildlife","floor":12,"turns":5},{"damage":16,"enemies":"Gremlin Nob","floor":13,"turns":5},{"damage":1,"enemies":"Large Slime","floor":14,"turns":5},{"damage":4,"enemies":"Hexaghost","floor":16,"turns":8},{"damage":17,"enemies":"Spheric Guardian","floor":18,"turns":7},{"damage":5,"enemies":"Chosen","floor":20,"turns":7},{"damage":25,"enemies":"Centurion and Healer","floor":21,"turns":7},{"damage":11,"enemies":"Snake Plant","floor":22,"turns":4},{"damage":20,"enemies":"Cultist and Chosen","floor":24,"turns":6},{"damage":23,"enemies":"Shelled Parasite and Fungi","floor":28,"turns":9},{"damage":30,"enemies":"Book of Stabbing","floor":29,"turns":6},{"damage":5,"enemies":"Sentry and Sphere","floor":30,"turns":6},{"damage":11,"enemies":"Slavers","floor":31,"turns":1}],"seed_played":"-2543230284763984712","potions_obtained":[{"floor":4,"key":"GamblersBrew"},{"floor":10,"key":"LiquidBronze"},{"floor":12,"key":"SneckoOil"},{"floor":13,"key":"Strength Potion"},{"floor":18,"key":"SpeedPotion"},{"floor":19,"key":"SmokeBomb"},{"floor":19,"key":"Energy Potion"},{"floor":30,"key":"GamblersBrew"}],"is_trial":false,"path_per_floor":["M","$","?","M","?","R","E","R","T","M","$","M","E","M","R","B",null,"M","?","M","M","M","R","M","R","T","$","M","E","M","E"],"character_chosen":"THE_SILENT","items_purchased":["Backflip","Apotheosis","Fruit Juice"],"campfire_rested":3,"item_purchase_floors":[2,27,27],"current_hp_per_floor":[59,59,48,48,48,48,24,24,24,24,24,21,5,4,40,36,62,45,45,40,15,4,40,20,56,56,61,38,8,3,0],"gold":132,"neow_bonus":"RANDOM_COMMON_RELIC","is_prod":false,"is_daily":false,"chose_seed":false,"campfire_upgraded":2,"win_rate":0,"timestamp":1560284920,"path_taken":["M","$","?","M","?","R","E","R","T","M","$","?","E","M","R","BOSS","M","?","M","M","M","R","M","R","T","$","?","E","M","E"],"build_version":"2019-01-23","purchased_purges":2,"victory":false,"max_hp_per_floor":[70,70,70,70,70,70,70,70,70,70,70,70,70,70,70,70,70,70,70,70,70,70,70,70,70,70,75,75,75,75,75],"card_choices":[{"not_picked":["Bane","Blade Dance"],"picked":"Dagger Throw","floor":1},{"not_picked":["Dagger Spray","Predator"],"picked":"Noxious Fumes","floor":4},{"not_picked":["Skewer","Expertise"],"picked":"Caltrops","floor":7},{"not_picked":["Skewer","Backflip"],"picked":"Dagger Spray","floor":10},{"not_picked":["All Out Attack","Cloak And Dagger"],"picked":"PiercingWail","floor":12},{"not_picked":["Dagger Throw","Outmaneuver","Acrobatics"],"picked":"SKIP","floor":13},{"not_picked":["Slice","Heel Hook","Dagger Throw"],"picked":"SKIP","floor":14},{"not_picked":["Night Terror","A Thousand Cuts"],"picked":"After Image","floor":16},{"not_picked":["Slice","Dagger Throw+1"],"picked":"Underhanded Strike","floor":18},{"not_picked":["Accuracy","Quick Slash"],"picked":"Tactician","floor":20},{"not_picked":["Backflip","Acrobatics"],"picked":"Flying Knee+1","floor":21},{"not_picked":["Blur+1","Finisher"],"picked":"Setup","floor":24},{"not_picked":["Tactician+1","Poisoned Stab"],"picked":"Infinite Blades+1","floor":28},{"not_picked":["Heel Hook","Terror","PiercingWail"],"picked":"SKIP","floor":29},{"not_picked":["Dagger Spray","Poisoned Stab"],"picked":"Crippling Poison","floor":30}],"player_experience":988745,"relics_obtained":[{"floor":7,"key":"The Courier"},{"floor":9,"key":"Bronze Scales"},{"floor":13,"key":"Regal Pillow"},{"floor":26,"key":"Bag of Marbles"},{"floor":29,"key":"StoneCalendar"},{"floor":29,"key":"Potion Belt"}],"event_choices":[{"damage_healed":0,"gold_gain":75,"player_choice":"Gather Gold","damage_taken":11,"max_hp_gain":0,"max_hp_loss":0,"event_name":"World of Goop","floor":3,"gold_loss":0},{"damage_healed":0,"gold_gain":0,"player_choice":"Ignored","damage_taken":0,"max_hp_gain":0,"max_hp_loss":0,"event_name":"Liars Game","floor":5,"gold_loss":0},{"damage_healed":0,"gold_gain":0,"player_choice":"Got Potions","damage_taken":0,"max_hp_gain":0,"max_hp_loss":0,"event_name":"Lab","floor":19,"gold_loss":0}],"is_beta":false,"boss_relics":[{"not_picked":["Runic Pyramid","Runic Dome"],"picked":"Black Star"}],"items_purged_floors":[11,27],"is_endless":false,"potions_floor_spawned":[4,10,12,13,18,30],"killed_by":"Slavers","ascension_level":10}