{"gold_per_floor":[112,37,112,122,23,56,56,91,167,167,167,183,183,199,199,298,298,311,329,161,181,209,237,37,54,54,54,81,51,71,84,84,180,180,191,41,41,58,69,69,103,103,128,141,159,159,381,393,393,393],"floor_reached":51,"playtime":5268,"items_purged":["Strike_R","Strike_R","Strike_R","Strike_R"],"score":762,"play_id":"c02bcd7b-05f0-48b9-82fc-1a3ec17edfef","local_time":"20180902124930","is_ascension_mode":true,"campfire_choices":[{"data":"Armaments","floor":7.0,"key":"SMITH"},{"data":"Blood for Blood","floor":10.0,"key":"SMITH"},{"floor":13.0,"key":"REST"},{"data":"Shockwave","floor":15.0,"key":"SMITH"},{"data":"Hemokinesis","floor":27.0,"key":"SMITH"},{"data":"Heavy Blade","floor":32.0,"key":"SMITH"},{"data":"Double Tap","floor":40,"key":"SMITH"},{"data":"Carnage","floor":42,"key":"SMITH"},{"data":"Flex","floor":49,"key":"SMITH"}],"neow_cost":"TEN_PERCENT_HP_LOSS","seed_source_timestamp":0,"circlet_count":0,"master_deck":["Defend_R","Defend_R","Defend_R","Bash","Clothesline","Shockwave+1","Clash","Flex+1","Armaments+1","Pommel Strike","Blood for Blood+1","Cleave","Flex","Shrug It Off","Offering","Headbutt+1","Hemokinesis+1","Heavy Blade+1","Carnage+1","Intimidate","Rupture","Entrench+1","Shrug It Off+1","Double Tap+1","Clash+1","Shrug It Off+1","Rage+1","Flame Barrier+1"],"special_seed":0,"relics":["Burning Blood","Oddly Smooth Stone","Happy Flower","Bottled Flame","Charon\u0027s Ashes","Busted Crown","Red Mask","Magic Flower","Bird Faced Urn","Regal Pillow","Runic Pyramid","Blood Vial","Centennial Puzzle","The Courier"],"potions_floor_usage":[50,50,50],"damage_taken":[{"damage":3.0,"enemies":"Jaw Worm","floor":1.0,"turns":3.0},{"damage":4.0,"enemies":"Cultist","floor":4.0,"turns":3.0},{"damage":40.0,"enemies":"Gremlin Nob","floor":6.0,"turns":5.0},{"damage":10.0,"enemies":"Lagavulin","floor":8.0,"turns":4.0},{"damage":3.0,"enemies":"Small Slimes","floor":12.0,"turns":2.0},{"damage":1.0,"enemies":"Looter","floor":14.0,"turns":3.0},{"damage":12.0,"enemies":"The Guardian","floor":16.0,"turns":6.0},{"damage":10.0,"enemies":"Spheric Guardian","floor":18.0,"turns":3.0},{"damage":4.0,"enemies":"Chosen","floor":19.0,"turns":3.0},{"damage":8.0,"enemies":"Shelled Parasite and Fungi","floor":21.0,"turns":2.0},{"damage":2.0,"enemies":"Masked Bandits","floor":22.0,"turns":2.0},{"damage":16.0,"enemies":"Slavers","floor":23.0,"turns":3.0},{"damage":8.0,"enemies":"Snecko","floor":25.0,"turns":3.0},{"damage":19.0,"enemies":"Book of Stabbing","floor":28.0,"turns":4.0},{"damage":8.0,"enemies":"Cultist and Chosen","floor":30.0,"turns":3.0},{"damage":8.0,"enemies":"Snake Plant","floor":31.0,"turns":3.0},{"damage":42.0,"enemies":"Collector","floor":33.0,"turns":6.0},{"damage":15.0,"enemies":"3 Shapes","floor":35.0,"turns":3.0},{"damage":3.0,"enemies":"Orb Walker","floor":38.0,"turns":4.0},{"damage":7,"enemies":"3 Darklings","floor":39,"turns":7},{"damage":11,"enemies":"Giant Head","floor":41,"turns":8},{"damage":9,"enemies":"Transient","floor":44,"turns":5},{"damage":15,"enemies":"Maw","floor":45,"turns":7},{"damage":12,"enemies":"Sphere and 2 Shapes","floor":48,"turns":5},{"damage":11,"enemies":"Donu and Deca","floor":50,"turns":8}],"seed_played":"1688041979432165487","potions_obtained":[{"floor":1.0,"key":"Dexterity Potion"},{"floor":4.0,"key":"LiquidBronze"},{"floor":14.0,"key":"Strength Potion"},{"floor":19.0,"key":"LiquidBronze"},{"floor":22.0,"key":"GamblersBrew"},{"floor":28.0,"key":"PowerPotion"},{"floor":29.0,"key":"Strength Potion"},{"floor":29.0,"key":"Strength Potion"},{"floor":39,"key":"Weak Potion"},{"floor":41,"key":"PowerPotion"}],"is_trial":false,"path_per_floor":["M","$","?","M","$","E","R","E","T","R","?","M","R","M","R","B",null,"M","M","$","M","?","E","$","M","T","R","E","?","M","M","R","B",null,"M","$","?","M","M","R","E","R","T","M","M","T","?","M","R","B"],"character_chosen":"IRONCLAD","items_purchased":["Armaments","Pommel Strike","Hemokinesis","Rupture"],"campfire_rested":1,"item_purchase_floors":[5,5,20,24],"current_hp_per_floor":[72,72,65,67,67,33,33,29,29,29,26,29,50,55,55,49,72,68,70,70,68,72,62,62,63,63,63,56,56,57,61,61,34,72,66,66,66,72,72,72,72,72,72,72,66,66,66,69,69,72],"gold":393,"neow_bonus":"TRANSFORM_TWO_CARDS","is_prod":false,"is_daily":false,"chose_seed":false,"campfire_upgraded":8,"win_rate":0,"timestamp":1535917770,"path_taken":["M","$","?","M","$","E","R","E","T","R","?","M","R","M","R","BOSS","M","M","$","M","?","E","?","?","T","R","E","?","?","M","R","BOSS","M","$","?","?","M","R","E","R","T","M","M","?","?","M","R","BOSS"],"build_version":"2018-08-30","purchased_purges":4,"victory":true,"max_hp_per_floor":[72,72,72,72,72,72,72,72,72,72,72,72,72,72,72,72,72,72,72,72,72,72,72,72,72,72,72,72,72,72,72,72,72,72,72,72,72,72,72,72,72,72,72,72,72,72,72,72,72,72],"card_choices":[{"not_picked":["Dual Wield","Sentinel"],"picked":"Clash","floor":1.0},{"not_picked":["Sever Soul","Body Slam"],"picked":"Flex","floor":4.0},{"not_picked":["Evolve","Sword Boomerang"],"picked":"Blood for Blood","floor":6.0},{"not_picked":["Clash","Blood for Blood"],"picked":"Cleave","floor":8.0},{"not_picked":["Twin Strike","Shrug It Off"],"picked":"Flex","floor":12.0},{"not_picked":["Entrench","Wild Strike"],"picked":"Shrug It Off","floor":14.0},{"not_picked":["Exhume","Feed"],"picked":"Offering","floor":16.0},{"not_picked":[],"picked":"Headbutt+1","floor":18.0},{"not_picked":["Second Wind"],"picked":"SKIP","floor":19.0},{"not_picked":[],"picked":"Heavy Blade","floor":21.0},{"not_picked":[],"picked":"Carnage","floor":22.0},{"not_picked":[],"picked":"Intimidate","floor":23.0},{"not_picked":["Thunderclap"],"picked":"SKIP","floor":25.0},{"not_picked":[],"picked":"Entrench+1","floor":28.0},{"not_picked":["Reckless Charge"],"picked":"SKIP","floor":30.0},{"not_picked":[],"picked":"Shrug It Off+1","floor":31.0},{"not_picked":[],"picked":"Double Tap","floor":33.0},{"not_picked":[],"picked":"Clash+1","floor":35.0},{"not_picked":[],"picked":"Rage+1","floor":38.0},{"not_picked":[],"picked":"Flame Barrier+1","floor":39},{"not_picked":["Evolve+1"],"picked":"SKIP","floor":41},{"not_picked":["Armaments"],"picked":"SKIP","floor":44},{"not_picked":["Sever Soul"],"picked":"SKIP","floor":45},{"not_picked":["Thunderclap+1"],"picked":"SKIP","floor":48}],"player_experience":369480,"relics_obtained":[{"floor":6.0,"key":"Oddly Smooth Stone"},{"floor":8.0,"key":"Happy Flower"},{"floor":9.0,"key":"Bottled Flame"},{"floor":22.0,"key":"Red Mask"},{"floor":23.0,"key":"Magic Flower"},{"floor":26.0,"key":"Bird Faced Urn"},{"floor":28.0,"key":"Regal Pillow"},{"floor":41,"key":"Blood Vial"},{"floor":43,"key":"Centennial Puzzle"},{"floor":46,"key":"The Courier"}],"event_choices":[{"event_name":"FaceTrader","player_choice":"Touch","floor":3.0,"damage_taken":0.0},{"event_name":"Scrap Ooze","player_choice":"success","floor":11.0,"damage_taken":3.0},{"event_name":"Masked Bandits","player_choice":"Fought Bandits","floor":22.0,"damage_taken":0.0},{"event_name":"The Woman in Blue","player_choice":"Bought 2 Potions","floor":29.0,"damage_taken":0.0},{"event_name":"Duplicator","player_choice":"One dupe","floor":37.0,"damage_taken":0.0},{"event_name":"Tomb of Lord Red Mask","player_choice":"Wore Mask","floor":47,"damage_taken":0}],"is_beta":false,"boss_relics":[{"not_picked":["Calling Bell","Black Blood"],"picked":"Busted Crown"},{"not_picked":["Empty Cage","White Beast Statue"],"picked":"Runic Pyramid"}],"items_purged_floors":[2,20,24,36],"is_endless":false,"potions_floor_spawned":[1,4,14,19,22,28,30,39,41,45,48],"ascension_level":1}