{"path_per_floor":["M","$","?","M","T","R","E","R","T","M","$","?","R","E","R","B",null,"M","M","?","$","M","R","E","?","T","?","?","?","R","M","R"],"character_chosen":"THE_SILENT","items_purchased":["Shuriken"],"gold_per_floor":[111,36,36,50,77,77,111,111,111,127,27,27,27,58,58,183,183,197,212,262,13,36,36,70,70,70,70,100,15,15,35,35],"floor_reached":33,"campfire_rested":5,"playtime":2518,"current_hp_per_floor":[77,77,58,58,58,58,26,49,49,49,49,49,72,66,66,18,77,72,68,68,68,37,60,11,11,11,16,16,16,39,24,47],"items_purged":["Strike_G","Strike_G"],"gold":35,"score":282,"play_id":"ccf6ad36-8bc3-4b66-8975-82f9342d0d93","is_prod":false,"is_daily":false,"is_ascension_mode":true,"campfire_upgraded":2,"path_taken":["M","$","?","M","?","R","E","R","T","M","$","?","R","E","R","BOSS","M","M","?","$","M","R","E","?","T","?","?","?","R","M","R","BOSS"],"build_version":"2018-02-15-PROD1","purchased_purges":2,"victory":false,"master_deck":["Defend_G+1","Defend_G+1","Defend_G+1","Defend_G+1","Defend_G+1","Survivor","Neutralize+1","Riddle With Holes","Dagger Throw","Backstab","Endless Agony+1","Grand Finale","Well Laid Plans+1","Poisoned Stab+1","Outmaneuver+1","Deadly Poison","Distraction","Prepared","Noxious Fumes","Writhe","Outmaneuver"],"max_hp_per_floor":[77,77,77,77,77,77,77,77,77,77,77,77,77,77,77,77,77,77,77,77,77,77,77,77,77,77,77,77,77,77,77,77],"relics":["Ring of the Snake","Golden Idol","Snake Skull","Tough Bandages","Juzu Bracelet","Happy Flower","Astrolabe","Shuriken","Girya","Oddly Smooth Stone","Tiny Chest","Ornamental Fan"],"card_choices":[{"not_picked":["Malaise","Endless Agony"],"picked":"Riddle With Holes"},{"not_picked":["Underhanded Strike","Acrobatics"],"picked":"Dagger Throw"},{"not_picked":["Riddle With Holes","Dodge and Roll"],"picked":"Backstab"},{"not_picked":["Expertise","Accuracy"],"picked":"Endless Agony"},{"not_picked":["Backflip","Quick Slash"],"picked":"Outmaneuver"},{"not_picked":["Phantasmal Killer","Bullet Time"],"picked":"Grand Finale"},{"not_picked":["Deflect","Calculated Gamble"],"picked":"Deadly Poison"},{"not_picked":["Underhanded Strike","Bane"],"picked":"Distraction"},{"not_picked":["Glass Knife","Cloak And Dagger"],"picked":"Prepared"},{"not_picked":["Heel Hook","Outmaneuver"],"picked":"Noxious Fumes"},{"not_picked":["Acrobatics","Dodge and Roll"],"picked":"Outmaneuver"}],"player_experience":153668,"potions_floor_usage":[7,31],"damage_taken":[{"damage":0,"enemies":"Small Slimes","floor":1,"turns":5},{"damage":0,"enemies":"2 Louse","floor":4,"turns":3},{"damage":44,"enemies":"Gremlin Nob","floor":7,"turns":5},{"damage":0,"enemies":"Jaw Worm","floor":10,"turns":3},{"damage":6,"enemies":"3 Sentries","floor":14,"turns":10},{"damage":48,"enemies":"The Guardian","floor":16,"turns":19},{"damage":5,"enemies":"Shell Parasite","floor":18,"turns":7},{"damage":4,"enemies":"3 Byrds","floor":19,"turns":8},{"damage":31,"enemies":"3 Cultists","floor":22,"turns":6},{"damage":49,"enemies":"Book of Stabbing","floor":24,"turns":8},{"damage":15,"enemies":"Chosen and Byrds","floor":31,"turns":6},{"damage":68,"enemies":"Collector","floor":33,"turns":7}],"event_choices":[{"event_name":"Golden Idol","player_choice":"Take Damage","floor":3,"damage_taken":0},{"event_name":"The Cleric","player_choice":"Leave","floor":12,"damage_taken":0},{"event_name":"The Joust","player_choice":"Bet on Murderer","floor":20,"damage_taken":0},{"event_name":"Back to Basics","player_choice":"Simplicity","floor":25,"damage_taken":0},{"event_name":"Bonfire Elementals","player_choice":"COMMON","floor":27,"damage_taken":0},{"event_name":"The Mausoleum","player_choice":"Yes","floor":28,"damage_taken":0},{"event_name":"Addict","player_choice":"Obtained Relic","floor":29,"damage_taken":0}],"boss_relics":[{"not_picked":["Sozu","Orrery"],"picked":"Astrolabe"}],"potions_floor_spawned":[1,14,16,24,31],"seed_played":"4742832591435442709","killed_by":"Collector","ascension_level":1,"is_trial":false}