{"gold_per_floor":[119,119,119,138,154,154,168,30,30,69,84,84,109,132,132,255,255,270,39,39,30,55,95,95,120,120,120,140,173,173,192,192,321,321,345,359,374,28,46,46,46,171,171,192,212,60,6,39,39,39],"floor_reached":51,"playtime":9916,"items_purged":["Masterful Stab+1","Strike_G"],"score":810,"play_id":"0f9b9bf7-b5ef-4f68-a3cd-85c2d23dc1c2","local_time":"20181117000356","is_ascension_mode":true,"campfire_choices":[{"data":"Noxious Fumes","floor":6.0,"key":"SMITH"},{"data":"Footwork","floor":12.0,"key":"SMITH"},{"data":"Footwork","floor":15.0,"key":"SMITH"},{"floor":24.0,"key":"REST"},{"floor":27.0,"key":"REST"},{"floor":30.0,"key":"REST"},{"floor":32.0,"key":"REST"},{"data":"Envenom","floor":40,"key":"SMITH"},{"floor":49,"key":"REST"}],"neow_cost":"NONE","seed_source_timestamp":0,"circlet_count":0,"master_deck":["Defend_G","Defend_G","Defend_G","Defend_G","Defend_G","Strike_G","Strike_G","Strike_G","Strike_G","Survivor","Neutralize","Deflect","Escape Plan","Neutralize","Backflip","Noxious Fumes+1","PiercingWail","Footwork+1","Escape Plan","Infinite Blades","Blur+1","Footwork+1","Phantasmal Killer+1","Expertise+1","Escape Plan+1","Accuracy","Slice","Accuracy","Backflip+1","Infinite Blades+1","Prepared+1","Envenom+1","Catalyst+1","Well Laid Plans","Backflip+1","PiercingWail+1","Blur+1"],"special_seed":0,"relics":["Ring of the Snake","NeowsBlessing","Golden Idol","Shuriken","Toxic Egg 2","Black Star","Lantern","Darkstone Periapt","Ornamental Fan","StoneCalendar","Letter Opener","Sundial","Lee\u0027s Waffle","Bottled Lightning","Tingsha","Potion Belt","The Courier","Oddly Smooth Stone","Strawberry"],"potions_floor_usage":[37,48,48,48,50],"damage_taken":[{"damage":0.0,"enemies":"2 Louse","floor":1.0,"turns":1.0},{"damage":0.0,"enemies":"Jaw Worm","floor":4.0,"turns":1.0},{"damage":0.0,"enemies":"Cultist","floor":5.0,"turns":1.0},{"damage":0.0,"enemies":"Red Slaver","floor":7.0,"turns":5.0},{"damage":0.0,"enemies":"Lagavulin","floor":10.0,"turns":8.0},{"damage":0.0,"enemies":"2 Fungi Beasts","floor":11.0,"turns":4.0},{"damage":0.0,"enemies":"Looter","floor":13.0,"turns":4.0},{"damage":6.0,"enemies":"Gremlin Gang","floor":14.0,"turns":5.0},{"damage":0.0,"enemies":"Hexaghost","floor":16.0,"turns":10.0},{"damage":0.0,"enemies":"Shell Parasite","floor":18.0,"turns":8.0},{"damage":5.0,"enemies":"2 Thieves","floor":21.0,"turns":5.0},{"damage":9.0,"enemies":"Snake Plant","floor":22.0,"turns":6.0},{"damage":31.0,"enemies":"Gremlin Leader","floor":23.0,"turns":10.0},{"damage":14.0,"enemies":"Chosen and Byrds","floor":25.0,"turns":7.0},{"damage":17.0,"enemies":"Shelled Parasite and Fungi","floor":28.0,"turns":7.0},{"damage":14.0,"enemies":"Book of Stabbing","floor":29.0,"turns":7.0},{"damage":9.0,"enemies":"Snecko","floor":31.0,"turns":7.0},{"damage":43.0,"enemies":"Collector","floor":33.0,"turns":10.0},{"damage":37,"enemies":"3 Darklings","floor":35,"turns":6},{"damage":6,"enemies":"3 Shapes","floor":36,"turns":6},{"damage":21,"enemies":"3 Darklings","floor":37,"turns":6},{"damage":0,"enemies":"4 Shapes","floor":39,"turns":7},{"damage":3,"enemies":"Mind Bloom Boss Battle","floor":42,"turns":8},{"damage":0,"enemies":"Maw","floor":44,"turns":7},{"damage":23,"enemies":"Sphere and 2 Shapes","floor":45,"turns":7},{"damage":43,"enemies":"Reptomancer","floor":48,"turns":9},{"damage":38,"enemies":"Awakened One","floor":50,"turns":14}],"seed_played":"7366410149225819606","potions_obtained":[{"floor":7.0,"key":"SkillPotion"},{"floor":11.0,"key":"EssenceOfSteel"},{"floor":13.0,"key":"SneckoOil"},{"floor":14.0,"key":"Weak Potion"},{"floor":21.0,"key":"SteroidPotion"},{"floor":23.0,"key":"Weak Potion"},{"floor":29.0,"key":"GhostInAJar"},{"floor":31.0,"key":"SteroidPotion"},{"floor":44,"key":"Strength Potion"},{"floor":45,"key":"SpeedPotion"},{"floor":48,"key":"SkillPotion"}],"is_trial":false,"path_per_floor":["M","?","?","M","M","R","M","$","T","E","M","R","M","M","R","B",null,"M","$","?","M","M","E","R","M","T","R","M","E","R","M","R","B",null,"M","M","M","$","M","R","T","?","T","M","M","$","?","E","R","B",null],"character_chosen":"THE_SILENT","items_purchased":["Footwork","Escape Plan","Escape Plan+1","Lantern","Lee\u0027s Waffle","Well Laid Plans","Strength Potion"],"campfire_rested":5,"item_purchase_floors":[8,8,19,19,38,38,46],"current_hp_per_floor":[70,53,53,53,53,53,53,53,53,53,53,53,53,47,47,47,70,70,70,70,65,56,25,46,32,32,53,36,22,43,34,55,12,70,33,27,6,77,77,77,77,74,74,74,51,51,51,15,40,2],"gold":39,"neow_bonus":"THREE_ENEMY_KILL","is_prod":false,"is_daily":false,"chose_seed":false,"campfire_upgraded":4,"win_rate":0,"timestamp":1542441836,"path_taken":["M","?","?","M","M","R","M","$","T","E","?","R","M","M","R","BOSS","M","$","?","M","M","E","R","M","T","R","M","E","R","M","R","BOSS","M","M","M","$","M","R","?","?","T","M","M","$","?","E","R","BOSS"],"build_version":"2018-11-15","purchased_purges":2,"victory":true,"max_hp_per_floor":[70,70,70,70,70,70,70,70,70,70,70,70,70,70,70,70,70,70,70,70,70,70,70,70,70,70,70,70,70,70,70,70,70,70,70,70,70,77,77,77,77,77,77,77,77,77,77,84,84,84],"card_choices":[{"not_picked":["Dagger Throw","Acrobatics"],"picked":"Deflect","floor":1.0},{"not_picked":["Underhanded Strike","Backstab"],"picked":"Backflip","floor":4.0},{"not_picked":["Cloak And Dagger","Choke"],"picked":"Noxious Fumes","floor":5.0},{"not_picked":["Prepared","Outmaneuver"],"picked":"PiercingWail","floor":7.0},{"not_picked":["Terror","Unload"],"picked":"Masterful Stab","floor":10.0},{"not_picked":["Flying Knee","Poisoned Stab"],"picked":"Infinite Blades","floor":11.0},{"not_picked":["Infinite Blades","Skewer"],"picked":"Blur+1","floor":13.0},{"not_picked":["Deadly Poison+1","Underhanded Strike"],"picked":"Footwork","floor":14.0},{"not_picked":["Doppelganger+1","Night Terror+1"],"picked":"Phantasmal Killer+1","floor":16.0},{"not_picked":["Backstab+1","Dagger Spray"],"picked":"Expertise+1","floor":18.0},{"not_picked":["Reflex+1","Caltrops","Leg Sweep+1"],"picked":"SKIP","floor":21.0},{"not_picked":["Deadly Poison+1","Bouncing Flask+1"],"picked":"Accuracy","floor":22.0},{"not_picked":["Die Die Die","Deflect+1"],"picked":"Slice","floor":23.0},{"not_picked":["Outmaneuver+1","Distraction+1"],"picked":"Accuracy","floor":25.0},{"not_picked":["Flechettes","Sucker Punch"],"picked":"Backflip+1","floor":28.0},{"not_picked":["Flying Knee","Grand Finale"],"picked":"Infinite Blades+1","floor":29.0},{"not_picked":["Setup+1","Dodge and Roll+1"],"picked":"Prepared+1","floor":31.0},{"not_picked":["Tools of the Trade","Unload"],"picked":"Envenom","floor":33.0},{"not_picked":["Masterful Stab","Bane","Concentrate+1"],"picked":"SKIP","floor":35},{"not_picked":["Prepared+1","Acrobatics+1","Choke+1"],"picked":"SKIP","floor":36},{"not_picked":["Reflex+1","Escape Plan+1"],"picked":"Catalyst+1","floor":37},{"not_picked":["Riddle With Holes","Expertise+1","Deadly Poison+1"],"picked":"SKIP","floor":39},{"not_picked":["Riddle With Holes","Expertise+1","Deadly Poison+1"],"picked":"SKIP","floor":39},{"not_picked":["Predator+1","Flying Knee+1"],"picked":"Backflip+1","floor":42},{"not_picked":["Bane+1","Dagger Throw+1","Expertise+1"],"picked":"SKIP","floor":44},{"not_picked":["Concentrate+1","Quick Slash+1"],"picked":"PiercingWail+1","floor":45},{"not_picked":["Blade Dance+1","Expertise+1"],"picked":"Blur+1","floor":48}],"player_experience":402347,"relics_obtained":[{"floor":9.0,"key":"Shuriken"},{"floor":10.0,"key":"Toxic Egg 2"},{"floor":23.0,"key":"Darkstone Periapt"},{"floor":23.0,"key":"Ornamental Fan"},{"floor":26.0,"key":"StoneCalendar"},{"floor":29.0,"key":"Letter Opener"},{"floor":29.0,"key":"Sundial"},{"floor":41,"key":"Bottled Lightning"},{"floor":42,"key":"Tingsha"},{"floor":43,"key":"Potion Belt"},{"floor":48,"key":"Oddly Smooth Stone"},{"floor":48,"key":"Strawberry"}],"event_choices":[{"damage_healed":0.0,"max_hp_gain":0.0,"max_hp_loss":0.0,"gold_gain":0.0,"event_name":"Golden Idol","player_choice":"Take Damage","floor":2.0,"gold_loss":0.0,"damage_taken":17.0,"relics_obtained":["Golden Idol"]},{"damage_healed":0.0,"max_hp_gain":0.0,"max_hp_loss":0.0,"gold_gain":0.0,"event_name":"Match and Keep!","player_choice":"2 cards matched","floor":3.0,"gold_loss":0.0,"damage_taken":0.0,"cards_obtained":["Escape Plan","Neutralize"]},{"damage_healed":0.0,"max_hp_gain":0.0,"max_hp_loss":0.0,"gold_gain":0.0,"event_name":"Accursed Blacksmith","player_choice":"Forge","floor":20.0,"gold_loss":0.0,"damage_taken":0.0,"cards_upgraded":["Masterful Stab"]},{"damage_healed":0,"gold_gain":0,"player_choice":"Fight","damage_taken":0,"max_hp_gain":0,"max_hp_loss":0,"event_name":"MindBloom","floor":42,"gold_loss":0},{"damage_healed":0,"gold_gain":0,"player_choice":"Paid Gold","damage_taken":0,"relics_obtained":["The Courier"],"max_hp_gain":0,"max_hp_loss":0,"event_name":"WeMeetAgain","floor":47,"gold_loss":54}],"is_beta":false,"boss_relics":[{"not_picked":["Pandora\u0027s Box","Empty Cage"],"picked":"Black Star"},{"not_picked":["Runic Dome","Coffee Dripper","Velvet Choker"]}],"items_purged_floors":[38,46],"is_endless":false,"potions_floor_spawned":[7,11,13,14,21,23,29,31,44,45,48],"ascension_level":1}