{"gold_per_floor":[138,138,186,243,243,336,336,429,506,171,222,272,365,413,413,413],"floor_reached":16,"playtime":681,"items_purged":[],"score":195,"play_id":"8a6a6192-9233-4404-bac5-d092cab98176","local_time":"20190330092442","daily_mods":["Allstar","Green Cards","Blue Cards","Colorless Cards","Heirloom","Time Dilation","Flight","DeadlyEvents","Binary","Cursed Run","Elite Swarm","Lethality","Midas","Night Terrors","Terminal","Uncertain Future","Binary"],"is_ascension_mode":false,"campfire_choices":[{"floor":7,"key":"REST"},{"floor":15,"key":"REST"}],"neow_cost":"","seed_source_timestamp":894339775040766,"circlet_count":0,"master_deck":["Demon Form","Wraith Form v2","Echo Form","Strike_R","Strike_R","Strike_R","Strike_R","Strike_R","Defend_R","Defend_R","Defend_R","Defend_R","Bash","Apotheosis","Violence","Enlightenment","Deep Breath","Metamorphosis","Clumsy","Predator","Dark Shackles","HandOfGreed","Deadly Poison","Master of Strategy","Slice"],"relics":["Cursed Key","Darkstone Periapt","Du-Vu Doll","Busted Crown","Mango","Pocketwatch","Blood Vial","Question Card","Smiling Mask"],"potions_floor_usage":[16,16],"damage_taken":[{"damage":4,"enemies":"Jaw Worm","floor":1,"turns":3},{"damage":0,"enemies":"Small Slimes","floor":3,"turns":3},{"damage":0,"enemies":"2 Louse","floor":4,"turns":1},{"damage":0,"enemies":"Lagavulin","floor":6,"turns":4},{"damage":0,"enemies":"3 Sentries","floor":8,"turns":3},{"damage":0,"enemies":"Large Slime","floor":12,"turns":3},{"damage":0,"enemies":"Lagavulin","floor":13,"turns":2},{"damage":11,"enemies":"Red Slaver","floor":14,"turns":2},{"damage":1,"enemies":"The Guardian","floor":16,"turns":4}],"seed_played":"6389837420285905117","potions_obtained":[{"floor":1,"key":"EssenceOfSteel"},{"floor":4,"key":"Poison Potion"},{"floor":13,"key":"FairyPotion"}],"is_trial":true,"path_per_floor":["M","?","M","M","?","E","R","E","T","$","?","M","E","M","R","B"],"character_chosen":"IRONCLAD","items_purchased":["Predator","Dark Shackles","HandOfGreed"],"campfire_rested":2,"item_purchase_floors":[10,10,10],"current_hp_per_floor":[10,10,10,10,9,8,2,1,6,5,4,3,2,1,1,0],"gold":413,"neow_bonus":"","is_prod":false,"is_daily":false,"chose_seed":false,"campfire_upgraded":0,"win_rate":0,"timestamp":1553963082,"path_taken":["M","?","M","M","?","E","R","E","T","$","?","M","E","M","R","BOSS"],"build_version":"2019-01-23","purchased_purges":0,"victory":false,"max_hp_per_floor":[13,12,11,10,9,8,2,1,6,5,4,3,2,1,1,1],"card_choices":[{"not_picked":[],"picked":"Deadly Poison","floor":12},{"not_picked":[],"picked":"Master of Strategy","floor":13},{"not_picked":[],"picked":"Slice","floor":14}],"player_experience":658357,"relics_obtained":[{"floor":6,"key":"Pocketwatch"},{"floor":8,"key":"Blood Vial"},{"floor":9,"key":"Question Card"},{"floor":13,"key":"Smiling Mask"}],"event_choices":[{"damage_healed":0,"gold_gain":0,"player_choice":"Ignored","damage_taken":0,"max_hp_gain":0,"max_hp_loss":0,"event_name":"Liars Game","floor":2,"gold_loss":0},{"damage_healed":0,"gold_gain":0,"player_choice":"Ignored","damage_taken":0,"max_hp_gain":0,"max_hp_loss":0,"event_name":"Shining Light","floor":5,"gold_loss":0},{"damage_healed":0,"gold_gain":51,"player_choice":"Gained Gold","damage_taken":0,"max_hp_gain":0,"max_hp_loss":0,"event_name":"Golden Wing","floor":11,"gold_loss":0}],"is_beta":false,"boss_relics":[],"items_purged_floors":[],"is_endless":false,"potions_floor_spawned":[1,4,13],"killed_by":"The Guardian","ascension_level":0}