{"gold_per_floor":[109,79,94,104,118,149,149,169,169,183,183,183,210,229,229,302,302,315,328,328,328,342,370,370,125,177,203,216,24,24,24],"floor_reached":31,"playtime":6270,"items_purged":["Strike_B"],"score":574,"play_id":"36b326b5-1937-47be-a3f4-fa702fb869c8","local_time":"20190622130133","is_ascension_mode":true,"campfire_choices":[{"floor":7.0,"key":"REST"},{"floor":11.0,"key":"REST"},{"data":"Capacitor","floor":15.0,"key":"SMITH"}],"neow_cost":"PERCENT_DAMAGE","seed_source_timestamp":0,"circlet_count":0,"master_deck":["AscendersBane","Strike_B","Defend_B","Defend_B","Defend_B","Defend_B","Zap","Dualcast","Genetic Algorithm","Gash","Loop","Cold Snap","Rainbow","Genetic Algorithm","Glacier","Capacitor+1","Consume","Echo Form","Ball Lightning","Ghostly","Ghostly","Ghostly","RitualDagger","Doom and Gloom","Undo","Machine Learning+1","Creative AI+1","Self Repair+1"],"special_seed":0,"relics":["Cracked Core","Bronze Scales","The Courier","Ornamental Fan","DataDisk","Velvet Choker","StoneCalendar","Frozen Egg 2","Pen Nib","Calipers","Regal Pillow","Centennial Puzzle"],"potions_floor_usage":[31,31],"damage_taken":[{"damage":1.0,"enemies":"2 Louse","floor":1.0,"turns":3.0},{"damage":2.0,"enemies":"Cultist","floor":3.0,"turns":4.0},{"damage":4.0,"enemies":"Small Slimes","floor":4.0,"turns":3.0},{"damage":0.0,"enemies":"Red Slaver","floor":5.0,"turns":4.0},{"damage":19.0,"enemies":"3 Sentries","floor":6.0,"turns":9.0},{"damage":16.0,"enemies":"Lots of Slimes","floor":8.0,"turns":4.0},{"damage":17.0,"enemies":"Exordium Wildlife","floor":10.0,"turns":5.0},{"damage":5.0,"enemies":"Lagavulin","floor":13.0,"turns":7.0},{"damage":0.0,"enemies":"3 Louse","floor":14.0,"turns":2.0},{"damage":4.0,"enemies":"Slime Boss","floor":16.0,"turns":11.0},{"damage":2.0,"enemies":"Spheric Guardian","floor":18.0,"turns":5.0},{"damage":26.0,"enemies":"2 Thieves","floor":19.0,"turns":4.0},{"damage":3.0,"enemies":"Snake Plant","floor":22.0,"turns":5.0},{"damage":12.0,"enemies":"Book of Stabbing","floor":23.0,"turns":6.0},{"damage":8.0,"enemies":"Gremlin Leader","floor":27.0,"turns":7.0},{"damage":0,"enemies":"Chosen and Byrds","floor":28,"turns":5},{"damage":4,"enemies":"Centurion and Healer","floor":31,"turns":1}],"seed_played":"4006843050619529733","potions_obtained":[{"floor":2.0,"key":"EntropicBrew"},{"floor":2.0,"key":"GamblersBrew"},{"floor":4.0,"key":"PowerPotion"},{"floor":10.0,"key":"Block Potion"},{"floor":13.0,"key":"Explosive Potion"},{"floor":19.0,"key":"EssenceOfSteel"},{"floor":23.0,"key":"Strength Potion"},{"floor":27.0,"key":"Dexterity Potion"},{"floor":28,"key":"Swift Potion"}],"is_trial":false,"path_per_floor":["M","?","M","M","M","E","R","M","T","M","R","T","E","M","R","B",null,"M","M","?","?","M","E","?","$","T","E","M","$","T","M"],"character_chosen":"DEFECT","items_purchased":["SkillPotion","Machine Learning+1","Regal Pillow","Self Repair+1"],"campfire_rested":2,"item_purchase_floors":[25,25,29,29],"current_hp_per_floor":[45,45,43,39,39,20,41,25,25,8,29,29,24,24,24,20,58,56,30,30,24,21,9,9,9,9,1,1,1,1,0],"gold":24,"neow_bonus":"REMOVE_TWO","is_prod":false,"is_daily":false,"chose_seed":false,"campfire_upgraded":1,"win_rate":0,"timestamp":1561233693,"path_taken":["M","?","M","?","M","E","R","M","T","M","R","?","E","M","R","BOSS","M","M","?","?","M","E","?","$","T","E","?","?","?","M"],"build_version":"2019-01-23","purchased_purges":1,"victory":false,"max_hp_per_floor":[71,71,71,71,71,71,71,71,71,71,71,71,71,71,71,71,71,71,71,35,35,35,35,35,35,35,35,35,35,35,35],"card_choices":[{"not_picked":["Coolheaded","Steam"],"picked":"Genetic Algorithm","floor":1.0},{"not_picked":["Storm","Steam"],"picked":"Gash","floor":3.0},{"not_picked":["Blizzard","Steam Power"],"picked":"Loop","floor":4.0},{"not_picked":["Skim","Conserve Battery"],"picked":"Cold Snap","floor":5.0},{"not_picked":["Turbo","Leap"],"picked":"Rainbow","floor":6.0},{"not_picked":["Redo","Barrage"],"picked":"Genetic Algorithm","floor":8.0},{"not_picked":["Compile Driver","Force Field"],"picked":"Glacier","floor":10.0},{"not_picked":["Streamline","Rebound"],"picked":"Capacitor","floor":13.0},{"not_picked":["Conserve Battery","Lockon"],"picked":"Consume","floor":14.0},{"not_picked":["Amplify","Meteor Strike"],"picked":"Echo Form","floor":16.0},{"not_picked":["Rebound","Force Field","Auto Shields+1"],"picked":"SKIP","floor":18.0},{"not_picked":["Melter","Fusion+1"],"picked":"Ball Lightning","floor":19.0},{"not_picked":["Sweeping Beam","Recycle"],"picked":"Doom and Gloom","floor":22.0},{"not_picked":["Compile Driver","Storm"],"picked":"Undo","floor":23.0},{"not_picked":["Conserve Battery","Stack+1"],"picked":"Creative AI+1","floor":27.0},{"not_picked":["Sweeping Beam","Melter","Go for the Eyes"],"picked":"SKIP","floor":28}],"player_experience":1006965,"relics_obtained":[{"floor":6.0,"key":"Bronze Scales"},{"floor":9.0,"key":"The Courier"},{"floor":12.0,"key":"Ornamental Fan"},{"floor":13.0,"key":"DataDisk"},{"floor":23.0,"key":"StoneCalendar"},{"floor":24.0,"key":"Frozen Egg 2"},{"floor":26.0,"key":"Pen Nib"},{"floor":27.0,"key":"Calipers"},{"floor":30,"key":"Centennial Puzzle"}],"event_choices":[{"damage_healed":0.0,"max_hp_gain":0.0,"max_hp_loss":0.0,"gold_gain":0.0,"event_name":"The Woman in Blue","player_choice":"Bought 2 Potions","floor":2.0,"gold_loss":0.0,"damage_taken":0.0},{"damage_healed":0.0,"max_hp_gain":0.0,"max_hp_loss":36.0,"gold_gain":0.0,"event_name":"Ghosts","player_choice":"Became a Ghost","floor":20.0,"gold_loss":0.0,"damage_taken":0.0,"cards_obtained":["Ghostly","Ghostly","Ghostly"]},{"damage_healed":0.0,"max_hp_gain":0.0,"max_hp_loss":0.0,"gold_gain":0.0,"event_name":"Nest","player_choice":"Joined the Cult","floor":21.0,"gold_loss":0.0,"damage_taken":6.0,"cards_obtained":["RitualDagger"]},{"damage_healed":0.0,"max_hp_gain":0.0,"max_hp_loss":0.0,"gold_gain":0.0,"event_name":"Wheel of Change","player_choice":"Relic","floor":24.0,"gold_loss":0.0,"damage_taken":0.0}],"is_beta":false,"boss_relics":[{"not_picked":["Eternal Feather","Empty Cage"],"picked":"Velvet Choker"}],"items_purged_floors":[25],"is_endless":false,"potions_floor_spawned":[4,10,13,19,23,27,28],"killed_by":"Centurion and Healer","ascension_level":20}