{"gold_per_floor":[113,113,126,401,33,33,52,80,80,80,115,167,167,3,3,3],"floor_reached":16,"playtime":503,"items_purged":["Regret"],"score":201,"play_id":"f8c51ef9-1da1-476e-a05d-15651813a90d","local_time":"20190614063633","is_ascension_mode":true,"campfire_choices":[{"floor":6,"key":"REST"},{"data":"Spot Weakness","floor":10,"key":"SMITH"},{"data":"Exhume","floor":15,"key":"SMITH"}],"neow_cost":"PERCENT_DAMAGE","seed_source_timestamp":2329056844428339,"circlet_count":0,"master_deck":["AscendersBane","Strike_R","Strike_R+1","Strike_R","Strike_R","Strike_R","Defend_R","Defend_R","Defend_R","Defend_R+1","Bash","Inflame","Pummel","Cleave","Spot Weakness+1","Iron Wave","Immolate","Exhume+1"],"relics":["Burning Blood","Prayer Wheel","Tiny Chest","Ancient Tea Set","Bottled Lightning","Juzu Bracelet","Bag of Preparation","Potion Belt","Strawberry"],"potions_floor_usage":[8,8],"damage_taken":[{"damage":7,"enemies":"Cultist","floor":1,"turns":4},{"damage":6,"enemies":"2 Louse","floor":3,"turns":3},{"damage":9,"enemies":"Small Slimes","floor":7,"turns":4},{"damage":3,"enemies":"Gremlin Nob","floor":8,"turns":3},{"damage":10,"enemies":"3 Sentries","floor":11,"turns":3},{"damage":55,"enemies":"The Guardian","floor":16,"turns":10}],"seed_played":"-3490112528743635803","potions_obtained":[{"floor":3,"key":"Swift Potion"},{"floor":7,"key":"AttackPotion"}],"is_trial":false,"path_per_floor":["M","?","M","?","$","R","M","E","T","R","E","?","T","$","R","B"],"character_chosen":"IRONCLAD","items_purchased":["Tiny Chest","Ancient Tea Set","Strawberry"],"campfire_rested":1,"item_purchase_floors":[5,5,14],"current_hp_per_floor":[49,26,26,26,26,48,45,48,48,48,44,44,44,51,51,0],"gold":3,"neow_bonus":"ONE_RARE_RELIC","is_prod":false,"is_daily":false,"chose_seed":false,"campfire_upgraded":2,"win_rate":0,"timestamp":1560504993,"path_taken":["M","?","M","?","$","R","?","E","T","R","E","?","?","$","R","BOSS"],"build_version":"2019-01-23","purchased_purges":1,"victory":false,"max_hp_per_floor":[75,75,75,75,75,75,75,75,75,75,75,75,75,82,82,82],"card_choices":[{"not_picked":["True Grit","Metallicize"],"picked":"Inflame","floor":1},{"not_picked":["Headbutt","Armaments"],"picked":"Pummel","floor":1},{"not_picked":["Flex","Wild Strike"],"picked":"Cleave","floor":3},{"not_picked":["Warcry","Blood for Blood"],"picked":"Spot Weakness","floor":3},{"not_picked":["Inflame","Dual Wield"],"picked":"Iron Wave","floor":7},{"not_picked":["Sword Boomerang","Body Slam"],"picked":"Immolate","floor":7},{"not_picked":["Corruption","Flex","Fire Breathing"],"picked":"SKIP","floor":8},{"not_picked":["Clothesline","Perfected Strike"],"picked":"Exhume","floor":11}],"player_experience":1030832,"relics_obtained":[{"floor":8,"key":"Bottled Lightning"},{"floor":9,"key":"Juzu Bracelet"},{"floor":11,"key":"Bag of Preparation"},{"floor":13,"key":"Potion Belt"}],"event_choices":[{"damage_healed":0,"gold_gain":0,"player_choice":"Entered Light","damage_taken":23,"max_hp_gain":0,"max_hp_loss":0,"event_name":"Shining Light","floor":2,"gold_loss":0,"cards_upgraded":["Defend_R","Strike_R"]},{"damage_healed":0,"gold_gain":275,"player_choice":"Desecrate","damage_taken":0,"max_hp_gain":0,"max_hp_loss":0,"event_name":"Golden Shrine","floor":4,"gold_loss":0,"cards_obtained":["Regret"]},{"damage_healed":0,"gold_gain":52,"player_choice":"Gained Gold","damage_taken":0,"max_hp_gain":0,"max_hp_loss":0,"event_name":"Golden Wing","floor":12,"gold_loss":0}],"is_beta":false,"boss_relics":[],"items_purged_floors":[5],"is_endless":false,"potions_floor_spawned":[3,7],"killed_by":"The Guardian","ascension_level":18}