{"gold_per_floor":[10,27,27,27,50,50,81,81,160,126,126,35,48,79,79,183,183,193,163,147,162,6,6,32,32,59,89,105,125,145,474,474,576,626,636,736,736,309,324,352,352,372,372,385,38,38,0,16,16,16],"floor_reached":51,"playtime":4141,"items_purged":["Strike_G","Defend_G"],"score":879,"play_id":"4855dc09-4c65-4df4-bdf5-59f1a1d665a0","local_time":"20190527131707","is_ascension_mode":true,"campfire_choices":[{"data":"Neutralize","floor":6.0,"key":"SMITH"},{"floor":8.0,"key":"REST"},{"data":"Infinite Blades","floor":11.0,"key":"SMITH"},{"data":"Footwork","floor":15.0,"key":"SMITH"},{"data":"Accuracy","floor":23.0,"key":"SMITH"},{"floor":25.0,"key":"REST"},{"data":"Footwork","floor":32,"key":"SMITH"},{"floor":41,"key":"REST"},{"floor":46,"key":"REST"},{"data":"A Thousand Cuts","floor":49,"key":"SMITH"}],"neow_cost":"NO_GOLD","seed_source_timestamp":0,"circlet_count":0,"master_deck":["Defend_G","Defend_G","Defend_G","Strike_G","Strike_G","Strike_G","Survivor","Neutralize+1","Footwork+1","Backflip+1","Sucker Punch","Infinite Blades+1","Accuracy+1","Backflip","Accuracy","Venomology","Escape Plan+1","Blade Dance","Outmaneuver","Footwork+1","Blade Dance","Blade Dance","Infinite Blades","A Thousand Cuts+1","Accuracy","Footwork","PiercingWail+1","Expertise+1","Well Laid Plans+1","Cloak And Dagger+1"],"special_seed":0,"relics":["Ring of the Snake","Unceasing Top","Regal Pillow","Potion Belt","Ornamental Fan","Thread and Needle","Philosopher\u0027s Stone","Bronze Scales","Pen Nib","Boot","Ninja Scroll","Old Coin","Tiny House","Pocketwatch","PreservedInsect","Strange Spoon","Bottled Flame","Shovel","Gremlin Horn","Red Mask"],"potions_floor_usage":[29,30,30,31,31,35,39,39,50,50,50,50,50],"damage_taken":[{"damage":7.0,"enemies":"Jaw Worm","floor":1.0,"turns":8.0},{"damage":0.0,"enemies":"Small Slimes","floor":2.0,"turns":4.0},{"damage":45.0,"enemies":"Gremlin Nob","floor":7.0,"turns":6.0},{"damage":0.0,"enemies":"Cultist","floor":13.0,"turns":4.0},{"damage":6.0,"enemies":"Lagavulin","floor":14.0,"turns":8.0},{"damage":2.0,"enemies":"Hexaghost","floor":16.0,"turns":14.0},{"damage":8.0,"enemies":"Shell Parasite","floor":18.0,"turns":6.0},{"damage":0.0,"enemies":"2 Thieves","floor":20.0,"turns":4.0},{"damage":0.0,"enemies":"Centurion and Healer","floor":21.0,"turns":9.0},{"damage":23.0,"enemies":"Slavers","floor":24.0,"turns":6.0},{"damage":0.0,"enemies":"Gremlin Leader","floor":27.0,"turns":8.0},{"damage":1.0,"enemies":"Snecko","floor":28.0,"turns":4.0},{"damage":0,"enemies":"Cultist and Chosen","floor":29,"turns":5},{"damage":0,"enemies":"Centurion and Healer","floor":30,"turns":5},{"damage":0,"enemies":"Book of Stabbing","floor":31,"turns":4},{"damage":1,"enemies":"Champ","floor":33,"turns":9},{"damage":0,"enemies":"3 Shapes","floor":35,"turns":3},{"damage":0,"enemies":"Mind Bloom Boss Battle","floor":36,"turns":5},{"damage":19,"enemies":"3 Darklings","floor":39,"turns":5},{"damage":44,"enemies":"Reptomancer","floor":40,"turns":7},{"damage":4,"enemies":"Jaw Worm Horde","floor":42,"turns":6},{"damage":14,"enemies":"4 Shapes","floor":44,"turns":7},{"damage":3,"enemies":"Writhing Mass","floor":48,"turns":8},{"damage":9,"enemies":"Donu and Deca","floor":50,"turns":8}],"seed_played":"8011565951879223435","potions_obtained":[{"floor":1.0,"key":"PowerPotion"},{"floor":7.0,"key":"SteroidPotion"},{"floor":16.0,"key":"Weak Potion"},{"floor":19.0,"key":"Swift Potion"},{"floor":19.0,"key":"GamblersBrew"},{"floor":20.0,"key":"SneckoOil"},{"floor":27.0,"key":"Poison Potion"},{"floor":28,"key":"EssenceOfSteel"},{"floor":30,"key":"Swift Potion"},{"floor":31,"key":"GhostInAJar"},{"floor":34,"key":"Ancient Potion"},{"floor":39,"key":"Dexterity Potion"},{"floor":40,"key":"SteroidPotion"}],"is_trial":false,"path_per_floor":["M","M","?","?","T","R","E","R","T","$","R","$","M","E","R","B",null,"M","?","M","M","$","R","E","R","T","E","M","M","M","E","R","B",null,"M","?","?","$","M","E","R","M","T","M","$","R","?","M","R","B",null],"character_chosen":"THE_SILENT","items_purchased":["Infinite Blades","Accuracy","Backflip","Bronze Scales","PreservedInsect","Strange Spoon","Gremlin Horn"],"campfire_rested":4,"item_purchase_floors":[10,12,12,22,38,38,45],"current_hp_per_floor":[63,63,56,56,56,56,11,47,47,47,47,47,47,41,41,39,70,62,62,62,62,62,62,39,70,70,70,69,69,69,69,69,68,75,75,75,75,75,56,12,49,45,45,31,31,68,68,65,65,56],"gold":16,"neow_bonus":"ONE_RARE_RELIC","is_prod":false,"is_daily":false,"chose_seed":false,"campfire_upgraded":6,"win_rate":0,"timestamp":1558973827,"path_taken":["M","M","?","?","?","R","E","R","T","$","R","$","M","E","R","BOSS","M","?","M","?","$","R","E","R","T","E","M","M","M","E","R","BOSS","M","?","?","$","M","E","R","M","T","M","$","R","?","M","R","BOSS"],"build_version":"2019-01-23","purchased_purges":2,"victory":true,"max_hp_per_floor":[70,70,70,70,70,70,70,70,70,70,70,70,70,70,70,70,70,70,70,70,70,70,70,70,70,70,70,70,70,70,70,70,70,75,75,75,75,75,75,75,75,75,75,75,75,75,75,75,75,75],"card_choices":[{"not_picked":["Prepared","Caltrops"],"picked":"Footwork","floor":1.0},{"not_picked":["Acrobatics","Poisoned Stab"],"picked":"Backflip","floor":2.0},{"not_picked":["Storm of Steel","Quick Slash"],"picked":"Sucker Punch","floor":7.0},{"not_picked":["Backstab","Distraction"],"picked":"Accuracy","floor":13.0},{"not_picked":["Concentrate","Bane","Predator"],"picked":"SKIP","floor":14.0},{"not_picked":["Grand Finale","Die Die Die"],"picked":"Venomology","floor":16.0},{"not_picked":["Dagger Spray+1","PiercingWail"],"picked":"Escape Plan+1","floor":18.0},{"not_picked":["Dagger Throw+1","Slice"],"picked":"Blade Dance","floor":20.0},{"not_picked":["Quick Slash","Bane"],"picked":"Outmaneuver","floor":21.0},{"not_picked":["Tactician","Bane","Backflip"],"picked":"SKIP","floor":24.0},{"not_picked":["Flying Knee","Setup+1","Outmaneuver+1"],"picked":"SKIP","floor":27.0},{"not_picked":["Calculated Gamble","Cloak And Dagger+1"],"picked":"Footwork","floor":28},{"not_picked":["Heel Hook","Glass Knife"],"picked":"Blade Dance","floor":29},{"not_picked":["Choke","Sucker Punch+1"],"picked":"Blade Dance","floor":30},{"not_picked":["Dodge and Roll","Cloak And Dagger"],"picked":"Infinite Blades","floor":31},{"not_picked":["Doppelganger","Night Terror"],"picked":"A Thousand Cuts","floor":33},{"not_picked":["Flechettes","Caltrops"],"picked":"Accuracy","floor":34},{"not_picked":["Blade Dance+1","Leg Sweep+1"],"picked":"Footwork","floor":35},{"not_picked":["Dagger Spray","Backflip"],"picked":"PiercingWail+1","floor":39},{"not_picked":["Flying Knee+1","Heel Hook+1"],"picked":"Expertise+1","floor":40},{"not_picked":["Blade Dance+1","Bane+1","Sucker Punch"],"picked":"SKIP","floor":42},{"not_picked":["Blade Dance+1","Bane+1","Sucker Punch"],"picked":"SKIP","floor":42},{"not_picked":["Poisoned Stab","Distraction+1"],"picked":"Well Laid Plans+1","floor":44},{"not_picked":["Backflip","Tools of the Trade"],"picked":"Cloak And Dagger+1","floor":48}],"player_experience":790845,"relics_obtained":[{"floor":5.0,"key":"Regal Pillow"},{"floor":7.0,"key":"Potion Belt"},{"floor":9.0,"key":"Ornamental Fan"},{"floor":14.0,"key":"Thread and Needle"},{"floor":24.0,"key":"Pen Nib"},{"floor":26.0,"key":"Boot"},{"floor":27.0,"key":"Ninja Scroll"},{"floor":31,"key":"Old Coin"},{"floor":36,"key":"Pocketwatch"},{"floor":40,"key":"Bottled Flame"},{"floor":43,"key":"Shovel"}],"event_choices":[{"cards_removed":["Defend_G"],"damage_healed":0.0,"max_hp_gain":0.0,"max_hp_loss":0.0,"gold_gain":0.0,"event_name":"Golden Wing","player_choice":"Card Removal","floor":3.0,"gold_loss":0.0,"damage_taken":7.0},{"damage_healed":0.0,"max_hp_gain":0.0,"max_hp_loss":0.0,"gold_gain":0.0,"event_name":"The Cleric","player_choice":"Leave","floor":4.0,"gold_loss":0.0,"damage_taken":0.0},{"damage_healed":0.0,"max_hp_gain":0.0,"max_hp_loss":0.0,"gold_gain":0.0,"event_name":"The Woman in Blue","player_choice":"Bought 2 Potions","floor":19.0,"gold_loss":0.0,"damage_taken":0.0},{"damage_healed":0,"gold_gain":0,"player_choice":"Fight","damage_taken":0,"max_hp_gain":0,"max_hp_loss":0,"event_name":"MindBloom","floor":36,"gold_loss":0},{"cards_removed":["Strike_G"],"damage_healed":0,"gold_gain":0,"player_choice":"Removed Attack","damage_taken":0,"max_hp_gain":0,"max_hp_loss":0,"event_name":"Falling","floor":37,"gold_loss":0},{"damage_healed":0,"gold_gain":0,"player_choice":"Paid","damage_taken":0,"relics_obtained":["Red Mask"],"max_hp_gain":0,"max_hp_loss":0,"event_name":"Tomb of Lord Red Mask","floor":47,"gold_loss":38}],"is_beta":false,"boss_relics":[{"not_picked":["Empty Cage","Eternal Feather"],"picked":"Philosopher\u0027s Stone"},{"not_picked":["HoveringKite","Lizard Tail"],"picked":"Tiny House"}],"items_purged_floors":[38,45],"is_endless":false,"potions_floor_spawned":[1,7,16,20,27,28,30,31,33,39,40,44],"ascension_level":3}