{"gold_per_floor":[360,379,454,234,234,234,265,288,336,44,9,37,37,55,55,154,154,168,183,193,206,156,190,190,205,205,87,115,115,126,126,126,222,222,241,241,254,302,302,332,332,350,350,27,58,21,121,136,136,136],"floor_reached":51,"playtime":4216,"items_purged":["Strike_R","Clumsy","Strike_R","Flex+1"],"score":776,"play_id":"16c92b29-ec7d-4ef9-9d76-6632ae219aec","local_time":"20190130222709","is_ascension_mode":false,"campfire_choices":[{"data":"Heavy Blade","floor":6.0,"key":"SMITH"},{"data":"Shockwave","floor":13.0,"key":"SMITH"},{"data":"True Grit","floor":15.0,"key":"SMITH"},{"data":"Heavy Blade","floor":24.0,"key":"SMITH"},{"data":"Spot Weakness","floor":29.0,"key":"SMITH"},{"floor":32.0,"key":"REST"},{"floor":41.0,"key":"RECALL"},{"data":"Offering","floor":49,"key":"SMITH"}],"neow_cost":"CURSE","seed_source_timestamp":0,"circlet_count":0,"master_deck":["Strike_R","Strike_R+1","Defend_R","Defend_R","Bash+1","Thunderclap","Heavy Blade+1","Shockwave+1","True Grit+1","Dropkick","Shrug It Off","Shrug It Off","Juggernaut","Fiend Fire+1","Uppercut+1","Flex+1","Heavy Blade+1","Iron Wave+1","Spot Weakness+1","Spot Weakness+1","Dropkick","Armaments","Pommel Strike","Armaments+1","Anger","Battle Trance","True Grit","Offering+1","Warcry+1","Enlightenment","Flash of Steel","Power Through","Thunderclap+1","Dropkick","Whirlwind+1"],"special_seed":0,"relics":["Burning Blood","Vajra","PreservedInsect","Odd Mushroom","Smiling Mask","Prayer Wheel","Sundial","Astrolabe","Torii","Bottled Flame","Meat on the Bone","MutagenicStrength","Busted Crown","Ginger","Paper Frog","Pantograph","Brimstone","Bottled Lightning","Du-Vu Doll"],"potions_floor_usage":[],"damage_taken":[{"damage":0.0,"enemies":"2 Louse","floor":1.0,"turns":2.0},{"damage":5.0,"enemies":"Jaw Worm","floor":2.0,"turns":5.0},{"damage":14.0,"enemies":"Gremlin Nob","floor":7.0,"turns":3.0},{"damage":14.0,"enemies":"The Mushroom Lair","floor":8.0,"turns":4.0},{"damage":12.0,"enemies":"3 Sentries","floor":12.0,"turns":7.0},{"damage":1.0,"enemies":"Small Slimes","floor":14.0,"turns":2.0},{"damage":28.0,"enemies":"The Guardian","floor":16.0,"turns":12.0},{"damage":17.0,"enemies":"Spheric Guardian","floor":18.0,"turns":4.0},{"damage":0.0,"enemies":"Chosen","floor":19.0,"turns":4.0},{"damage":6.0,"enemies":"Snake Plant","floor":20.0,"turns":3.0},{"damage":6.0,"enemies":"Centurion and Healer","floor":21.0,"turns":5.0},{"damage":14.0,"enemies":"Slavers","floor":23.0,"turns":3.0},{"damage":17.0,"enemies":"Snecko","floor":25.0,"turns":4.0},{"damage":14.0,"enemies":"Gremlin Leader","floor":28.0,"turns":5.0},{"damage":19.0,"enemies":"Shelled Parasite and Fungi","floor":30.0,"turns":4.0},{"damage":45.0,"enemies":"Collector","floor":33.0,"turns":8.0},{"damage":1.0,"enemies":"Orb Walker","floor":35.0,"turns":3.0},{"damage":9.0,"enemies":"3 Darklings","floor":37.0,"turns":5.0},{"damage":18.0,"enemies":"2 Orb Walkers","floor":38.0,"turns":4.0},{"damage":14.0,"enemies":"Reptomancer","floor":40.0,"turns":4.0},{"damage":7.0,"enemies":"Spire Growth","floor":42.0,"turns":2.0},{"damage":14.0,"enemies":"Giant Head","floor":45.0,"turns":3.0},{"damage":14,"enemies":"Mind Bloom Boss Battle","floor":47,"turns":3},{"damage":6,"enemies":"Transient","floor":48,"turns":5},{"damage":30,"enemies":"Awakened One","floor":50,"turns":5}],"seed_played":"-7800941376255178118","potions_obtained":[{"floor":1.0,"key":"Ancient Potion"},{"floor":2.0,"key":"FearPotion"},{"floor":12.0,"key":"Swift Potion"},{"floor":18.0,"key":"Fire Potion"},{"floor":19.0,"key":"Weak Potion"},{"floor":23.0,"key":"Strength Potion"},{"floor":30.0,"key":"Swift Potion"},{"floor":33.0,"key":"Weak Potion"},{"floor":38.0,"key":"Strength Potion"},{"floor":40.0,"key":"PowerPotion"}],"is_trial":false,"path_per_floor":["M","M","?","$","?","R","E","?","T","$","?","E","R","M","R","B",null,"M","M","M","M","$","E","R","M","T","$","E","R","M","?","R","B",null,"M","?","M","?","?","E","R","M","T","$","E","$","?","M","R","B",null],"character_chosen":"IRONCLAD","items_purchased":["Vajra","Prayer Wheel","Battle Trance","Brimstone","Power Through","Dropkick"],"campfire_rested":1,"item_purchase_floors":[4,10,27,44,44,46],"current_hp_per_floor":[80,80,69,69,53,53,45,37,37,37,57,51,51,56,56,34,80,69,75,75,75,75,67,67,56,56,56,48,48,47,47,71,44,80,80,75,72,60,60,52,52,51,51,51,55,55,72,72,72,56],"gold":136,"neow_bonus":"TWO_FIFTY_GOLD","is_prod":false,"is_daily":false,"chose_seed":false,"campfire_upgraded":6,"win_rate":0,"timestamp":1548916029,"path_taken":["M","M","?","$","?","R","E","?","T","$","?","E","R","M","R","BOSS","M","M","M","M","$","E","R","M","T","$","E","R","M","?","R","BOSS","M","?","M","?","?","E","R","M","T","?","E","$","?","M","R","BOSS"],"build_version":"2019-01-23","purchased_purges":4,"victory":true,"max_hp_per_floor":[80,80,80,80,80,80,80,80,80,80,80,80,80,80,80,80,80,80,80,80,80,80,80,80,80,80,80,80,80,80,80,80,80,80,80,80,80,80,80,80,80,80,80,80,80,80,80,80,80,80],"card_choices":[{"not_picked":["Havoc","Blood for Blood"],"picked":"Thunderclap","floor":1.0},{"not_picked":["Power Through","Metallicize"],"picked":"Heavy Blade","floor":2.0},{"not_picked":["Fiend Fire","Iron Wave"],"picked":"Shockwave","floor":7.0},{"not_picked":["Twin Strike","Warcry"],"picked":"True Grit","floor":8.0},{"not_picked":["Anger","Body Slam"],"picked":"Dropkick","floor":12.0},{"not_picked":["Headbutt","Armaments"],"picked":"Shrug It Off","floor":14.0},{"not_picked":["Perfected Strike","Metallicize"],"picked":"Shrug It Off","floor":14.0},{"not_picked":["Fiend Fire","Exhume"],"picked":"Juggernaut","floor":16.0},{"not_picked":["Evolve+1","Perfected Strike"],"picked":"Flex+1","floor":18.0},{"not_picked":["Flex","Searing Blow"],"picked":"Heavy Blade","floor":18.0},{"not_picked":["Pummel","Cleave+1"],"picked":"Iron Wave+1","floor":19.0},{"not_picked":["Rupture+1","Wild Strike+1","Thunderclap"],"picked":"SKIP","floor":19.0},{"not_picked":["Infernal Blade","Inflame"],"picked":"Spot Weakness+1","floor":20.0},{"not_picked":["Flex","Hemokinesis"],"picked":"Spot Weakness","floor":20.0},{"not_picked":["Bludgeon","Power Through"],"picked":"Dropkick","floor":21.0},{"not_picked":["Havoc","Perfected Strike+1"],"picked":"Armaments","floor":21.0},{"not_picked":["Flex","Clothesline"],"picked":"Pommel Strike","floor":23.0},{"not_picked":["Flex+1","Heavy Blade+1"],"picked":"Armaments+1","floor":25.0},{"not_picked":["Shockwave","Twin Strike"],"picked":"Anger","floor":25.0},{"not_picked":["Iron Wave","Rupture","Uppercut"],"picked":"SKIP","floor":28.0},{"not_picked":["Fire Breathing","Iron Wave"],"picked":"Inflame","floor":30.0},{"not_picked":["Battle Trance","Headbutt"],"picked":"True Grit","floor":30.0},{"not_picked":["Impervious","Double Tap"],"picked":"Offering","floor":33.0},{"not_picked":[],"picked":"Warcry+1","floor":35.0},{"not_picked":["Carnage+1"],"picked":"SKIP","floor":35.0},{"not_picked":[],"picked":"Enlightenment","floor":36.0},{"not_picked":[],"picked":"Flash of Steel","floor":36.0},{"not_picked":["Sever Soul"],"picked":"SKIP","floor":37.0},{"not_picked":["Spot Weakness+1"],"picked":"SKIP","floor":37.0},{"not_picked":["Entrench+1"],"picked":"SKIP","floor":40.0},{"not_picked":["Body Slam+1"],"picked":"SKIP","floor":42.0},{"not_picked":["Armaments+1"],"picked":"SKIP","floor":42.0},{"not_picked":[],"picked":"Thunderclap+1","floor":45},{"not_picked":[],"picked":"Whirlwind+1","floor":48},{"not_picked":["Rupture+1"],"picked":"SKIP","floor":48}],"player_experience":509818,"relics_obtained":[{"floor":7.0,"key":"PreservedInsect"},{"floor":8.0,"key":"Odd Mushroom"},{"floor":9.0,"key":"Smiling Mask"},{"floor":12.0,"key":"Sundial"},{"floor":23.0,"key":"Torii"},{"floor":26.0,"key":"Bottled Flame"},{"floor":28.0,"key":"Meat on the Bone"},{"floor":38.0,"key":"Ginger"},{"floor":40.0,"key":"Paper Frog"},{"floor":43.0,"key":"Pantograph"},{"floor":45,"key":"Bottled Lightning"},{"floor":47,"key":"Du-Vu Doll"}],"event_choices":[{"damage_healed":0.0,"max_hp_gain":0.0,"max_hp_loss":0.0,"gold_gain":75.0,"event_name":"World of Goop","player_choice":"Gather Gold","floor":3.0,"gold_loss":0.0,"damage_taken":11.0},{"damage_healed":0.0,"max_hp_gain":0.0,"max_hp_loss":0.0,"gold_gain":0.0,"event_name":"Shining Light","player_choice":"Entered Light","floor":5.0,"gold_loss":0.0,"damage_taken":16.0,"cards_upgraded":["Strike_R","Bash"]},{"damage_healed":0.0,"max_hp_gain":0.0,"max_hp_loss":0.0,"gold_gain":0.0,"event_name":"Mushrooms","player_choice":"Fought Mushrooms","floor":8.0,"gold_loss":0.0,"damage_taken":0.0},{"damage_healed":20.0,"max_hp_gain":0.0,"max_hp_loss":0.0,"gold_gain":0.0,"event_name":"The Cleric","player_choice":"Healed","floor":11.0,"gold_loss":35.0,"damage_taken":0.0},{"damage_healed":0.0,"max_hp_gain":0.0,"max_hp_loss":0.0,"gold_gain":0.0,"event_name":"Drug Dealer","player_choice":"Inject Mutagens","floor":31.0,"gold_loss":0.0,"damage_taken":0.0,"relics_obtained":["MutagenicStrength"]},{"damage_healed":0.0,"max_hp_gain":0.0,"max_hp_loss":0.0,"gold_gain":0.0,"event_name":"SensoryStone","player_choice":"Memory 2","floor":36.0,"gold_loss":0.0,"damage_taken":5.0},{"damage_healed":0.0,"max_hp_gain":0.0,"max_hp_loss":0.0,"gold_gain":0.0,"event_name":"Mysterious Sphere","player_choice":"Fight","floor":38.0,"gold_loss":0.0,"damage_taken":0.0},{"cards_removed":["Inflame"],"damage_healed":0.0,"max_hp_gain":0.0,"max_hp_loss":0.0,"gold_gain":0.0,"event_name":"Falling","player_choice":"Removed Power","floor":39.0,"gold_loss":0.0,"damage_taken":0.0},{"damage_healed":0,"gold_gain":0,"player_choice":"Fight","damage_taken":0,"max_hp_gain":0,"max_hp_loss":0,"event_name":"MindBloom","floor":47,"gold_loss":0}],"is_beta":false,"boss_relics":[{"not_picked":["Velvet Choker","Fusion Hammer"],"picked":"Astrolabe"},{"not_picked":["Eternal Feather","Snecko Eye"],"picked":"Busted Crown"}],"items_purged_floors":[4,22,27,44],"is_endless":false,"potions_floor_spawned":[1,2,12,14,18,19,23,30,33,38,40,47,48],"ascension_level":0}