{"gold_per_floor":[113,113,127,127,146,146,178,192,192,225,242,242],"floor_reached":12,"playtime":536,"items_purged":[],"score":171,"play_id":"4f435b48-b0e3-4a4f-9ab1-c6c8a60226ea","local_time":"20190618165258","is_ascension_mode":true,"campfire_choices":[{"data":"Shockwave","floor":6,"key":"SMITH"}],"neow_cost":"TEN_PERCENT_HP_LOSS","seed_source_timestamp":93338291799658,"circlet_count":0,"master_deck":["AscendersBane","Strike_R","Strike_R","Strike_R","Strike_R","Defend_R","Defend_R","Defend_R","Defend_R","Bash","Battle Trance","Sword Boomerang","Shockwave+1","Spot Weakness"],"relics":["Burning Blood","Du-Vu Doll","Mango","Sundial","Self Forming Clay"],"potions_floor_usage":[10],"damage_taken":[{"damage":7,"enemies":"2 Louse","floor":1,"turns":3},{"damage":9,"enemies":"Small Slimes","floor":3,"turns":6},{"damage":2,"enemies":"Jaw Worm","floor":5,"turns":3},{"damage":24,"enemies":"Gremlin Nob","floor":7,"turns":4},{"damage":26,"enemies":"Exordium Thugs","floor":8,"turns":7},{"damage":20,"enemies":"Lagavulin","floor":10,"turns":5},{"damage":7,"enemies":"2 Fungi Beasts","floor":11,"turns":4}],"seed_played":"-7576678286473098320","potions_obtained":[{"floor":5,"key":"SkillPotion"},{"floor":8,"key":"Weak Potion"}],"is_trial":false,"path_per_floor":["M","$","M","?","M","R","E","M","T","E","M","?"],"character_chosen":"IRONCLAD","items_purchased":[],"campfire_rested":0,"item_purchase_floors":[],"current_hp_per_floor":[67,67,64,57,61,61,57,37,37,23,22,0],"gold":242,"neow_bonus":"ONE_RARE_RELIC","is_prod":false,"is_daily":false,"chose_seed":false,"campfire_upgraded":1,"win_rate":0,"timestamp":1560887578,"path_taken":["M","$","M","?","M","R","E","M","T","E","M","?"],"build_version":"2019-01-23","purchased_purges":0,"victory":false,"max_hp_per_floor":[68,68,68,68,68,68,82,82,82,82,82,82],"card_choices":[{"not_picked":["Pommel Strike","Headbutt"],"picked":"Battle Trance","floor":1},{"not_picked":["Warcry","Twin Strike"],"picked":"Sword Boomerang","floor":3},{"not_picked":["Disarm","Sword Boomerang"],"picked":"Shockwave","floor":5},{"not_picked":["Spot Weakness","Heavy Blade","Cleave"],"picked":"SKIP","floor":7},{"not_picked":["Heavy Blade","Cleave"],"picked":"Spot Weakness","floor":7},{"not_picked":["Fire Breathing","Body Slam","Spot Weakness"],"picked":"SKIP","floor":8},{"not_picked":["Clash","Second Wind","Thunderclap"],"picked":"SKIP","floor":10},{"not_picked":["Flex","Feel No Pain","Brutality"],"picked":"SKIP","floor":11}],"player_experience":1091042,"relics_obtained":[{"floor":7,"key":"Mango"},{"floor":9,"key":"Sundial"},{"floor":10,"key":"Self Forming Clay"}],"event_choices":[{"cards_removed":["Strike_R"],"damage_healed":0,"gold_gain":0,"player_choice":"Card Removal","damage_taken":7,"max_hp_gain":0,"max_hp_loss":0,"event_name":"Golden Wing","floor":4,"gold_loss":0}],"is_beta":false,"boss_relics":[],"items_purged_floors":[],"is_endless":false,"potions_floor_spawned":[5,8],"ascension_level":18}