{"gold_per_floor":[119,119,119,135,158,158,191,191,216,216,216,234,268,268,268,387,387,407,253,266,266,266,306,332,367,367,400,400,434,126,142,142,272,272,296,296,309,324,85,85,126,126,177,243,243,262,262,298,298,298],"floor_reached":50,"playtime":3543,"items_purged":["Strike_B"],"score":759,"play_id":"0aca915e-c49a-466c-a219-a9a400d6b1fc","local_time":"20190602105003","is_ascension_mode":true,"campfire_choices":[{"data":"Glacier","floor":6.0,"key":"SMITH"},{"data":"Conserve Battery","floor":8.0,"key":"SMITH"},{"data":"Zap","floor":10.0,"key":"SMITH"},{"data":"Sunder","floor":15.0,"key":"SMITH"},{"data":"Coolheaded","floor":28.0,"key":"SMITH"},{"data":"Fission","floor":32.0,"key":"SMITH"},{"floor":40,"key":"RECALL"},{"floor":45,"key":"REST"},{"floor":49,"key":"REST"}],"neow_cost":"NONE","seed_source_timestamp":0,"circlet_count":0,"master_deck":["Strike_B+1","Strike_B+1","Defend_B+1","Defend_B+1","Defend_B+1","Defend_B+1","Zap+1","Dualcast","BootSequence","Self Repair","Glacier+1","Conserve Battery+1","Sunder+1","Gash","Creative AI","Echo Form","Capacitor","Compile Driver","Coolheaded+1","Gash","Apotheosis","Fission+1","Electrodynamics","Coolheaded+1","Redo+1"],"special_seed":0,"relics":["Cracked Core","Golden Idol","Whetstone","Bronze Scales","Symbiotic Virus","Happy Flower","Velvet Choker","Ice Cream","Strawberry","Ancient Tea Set","Art of War","Ornamental Fan","Black Star","Singing Bowl","Bag of Marbles","Prayer Wheel","Omamori","Peace Pipe","Vajra","DataDisk"],"potions_floor_usage":[44,48,50],"damage_taken":[{"damage":2.0,"enemies":"2 Louse","floor":1.0,"turns":3.0},{"damage":0.0,"enemies":"Jaw Worm","floor":4.0,"turns":3.0},{"damage":1.0,"enemies":"Cultist","floor":5.0,"turns":3.0},{"damage":12.0,"enemies":"Gremlin Nob","floor":7.0,"turns":5.0},{"damage":6.0,"enemies":"Exordium Thugs","floor":12.0,"turns":5.0},{"damage":17.0,"enemies":"3 Sentries","floor":13.0,"turns":8.0},{"damage":13.0,"enemies":"Slime Boss","floor":16.0,"turns":11.0},{"damage":0.0,"enemies":"3 Byrds","floor":18.0,"turns":2.0},{"damage":7.0,"enemies":"2 Thieves","floor":20.0,"turns":4.0},{"damage":0.0,"enemies":"Book of Stabbing","floor":23.0,"turns":5.0},{"damage":9.0,"enemies":"Gremlin Leader","floor":25.0,"turns":7.0},{"damage":3.0,"enemies":"Book of Stabbing","floor":27.0,"turns":6.0},{"damage":3.0,"enemies":"Gremlin Leader","floor":29.0,"turns":7.0},{"damage":24.0,"enemies":"Snake Plant","floor":31.0,"turns":4.0},{"damage":1.0,"enemies":"Collector","floor":33.0,"turns":9.0},{"damage":0,"enemies":"3 Shapes","floor":35,"turns":3},{"damage":17,"enemies":"Orb Walker","floor":37,"turns":3},{"damage":3,"enemies":"Maw","floor":38,"turns":10},{"damage":27,"enemies":"Giant Head","floor":41,"turns":12},{"damage":75,"enemies":"2 Orb Walkers","floor":44,"turns":5},{"damage":2,"enemies":"Jaw Worm Horde","floor":46,"turns":4},{"damage":32,"enemies":"Reptomancer","floor":48,"turns":9},{"damage":60,"enemies":"Donu and Deca","floor":50,"turns":11}],"seed_played":"3222319971765034758","potions_obtained":[{"floor":0.0,"key":"SteroidPotion"},{"floor":0.0,"key":"PowerPotion"},{"floor":0.0,"key":"SneckoOil"},{"floor":1.0,"key":"Swift Potion"},{"floor":4.0,"key":"EssenceOfSteel"},{"floor":7.0,"key":"Regen Potion"},{"floor":16.0,"key":"PowerPotion"},{"floor":18.0,"key":"GamblersBrew"},{"floor":23.0,"key":"Strength Potion"},{"floor":33.0,"key":"Dexterity Potion"}],"is_trial":false,"path_per_floor":["M","$","?","M","M","R","E","R","T","R","?","M","E","T","R","B",null,"M","$","M","?","?","E","T","E","T","E","R","E","$","M","R","B",null,"M","?","M","M","$","R","E","?","T","?","R","M","?","E","R","B"],"character_chosen":"DEFECT","items_purchased":["Echo Form","Apotheosis","Fission","Singing Bowl"],"campfire_rested":2,"item_purchase_floors":[19,30,30,39],"current_hp_per_floor":[73,73,55,55,61,61,56,56,56,56,56,57,47,47,47,41,67,67,67,67,67,67,75,75,82,82,79,79,82,82,58,58,67,78,82,82,72,82,82,82,75,75,75,17,42,44,44,21,46,0],"gold":298,"neow_bonus":"THREE_SMALL_POTIONS","is_prod":false,"is_daily":false,"chose_seed":false,"campfire_upgraded":6,"win_rate":0,"timestamp":1559483403,"path_taken":["M","$","?","M","M","R","E","R","T","R","?","M","E","?","R","BOSS","M","$","?","?","?","E","?","E","T","E","R","E","$","M","R","BOSS","M","?","?","M","$","R","E","?","T","?","R","M","?","E","R","BOSS"],"build_version":"2019-01-23","purchased_purges":1,"victory":false,"max_hp_per_floor":[75,75,75,75,75,75,75,75,75,75,75,75,75,75,75,75,75,75,75,75,75,75,75,75,82,82,82,82,82,82,82,82,82,82,82,82,82,82,82,82,82,82,82,84,84,88,84,86,86,86],"card_choices":[{"not_picked":["Chill","Stack"],"picked":"BootSequence","floor":1.0},{"not_picked":["Stack","Go for the Eyes"],"picked":"Self Repair","floor":4.0},{"not_picked":["Beam Cell","Cold Snap"],"picked":"Glacier","floor":5.0},{"not_picked":["Glacier","Stack"],"picked":"Conserve Battery","floor":7.0},{"not_picked":["Reprogram","Compile Driver"],"picked":"Sunder","floor":12.0},{"not_picked":["Turbo","Beam Cell"],"picked":"Gash","floor":13.0},{"not_picked":["Hyperbeam","Buffer"],"picked":"Creative AI","floor":16.0},{"not_picked":["Skim+1","Ball Lightning","Steam"],"picked":"SKIP","floor":18.0},{"not_picked":["Darkness","Leap","Conserve Battery"],"picked":"SKIP","floor":20.0},{"not_picked":["Hologram","Amplify"],"picked":"Compile Driver","floor":23.0},{"not_picked":["Go for the Eyes","Beam Cell","Chill"],"picked":"SKIP","floor":25.0},{"not_picked":["Steam","Leap+1"],"picked":"Coolheaded","floor":27.0},{"not_picked":["Go for the Eyes","Chaos"],"picked":"Gash","floor":29.0},{"not_picked":["Streamline+1","Hologram","Creative AI"],"picked":"SKIP","floor":31.0},{"not_picked":["Thunder Strike","Fission"],"picked":"Electrodynamics","floor":33.0},{"not_picked":["Beam Cell+1","Tempest"],"picked":"Coolheaded+1","floor":35},{"not_picked":["Conserve Battery","BootSequence","Reinforced Body"],"picked":"SKIP","floor":37},{"not_picked":["Conserve Battery","Compile Driver+1","Beam Cell"],"picked":"SKIP","floor":38},{"not_picked":["Streamline+1","Doom and Gloom"],"picked":"Redo+1","floor":41},{"not_picked":["Cold Snap","Barrage","Hologram"],"picked":"Singing Bowl","floor":44},{"not_picked":["Darkness","Go for the Eyes+1","Core Surge"],"picked":"Singing Bowl","floor":46},{"not_picked":["Turbo+1","Rebound","Compile Driver"],"picked":"Singing Bowl","floor":46},{"not_picked":["Heatsinks","Multi-Cast","Conserve Battery+1"],"picked":"Singing Bowl","floor":48}],"player_experience":865744,"relics_obtained":[{"floor":7.0,"key":"Whetstone"},{"floor":9.0,"key":"Bronze Scales"},{"floor":13.0,"key":"Symbiotic Virus"},{"floor":14.0,"key":"Happy Flower"},{"floor":23.0,"key":"Ice Cream"},{"floor":25.0,"key":"Strawberry"},{"floor":26.0,"key":"Ancient Tea Set"},{"floor":27.0,"key":"Art of War"},{"floor":29.0,"key":"Ornamental Fan"},{"floor":41,"key":"Bag of Marbles"},{"floor":41,"key":"Prayer Wheel"},{"floor":43,"key":"Omamori"},{"floor":44,"key":"Peace Pipe"},{"floor":48,"key":"Vajra"},{"floor":48,"key":"DataDisk"}],"event_choices":[{"damage_healed":0.0,"max_hp_gain":0.0,"max_hp_loss":0.0,"gold_gain":0.0,"event_name":"Golden Idol","player_choice":"Take Damage","floor":3.0,"gold_loss":0.0,"damage_taken":18.0,"relics_obtained":["Golden Idol"]},{"damage_healed":0.0,"max_hp_gain":0.0,"max_hp_loss":0.0,"gold_gain":0.0,"event_name":"Liars Game","player_choice":"Ignored","floor":11.0,"gold_loss":0.0,"damage_taken":0.0},{"damage_healed":0.0,"max_hp_gain":0.0,"max_hp_loss":0.0,"gold_gain":0.0,"event_name":"Back to Basics","player_choice":"Simplicity","floor":21.0,"gold_loss":0.0,"damage_taken":0.0,"cards_upgraded":["Strike_B","Defend_B","Defend_B","Defend_B","Defend_B"]},{"damage_healed":0.0,"max_hp_gain":0.0,"max_hp_loss":0.0,"gold_gain":0.0,"event_name":"The Library","player_choice":"Read","floor":22.0,"gold_loss":0.0,"damage_taken":0.0,"cards_obtained":["Capacitor"]},{"damage_healed":0,"gold_gain":0,"player_choice":"Ignored","damage_taken":0,"max_hp_gain":0,"max_hp_loss":0,"event_name":"SecretPortal","floor":36,"gold_loss":0},{"cards_removed":["Strike_B"],"damage_healed":0,"gold_gain":0,"player_choice":"Removed Attack","damage_taken":0,"max_hp_gain":0,"max_hp_loss":0,"event_name":"Falling","floor":42,"gold_loss":0},{"damage_healed":0,"gold_gain":0,"player_choice":"Fight","damage_taken":0,"max_hp_gain":0,"max_hp_loss":0,"event_name":"Mysterious Sphere","floor":44,"gold_loss":0},{"damage_healed":0,"gold_gain":0,"player_choice":"Max HP","damage_taken":0,"max_hp_gain":0,"max_hp_loss":4,"event_name":"Winding Halls","floor":47,"gold_loss":0}],"is_beta":false,"boss_relics":[{"not_picked":["Coffee Dripper","Orrery"],"picked":"Velvet Choker"},{"not_picked":["Lizard Tail","Astrolabe"],"picked":"Black Star"}],"items_purged_floors":[19],"is_endless":false,"potions_floor_spawned":[1,4,7,16,18,23,33,37,41],"killed_by":"Donu and Deca","ascension_level":5}