{"path_per_floor":["M","?","M","?","M","E","R","E","T","?","?","M","M"],"character_chosen":"THE_SILENT","items_purchased":[],"gold_per_floor":[112,187,200,150,162,194,194,219,270,270,270,288,298],"floor_reached":14,"campfire_rested":1,"playtime":1577,"current_hp_per_floor":[68,57,57,57,57,19,40,3,3,3,3,3,2],"items_purged":[],"gold":298,"play_id":"f21a5c6a-866c-48b1-ad0f-66b236c479ea","is_prod":false,"is_daily":false,"campfire_rituals":0,"campfire_upgraded":0,"is_hardmode":false,"path_taken":["M","?","M","?","M","E","R","E","T","?","?","M","M","?"],"build_version":"2018-01-18-PROD4","purchased_purges":0,"victory":false,"master_deck":["Defend_G","Defend_G","Defend_G","Defend_G","Strike_G","Strike_G","Strike_G","Strike_G","Strike_G","Survivor","Neutralize","Outmaneuver","Blur","Terror","PiercingWail","Acrobatics","Flying Knee","Dodge and Roll","Noxious Fumes"],"max_hp_per_floor":[70,70,70,70,70,70,70,70,70,70,70,70,70],"relics":["Ring of the Snake","Pen Nib","War Paint","Snake Skull"],"campfire_meditates":0,"card_choices":[{"not_picked":["Choke","Dodge and Roll"],"picked":"Outmaneuver"},{"not_picked":["Dagger Throw","Prepared"],"picked":"Blur"},{"not_picked":["Dodge and Roll","Slice"],"picked":"Terror"},{"not_picked":["Bane","Deflect"],"picked":"PiercingWail"},{"not_picked":["Flechettes","Skewer"],"picked":"Acrobatics"},{"not_picked":["Malaise","Glass Knife"],"picked":"Flying Knee"},{"not_picked":["Catalyst","Prepared"],"picked":"Dodge and Roll"},{"not_picked":["Quick Slash","Dodge and Roll"],"picked":"Noxious Fumes"}],"player_experience":62828,"potions_floor_usage":[8,12],"damage_taken":[{"damage":2,"enemies":"Small Slimes","floor":1,"turns":5},{"damage":0,"enemies":"Jaw Worm","floor":3,"turns":5},{"damage":0,"enemies":"Cultist","floor":5,"turns":4},{"damage":38,"enemies":"Lagavulin","floor":6,"turns":13},{"damage":37,"enemies":"3 Sentries","floor":8,"turns":12},{"damage":0,"enemies":"Exordium Thugs","floor":12,"turns":3},{"damage":1,"enemies":"3 Louse","floor":13,"turns":4},{"damage":2,"enemies":"Large Slime","floor":14,"turns":5}],"event_choices":[{"event_name":"World of Goop","player_choice":"Gather Gold","floor":2,"damage_taken":0},{"event_name":"The Cleric","player_choice":"Card Removal","floor":4,"damage_taken":0},{"event_name":"Golden Wing","player_choice":"Ignored","floor":10,"damage_taken":0},{"event_name":"Dead Adventurer","player_choice":"Searched \u00271\u0027 times","floor":11,"damage_taken":0}],"boss_relics":[],"potions_floor_spawned":[3,8,13],"seed_played":"158314286606037938","killed_by":"Large Slime","is_trial":false}