{"gold_per_floor":[117,127,142,160,40,40,75,75,75,100,120,130,130,141,141,237,237,253,72,72,72,86,117,137,137,137,172,182,182,192,192],"floor_reached":31,"playtime":2503,"items_purged":["Strike_R","Defend_R"],"score":364,"play_id":"602d7d3b-d6ca-4b2b-9de8-c3008cd488b5","local_time":"20190102225013","is_ascension_mode":false,"campfire_choices":[{"data":"Berserk","floor":6.0,"key":"SMITH"},{"data":"Searing Blow","floor":8.0,"key":"SMITH"},{"floor":15.0,"key":"REST"},{"data":"Searing Blow+1","floor":25.0,"key":"SMITH"}],"neow_cost":"NONE","seed_source_timestamp":0,"circlet_count":0,"master_deck":["Defend_R+1","Defend_R+1","Defend_R+1","Bash","Offering","Twin Strike+1","Anger","Berserk+1","Power Through+1","Iron Wave","Searing Blow+2","Body Slam","Limit Break","Evolve+1","Armaments","Reaper","Headbutt","Infernal Blade","Limit Break","Shrug It Off","Metallicize","Second Wind","Spot Weakness","Bite","Bite","Bite","Bite","Bite"],"special_seed":0,"relics":["Burning Blood","War Paint","Art of War","Blue Candle","Snecko Eye","Bag of Preparation","Prayer Wheel","Juzu Bracelet"],"potions_floor_usage":[],"damage_taken":[{"damage":6.0,"enemies":"Cultist","floor":1.0,"turns":2.0},{"damage":0.0,"enemies":"Small Slimes","floor":2.0,"turns":3.0},{"damage":1.0,"enemies":"2 Louse","floor":3.0,"turns":2.0},{"damage":19.0,"enemies":"Blue Slaver","floor":4.0,"turns":3.0},{"damage":20.0,"enemies":"3 Sentries","floor":7.0,"turns":8.0},{"damage":11.0,"enemies":"Lagavulin","floor":10.0,"turns":5.0},{"damage":10.0,"enemies":"Gremlin Gang","floor":11.0,"turns":4.0},{"damage":7.0,"enemies":"3 Louse","floor":12.0,"turns":2.0},{"damage":25.0,"enemies":"Exordium Thugs","floor":14.0,"turns":5.0},{"damage":6.0,"enemies":"Slime Boss","floor":16.0,"turns":8.0},{"damage":18.0,"enemies":"3 Byrds","floor":18.0,"turns":5.0},{"damage":11.0,"enemies":"2 Thieves","floor":22.0,"turns":3.0},{"damage":9.0,"enemies":"Gremlin Leader","floor":23.0,"turns":6.0},{"damage":28.0,"enemies":"Centurion and Healer","floor":24.0,"turns":7.0},{"damage":27.0,"enemies":"Book of Stabbing","floor":27.0,"turns":3.0},{"damage":31.0,"enemies":"Snake Plant","floor":28.0,"turns":4.0},{"damage":14,"enemies":"Shelled Parasite and Fungi","floor":30,"turns":7},{"damage":42,"enemies":"Chosen and Byrds","floor":31,"turns":4}],"seed_played":"-4384438415535354284","potions_obtained":[{"floor":2.0,"key":"SkillPotion"},{"floor":3.0,"key":"Dexterity Potion"},{"floor":12.0,"key":"Ancient Potion"},{"floor":14.0,"key":"SteroidPotion"},{"floor":16.0,"key":"FearPotion"},{"floor":24.0,"key":"Block Potion"},{"floor":27.0,"key":"Dexterity Potion"},{"floor":30,"key":"FearPotion"}],"is_trial":false,"path_per_floor":["M","M","M","M","$","R","E","R","T","E","M","M","?","M","R","B",null,"M","$","?","?","M","E","M","R","T","E","M","?","M","M"],"character_chosen":"IRONCLAD","items_purchased":["Iron Wave","Infernal Blade"],"campfire_rested":1,"item_purchase_floors":[5,19],"current_hp_per_floor":[80,80,80,67,67,67,53,53,53,48,44,43,27,8,32,32,80,74,74,74,74,69,77,61,61,61,46,21,21,31,0],"gold":192,"neow_bonus":"ONE_RANDOM_RARE_CARD","is_prod":false,"is_daily":false,"chose_seed":false,"campfire_upgraded":3,"win_rate":0,"timestamp":1546498213,"path_taken":["M","M","?","M","$","R","E","R","T","E","?","M","?","M","R","BOSS","M","$","?","?","M","E","M","R","T","E","M","?","M","M"],"build_version":"2018-12-20","purchased_purges":2,"victory":false,"max_hp_per_floor":[80,80,80,80,80,80,80,80,80,80,80,80,80,80,80,80,80,80,80,80,80,80,80,80,80,80,80,80,56,56,56],"card_choices":[{"not_picked":["Flex","Corruption"],"picked":"Twin Strike","floor":1.0},{"not_picked":["Thunderclap","Flame Barrier"],"picked":"Anger","floor":2.0},{"not_picked":["Armaments","Body Slam"],"picked":"Berserk","floor":3.0},{"not_picked":["Thunderclap","Wild Strike"],"picked":"Power Through","floor":4.0},{"not_picked":["Perfected Strike","Sentinel"],"picked":"Searing Blow","floor":7.0},{"not_picked":["Clothesline","Sentinel"],"picked":"Body Slam","floor":10.0},{"not_picked":["Cleave","Iron Wave"],"picked":"Limit Break","floor":11.0},{"not_picked":["Perfected Strike","Cleave"],"picked":"Evolve","floor":12.0},{"not_picked":["Dropkick","Iron Wave"],"picked":"Armaments","floor":14.0},{"not_picked":["Dark Embrace","Offering"],"picked":"Reaper","floor":16.0},{"not_picked":["Shrug It Off","Burning Pact"],"picked":"Headbutt","floor":18.0},{"not_picked":["Bloodletting","Perfected Strike"],"picked":"Shrug It Off","floor":22.0},{"not_picked":["Disarm","Carnage+1"],"picked":"Metallicize","floor":23.0},{"not_picked":["Warcry","True Grit+1"],"picked":"Second Wind","floor":24.0},{"not_picked":["True Grit","Dual Wield","Hemokinesis+1"],"picked":"SKIP","floor":27.0},{"not_picked":["Wild Strike","Feel No Pain"],"picked":"Spot Weakness","floor":28.0},{"not_picked":["Perfected Strike","Dual Wield+1","Hemokinesis+1"],"picked":"SKIP","floor":28.0},{"not_picked":["Havoc","Infernal Blade","Sword Boomerang"],"picked":"SKIP","floor":30},{"not_picked":["Thunderclap+1","Entrench","Havoc+1"],"picked":"SKIP","floor":30}],"player_experience":493766,"relics_obtained":[{"floor":7.0,"key":"War Paint"},{"floor":9.0,"key":"Art of War"},{"floor":10.0,"key":"Blue Candle"},{"floor":23.0,"key":"Bag of Preparation"},{"floor":26.0,"key":"Prayer Wheel"},{"floor":27.0,"key":"Juzu Bracelet"}],"event_choices":[{"damage_healed":0.0,"max_hp_gain":0.0,"max_hp_loss":0.0,"gold_gain":0.0,"event_name":"Shining Light","player_choice":"Entered Light","floor":13.0,"gold_loss":0.0,"damage_taken":16.0,"cards_upgraded":["Evolve","Twin Strike"]},{"damage_healed":0.0,"max_hp_gain":0.0,"max_hp_loss":0.0,"gold_gain":0.0,"event_name":"Back to Basics","player_choice":"Simplicity","floor":20.0,"gold_loss":0.0,"damage_taken":0.0,"cards_upgraded":["Strike_R","Strike_R","Strike_R","Strike_R","Defend_R","Defend_R"]},{"damage_healed":0.0,"max_hp_gain":0.0,"max_hp_loss":0.0,"gold_gain":0.0,"event_name":"Duplicator","player_choice":"Copied","floor":21.0,"gold_loss":0.0,"damage_taken":0.0,"cards_obtained":["Limit Break"]},{"damage_healed":0.0,"max_hp_gain":0.0,"max_hp_loss":24.0,"gold_gain":0.0,"event_name":"Vampires","player_choice":"Became a vampire","floor":29.0,"gold_loss":0.0,"damage_taken":0.0,"cards_obtained":["Bite","Bite","Bite","Bite","Bite"]}],"is_beta":false,"boss_relics":[{"not_picked":["Runic Dome","Eternal Feather"],"picked":"Snecko Eye"}],"items_purged_floors":[5,19],"is_endless":false,"potions_floor_spawned":[2,3,12,14,16,18,24,27,30],"killed_by":"Chosen and Byrds","ascension_level":0}