{"gold_per_floor":[116,116,116,141,159,159,200,224,224,244,244],"floor_reached":11,"playtime":370,"items_purged":[],"score":86,"play_id":"988f2d0e-dd9c-49f2-86ae-4c228c61c4d2","local_time":"20190515183454","is_ascension_mode":true,"campfire_choices":[{"data":"Neutralize","floor":6,"key":"SMITH"}],"neow_cost":"NONE","seed_source_timestamp":3001764564646779,"circlet_count":0,"master_deck":["Defend_G","Defend_G","Defend_G","Defend_G","Defend_G","Strike_G","Strike_G","Strike_G","Strike_G","Strike_G","Survivor","Neutralize+1","Concentrate","Burst"],"relics":["Ring of the Snake","NeowsBlessing","Golden Idol","Mango","Regal Pillow","Matryoshka"],"potions_floor_usage":[7],"damage_taken":[{"damage":0,"enemies":"Small Slimes","floor":1,"turns":1},{"damage":0,"enemies":"Jaw Worm","floor":4,"turns":1},{"damage":0,"enemies":"Cultist","floor":5,"turns":1},{"damage":54,"enemies":"3 Sentries","floor":7,"turns":11},{"damage":7,"enemies":"Looter","floor":8,"turns":5},{"damage":2,"enemies":"Red Slaver","floor":10,"turns":6},{"damage":17,"enemies":"Exordium Thugs","floor":11,"turns":6}],"seed_played":"7398774333191470807","potions_obtained":[{"floor":1,"key":"GamblersBrew"},{"floor":4,"key":"AttackPotion"}],"is_trial":false,"path_per_floor":["M","?","T","M","M","R","E","M","T","M","M"],"character_chosen":"THE_SILENT","items_purchased":[],"campfire_rested":0,"item_purchase_floors":[],"current_hp_per_floor":[70,65,79,79,79,79,25,18,18,16,0],"gold":244,"neow_bonus":"THREE_ENEMY_KILL","is_prod":false,"is_daily":false,"chose_seed":false,"campfire_upgraded":1,"win_rate":0,"timestamp":1557938094,"path_taken":["M","?","?","M","M","R","E","M","T","?","M"],"build_version":"2019-01-23","purchased_purges":0,"victory":false,"max_hp_per_floor":[70,65,79,79,79,79,79,79,79,79,79],"card_choices":[{"not_picked":["Riddle With Holes","Bane","Setup"],"picked":"SKIP","floor":1},{"not_picked":["Prepared","Caltrops","Crippling Poison"],"picked":"SKIP","floor":4},{"not_picked":["Quick Slash","Underhanded Strike"],"picked":"Concentrate","floor":5},{"not_picked":["Adrenaline","Deadly Poison"],"picked":"Burst","floor":7},{"not_picked":["Concentrate","Bane","PiercingWail"],"picked":"SKIP","floor":8},{"not_picked":["Tactician","Acrobatics","Heel Hook"],"picked":"SKIP","floor":10}],"player_experience":193614,"relics_obtained":[{"floor":3,"key":"Mango"},{"floor":7,"key":"Regal Pillow"},{"floor":9,"key":"Matryoshka"}],"event_choices":[{"damage_healed":0,"gold_gain":0,"player_choice":"Lose Max HP","damage_taken":0,"relics_obtained":["Golden Idol"],"max_hp_gain":0,"max_hp_loss":5,"event_name":"Golden Idol","floor":2,"gold_loss":0}],"is_beta":false,"boss_relics":[],"items_purged_floors":[],"is_endless":false,"potions_floor_spawned":[1,4],"killed_by":"Exordium Thugs","ascension_level":3}