{"gold_per_floor":[116,132,142,142,157,157,174,204,204,204,221,8,8,27,27,27],"floor_reached":16,"playtime":584,"items_purged":[],"score":198,"play_id":"6c31a035-a6f3-481d-8f51-ad9284b40f03","local_time":"20190613123659","is_ascension_mode":true,"campfire_choices":[{"data":"True Grit","floor":6,"key":"SMITH"},{"data":"Evolve","floor":10,"key":"SMITH"},{"data":"Apotheosis","floor":13,"key":"SMITH"},{"floor":15,"key":"REST"}],"neow_cost":"NONE","seed_source_timestamp":2264202755778858,"circlet_count":0,"master_deck":["AscendersBane","Strike_R","Strike_R","Strike_R","Strike_R","Strike_R","Defend_R","Defend_R","Defend_R","Defend_R","Bash","Limit Break","Sword Boomerang","True Grit+1","Cleave","Evolve+1","Heavy Blade","Apotheosis+1","Feel No Pain"],"relics":["Burning Blood","Juzu Bracelet","Mummified Hand","Bottled Lightning"],"potions_floor_usage":[3,8],"damage_taken":[{"damage":2,"enemies":"Cultist","floor":1,"turns":4},{"damage":6,"enemies":"2 Louse","floor":2,"turns":4},{"damage":0,"enemies":"Jaw Worm","floor":3,"turns":4},{"damage":11,"enemies":"Looter","floor":5,"turns":3},{"damage":20,"enemies":"Red Slaver","floor":7,"turns":5},{"damage":40,"enemies":"Gremlin Nob","floor":8,"turns":5},{"damage":0,"enemies":"2 Fungi Beasts","floor":11,"turns":3},{"damage":22,"enemies":"3 Louse","floor":14,"turns":3},{"damage":40,"enemies":"Hexaghost","floor":16,"turns":11}],"seed_played":"-3485610837381515090","potions_obtained":[{"floor":1,"key":"Ancient Potion"},{"floor":2,"key":"SkillPotion"},{"floor":3,"key":"LiquidBronze"}],"is_trial":false,"path_per_floor":["M","M","M","?","M","R","M","E","T","R","M","$","R","M","R","B"],"character_chosen":"IRONCLAD","items_purchased":["Apotheosis"],"campfire_rested":1,"item_purchase_floors":[12],"current_hp_per_floor":[72,72,75,75,70,70,56,22,22,22,28,28,28,12,34,0],"gold":27,"neow_bonus":"ONE_RANDOM_RARE_CARD","is_prod":false,"is_daily":false,"chose_seed":false,"campfire_upgraded":3,"win_rate":0,"timestamp":1560440219,"path_taken":["M","M","?","?","M","R","M","E","T","R","M","?","R","M","R","BOSS"],"build_version":"2019-01-23","purchased_purges":0,"victory":false,"max_hp_per_floor":[75,75,75,75,75,75,75,75,75,75,75,75,75,75,75,75],"card_choices":[{"not_picked":["Burning Pact","Havoc"],"picked":"Sword Boomerang","floor":1},{"not_picked":["Dual Wield","Second Wind"],"picked":"True Grit","floor":2},{"not_picked":["Warcry","Body Slam","Fire Breathing"],"picked":"SKIP","floor":3},{"not_picked":["Bloodletting","Carnage"],"picked":"Cleave","floor":5},{"not_picked":["Perfected Strike","Clash"],"picked":"Evolve","floor":7},{"not_picked":["Hemokinesis","Perfected Strike","Sentinel"],"picked":"SKIP","floor":8},{"not_picked":["Armaments","Sword Boomerang"],"picked":"Heavy Blade","floor":11},{"not_picked":["Reckless Charge","Body Slam"],"picked":"Feel No Pain","floor":14}],"player_experience":1018450,"relics_obtained":[{"floor":8,"key":"Mummified Hand"},{"floor":9,"key":"Bottled Lightning"}],"event_choices":[{"damage_healed":0,"gold_gain":0,"player_choice":"Gave Potion","damage_taken":0,"relics_obtained":["Juzu Bracelet"],"max_hp_gain":0,"max_hp_loss":0,"event_name":"WeMeetAgain","floor":4,"gold_loss":0}],"is_beta":false,"boss_relics":[],"items_purged_floors":[],"is_endless":false,"potions_floor_spawned":[1,2,3],"killed_by":"Hexaghost","ascension_level":18}