{"path_per_floor":["M","M","?","M","M","R","M","?","T","M","M","E","$","M","R","B",null,"M","$","?","M","M","R","M","M","T","R"],"character_chosen":"IRONCLAD","items_purchased":["Apotheosis","Shrug It Off","Weak Potion"],"gold_per_floor":[114,130,130,144,160,160,170,245,324,344,358,386,77,93,93,191,191,201,51,51,66,81,81,98,108,408,408],"floor_reached":28,"campfire_rested":3,"playtime":5272,"current_hp_per_floor":[80,75,75,70,61,80,80,69,69,48,49,22,22,21,45,59,80,59,59,59,57,52,52,56,15,15,39],"items_purged":["Strike_R","Bash"],"gold":408,"play_id":"770ccc1f-1d77-4a8f-8eb0-7d75dd8d3d78","is_prod":false,"is_daily":false,"campfire_rituals":0,"campfire_upgraded":1,"is_hardmode":false,"path_taken":["M","M","?","M","M","R","M","?","T","M","?","E","$","M","R","BOSS","M","$","?","M","M","R","M","?","T","R","M"],"build_version":"2018-01-18-PROD4","purchased_purges":2,"victory":false,"master_deck":["Strike_R","Strike_R","Strike_R","Defend_R","Defend_R","Defend_R","Defend_R","Iron Wave","Spot Weakness","Combust","Inflame","Barricade","Shrug It Off","Body Slam","Iron Wave","Apotheosis","Shrug It Off","True Grit","Impervious","Intimidate","Seeing Red","Iron Wave"],"max_hp_per_floor":[80,80,80,80,80,80,80,80,80,80,80,80,80,80,80,80,80,80,80,80,80,80,80,80,80,80,80],"relics":["Black Blood","Ancient Tea Set","Pantograph","Oddly Smooth Stone","Old Coin"],"campfire_meditates":0,"card_choices":[{"not_picked":["Anger","Pummel"],"picked":"Iron Wave"},{"not_picked":["Fire Breathing","Flex"],"picked":"Spot Weakness"},{"not_picked":["Seeing Red","Cleave"],"picked":"Combust"},{"not_picked":["Rage","True Grit"],"picked":"Inflame"},{"not_picked":["Twin Strike","Sword Boomerang"],"picked":"Barricade"},{"not_picked":["Clash","Thunderclap"],"picked":"Shrug It Off"},{"not_picked":["Pummel","Dual Wield"],"picked":"Body Slam"},{"not_picked":["Seeing Red","Anger"],"picked":"Iron Wave"},{"not_picked":["Perfected Strike","Pommel Strike"],"picked":"True Grit"},{"not_picked":["Barricade","Bludgeon"],"picked":"Impervious"},{"not_picked":["Flex","Dropkick"],"picked":"Intimidate"},{"not_picked":["Twin Strike","Clash"],"picked":"Seeing Red"},{"not_picked":["Perfected Strike","Clash"],"picked":"Iron Wave"}],"player_experience":64405,"potions_floor_usage":[],"damage_taken":[{"damage":1.0,"enemies":"Cultist","floor":1.0,"turns":3.0},{"damage":11.0,"enemies":"Blue Slaver","floor":2.0,"turns":5.0},{"damage":11.0,"enemies":"Jaw Worm","floor":4.0,"turns":3.0},{"damage":15.0,"enemies":"Large Slime","floor":5.0,"turns":6.0},{"damage":3.0,"enemies":"2 Fungi Beasts","floor":7.0,"turns":4.0},{"damage":27.0,"enemies":"Exordium Thugs","floor":10.0,"turns":6.0},{"damage":5.0,"enemies":"Looter","floor":11.0,"turns":5.0},{"damage":33.0,"enemies":"3 Sentries","floor":12.0,"turns":7.0},{"damage":7.0,"enemies":"2 Fungi Beasts","floor":14.0,"turns":5.0},{"damage":17.0,"enemies":"Slime Boss","floor":16.0,"turns":8.0},{"damage":31.0,"enemies":"Chosen","floor":18.0,"turns":11.0},{"damage":12.0,"enemies":"Shell Parasite","floor":21.0,"turns":9.0},{"damage":15.0,"enemies":"3 Cultists","floor":22.0,"turns":6.0},{"damage":6,"enemies":"Centurion and Healer","floor":24,"turns":9},{"damage":51,"enemies":"Chosen and Byrds","floor":25,"turns":11},{"damage":51,"enemies":"3 Cultists","floor":28,"turns":5}],"event_choices":[{"event_name":"Purifier","player_choice":"One Purge","floor":3.0,"damage_taken":0.0},{"event_name":"World of Goop","player_choice":"Gather Gold","floor":8.0,"damage_taken":0.0},{"event_name":"Beggar","player_choice":"Ignored","floor":20.0,"damage_taken":0.0}],"boss_relics":[],"potions_floor_spawned":[2,5,11,12,14,18,21],"seed_played":"-4366329994682355246","killed_by":"3 Cultists","is_trial":false}