{"gold_per_floor":[110,127,21,31,41,41,69,69,69,69,69,83,110,185,185,281,281,292,292],"floor_reached":19,"playtime":1587,"items_purged":[],"score":212,"play_id":"4bfe25a6-0ef2-427e-896e-9729ec8e9359","local_time":"20181218234722","is_ascension_mode":true,"campfire_choices":[{"data":"Body Slam","floor":6.0,"key":"SMITH"},{"data":"Inflame","floor":8.0,"key":"SMITH"},{"floor":10.0,"key":"REST"},{"data":"Combust","floor":15.0,"key":"SMITH"}],"neow_cost":"NONE","seed_source_timestamp":0,"circlet_count":0,"master_deck":["Strike_R","Strike_R","Strike_R","Strike_R","Strike_R","Defend_R","Defend_R","Defend_R","Defend_R","Bash","Body Slam+1","Feel No Pain","Burning Pact","Combust+1","Cleave","Pummel","Shrug It Off","Inflame+1","Warcry","Thunderclap","Juggernaut+1","Flame Barrier"],"special_seed":0,"relics":["Black Blood","Question Card","Frozen Egg 2","Pantograph"],"potions_floor_usage":[],"damage_taken":[{"damage":6.0,"enemies":"Cultist","floor":1.0,"turns":4.0},{"damage":10.0,"enemies":"Small Slimes","floor":2.0,"turns":3.0},{"damage":23.0,"enemies":"Jaw Worm","floor":4.0,"turns":4.0},{"damage":6.0,"enemies":"2 Fungi Beasts","floor":5.0,"turns":3.0},{"damage":31.0,"enemies":"Lagavulin","floor":7.0,"turns":5.0},{"damage":15.0,"enemies":"Large Slime","floor":12.0,"turns":5.0},{"damage":19.0,"enemies":"3 Sentries","floor":13.0,"turns":5.0},{"damage":55.0,"enemies":"Hexaghost","floor":16.0,"turns":10.0},{"damage":50,"enemies":"2 Thieves","floor":18,"turns":4},{"damage":57,"enemies":"Shell Parasite","floor":19,"turns":7}],"seed_played":"1803240421755658359","potions_obtained":[{"floor":2.0,"key":"PowerPotion"},{"floor":5.0,"key":"Poison Potion"},{"floor":12.0,"key":"Strength Potion"},{"floor":13.0,"key":"Block Potion"}],"is_trial":false,"path_per_floor":["M","M","$","M","M","R","E","R","T","R","?","M","E","?","R","B",null,"M","M"],"character_chosen":"IRONCLAD","items_purchased":["Combust","Cleave"],"campfire_rested":1,"item_purchase_floors":[3,3],"current_hp_per_floor":[80,76,76,59,59,59,34,34,34,58,63,54,41,33,33,9,85,45,0],"gold":292,"neow_bonus":"THREE_CARDS","is_prod":false,"is_daily":false,"chose_seed":false,"campfire_upgraded":3,"win_rate":0,"timestamp":1545205642,"path_taken":["M","M","$","M","M","R","E","R","T","R","?","M","E","?","R","BOSS","M","M"],"build_version":"2018-12-13","purchased_purges":0,"victory":false,"max_hp_per_floor":[80,80,80,80,80,80,80,80,80,80,85,85,85,85,85,85,85,85,85],"card_choices":[{"not_picked":["Anger","Thunderclap"],"picked":"Body Slam","floor":0.0},{"not_picked":["Headbutt","Reckless Charge"],"picked":"Feel No Pain","floor":1.0},{"not_picked":["Thunderclap","Flex"],"picked":"Burning Pact","floor":2.0},{"not_picked":["Battle Trance","Bloodletting"],"picked":"Pummel","floor":4.0},{"not_picked":["True Grit","Twin Strike"],"picked":"Shrug It Off","floor":5.0},{"not_picked":["Battle Trance","Uppercut"],"picked":"Inflame","floor":7.0},{"not_picked":["Heavy Blade","Armaments","Clash"],"picked":"Warcry","floor":12.0},{"not_picked":["Blood for Blood","Cleave","Twin Strike"],"picked":"Thunderclap","floor":13.0},{"not_picked":["Feed","Double Tap","Immolate"],"picked":"Juggernaut+1","floor":16.0},{"not_picked":["Havoc","Clash","Carnage+1"],"picked":"Flame Barrier","floor":18}],"player_experience":466746,"relics_obtained":[{"floor":7.0,"key":"Question Card"},{"floor":9.0,"key":"Frozen Egg 2"},{"floor":13.0,"key":"Pantograph"}],"event_choices":[{"damage_healed":0.0,"max_hp_gain":5.0,"max_hp_loss":0.0,"gold_gain":0.0,"event_name":"Big Fish","player_choice":"Donut","floor":11.0,"gold_loss":0.0,"damage_taken":0.0},{"damage_healed":0.0,"max_hp_gain":0.0,"max_hp_loss":0.0,"gold_gain":75.0,"event_name":"FaceTrader","player_choice":"Touch","floor":14.0,"gold_loss":0.0,"damage_taken":8.0}],"is_beta":false,"boss_relics":[{"not_picked":["Calling Bell","Empty Cage"],"picked":"Black Blood"}],"items_purged_floors":[],"is_endless":false,"potions_floor_spawned":[2,5,12,13],"killed_by":"Shell Parasite","ascension_level":4}