{"gold_per_floor":[209,130,143,103,118,147,147,172,197,261,311,311,311,328,328,328],"floor_reached":16,"playtime":837,"items_purged":[],"score":130,"play_id":"6571e9d5-de92-49d9-aba3-2c04dc559fa5","local_time":"20190407192006","is_ascension_mode":true,"campfire_choices":[{"data":"Armaments","floor":7.0,"key":"SMITH"},{"floor":13.0,"key":"REST"},{"floor":15.0,"key":"DIG"}],"neow_cost":"NONE","seed_source_timestamp":2136393413754031,"circlet_count":0,"master_deck":["Strike_R","Strike_R+1","Strike_R","Strike_R","Strike_R","Defend_R","Defend_R","Defend_R","Defend_R","Bash","Shrug It Off","Metallicize","Armaments+1","Metallicize","Cleave+1","Shrug It Off","Infernal Blade"],"special_seed":0,"relics":["Burning Blood","Lantern","Oddly Smooth Stone","Whetstone","Tiny Chest","Shovel","Omamori"],"potions_floor_usage":[16,16],"damage_taken":[{"damage":1.0,"enemies":"Cultist","floor":1.0,"turns":4.0},{"damage":13.0,"enemies":"Small Slimes","floor":3.0,"turns":5.0},{"damage":0.0,"enemies":"Jaw Worm","floor":5.0,"turns":6.0},{"damage":27.0,"enemies":"Lagavulin","floor":6.0,"turns":9.0},{"damage":50.0,"enemies":"Gremlin Nob","floor":8.0,"turns":7.0},{"damage":9.0,"enemies":"3 Sentries","floor":10.0,"turns":9.0},{"damage":0.0,"enemies":"Gremlin Gang","floor":14.0,"turns":3.0},{"damage":44,"enemies":"Slime Boss","floor":16,"turns":9}],"seed_played":"-5259141486718466683","potions_obtained":[{"floor":3.0,"key":"GamblersBrew"},{"floor":8.0,"key":"Ancient Potion"},{"floor":10.0,"key":"Explosive Potion"}],"is_trial":false,"path_per_floor":["M","$","M","$","M","E","R","E","T","E","?","T","R","M","R","B"],"character_chosen":"IRONCLAD","items_purchased":["Metallicize","Metallicize"],"campfire_rested":1,"item_purchase_floors":[2,4],"current_hp_per_floor":[80,80,73,73,79,58,58,14,14,11,11,11,35,41,41,0],"gold":328,"neow_bonus":"HUNDRED_GOLD","is_prod":false,"is_daily":false,"chose_seed":false,"campfire_upgraded":1,"win_rate":0,"timestamp":1554657606,"path_taken":["M","$","M","?","M","E","R","E","T","E","?","?","R","?","R","BOSS"],"build_version":"2019-01-23","purchased_purges":0,"victory":false,"max_hp_per_floor":[80,80,80,80,80,80,80,80,80,80,80,80,80,80,80,80],"card_choices":[{"not_picked":["Sword Boomerang","Flame Barrier"],"picked":"Shrug It Off","floor":1.0},{"not_picked":["Shrug It Off","Flex"],"picked":"Armaments","floor":3.0},{"not_picked":["Heavy Blade","Sword Boomerang"],"picked":"Cleave","floor":5.0},{"not_picked":["Flex","Sentinel"],"picked":"Shrug It Off","floor":6.0},{"not_picked":["Uppercut","Bludgeon"],"picked":"Infernal Blade","floor":8.0},{"not_picked":["Hemokinesis","Perfected Strike","Dropkick"],"picked":"SKIP","floor":10.0},{"not_picked":["Clash","Ghostly Armor","Heavy Blade"],"picked":"SKIP","floor":14.0}],"player_experience":96405,"relics_obtained":[{"floor":6.0,"key":"Lantern"},{"floor":8.0,"key":"Oddly Smooth Stone"},{"floor":9.0,"key":"Whetstone"},{"floor":10.0,"key":"Tiny Chest"},{"floor":12.0,"key":"Shovel"},{"floor":15.0,"key":"Omamori"}],"event_choices":[{"damage_healed":0.0,"max_hp_gain":0.0,"max_hp_loss":0.0,"gold_gain":50.0,"event_name":"Golden Wing","player_choice":"Gained Gold","floor":11.0,"gold_loss":0.0,"damage_taken":0.0}],"is_beta":false,"boss_relics":[],"items_purged_floors":[],"is_endless":false,"potions_floor_spawned":[3,8,10],"killed_by":"Slime Boss","ascension_level":2}