{"gold_per_floor":[213,225,242,57,74,99,99,99,99,25,51,51,83,97,97,202,202,215,215,183,183,183],"floor_reached":22,"playtime":1658,"items_purged":["Strike_G"],"score":245,"play_id":"6a2f1562-b954-42f3-85e5-1049a7ae8d33","local_time":"20190312222809","is_ascension_mode":true,"campfire_choices":[{"floor":8.0,"key":"REST"},{"data":"Caltrops","floor":12.0,"key":"SMITH"},{"floor":15.0,"key":"REST"}],"neow_cost":"NONE","seed_source_timestamp":0,"circlet_count":0,"master_deck":["Defend_G","Defend_G","Defend_G","Defend_G","Defend_G","Strike_G","Strike_G","Strike_G","Strike_G","Survivor","Neutralize","Bouncing Flask+1","Slice","Dagger Throw","Well Laid Plans","Flechettes","Acrobatics","Caltrops+1","Deadly Poison","Leg Sweep","Footwork","Envenom","Backflip","RitualDagger","Infinite Blades"],"special_seed":0,"relics":["Ring of the Snake","Matryoshka","Juzu Bracelet","Mango","Pen Nib","Boot","Eternal Feather"],"potions_floor_usage":[],"damage_taken":[{"damage":5.0,"enemies":"Cultist","floor":1.0,"turns":6.0},{"damage":4.0,"enemies":"Jaw Worm","floor":2.0,"turns":4.0},{"damage":0.0,"enemies":"2 Louse","floor":3.0,"turns":3.0},{"damage":14.0,"enemies":"Large Slime","floor":5.0,"turns":6.0},{"damage":16.0,"enemies":"Lagavulin","floor":6.0,"turns":6.0},{"damage":29.0,"enemies":"3 Sentries","floor":11.0,"turns":8.0},{"damage":20.0,"enemies":"Lagavulin","floor":13.0,"turns":5.0},{"damage":2.0,"enemies":"3 Louse","floor":14.0,"turns":4.0},{"damage":19.0,"enemies":"The Guardian","floor":16.0,"turns":9.0},{"damage":13.0,"enemies":"Chosen","floor":18.0,"turns":4.0},{"damage":45,"enemies":"2 Thieves","floor":20,"turns":5},{"damage":26,"enemies":"Centurion and Healer","floor":22,"turns":2}],"seed_played":"3290220124842204734","potions_obtained":[{"floor":1.0,"key":"Block Potion"},{"floor":5.0,"key":"GhostInAJar"},{"floor":11.0,"key":"Ancient Potion"},{"floor":16.0,"key":"GamblersBrew"}],"is_trial":false,"path_per_floor":["M","M","M","$","M","E","?","R","T","$","E","R","E","M","R","B",null,"M","?","M","?","M"],"character_chosen":"THE_SILENT","items_purchased":["Well Laid Plans","Flechettes","Caltrops"],"campfire_rested":2,"item_purchase_floors":[4,4,10],"current_hp_per_floor":[65,61,61,61,47,31,31,52,66,66,37,37,17,15,40,21,84,71,65,20,20,0],"gold":183,"neow_bonus":"HUNDRED_GOLD","is_prod":false,"is_daily":false,"chose_seed":false,"campfire_upgraded":1,"win_rate":0,"timestamp":1552454889,"path_taken":["M","M","M","$","?","E","?","R","T","?","E","R","E","M","R","BOSS","M","?","M","?","M"],"build_version":"2019-01-23","purchased_purges":1,"victory":false,"max_hp_per_floor":[70,70,70,70,70,70,70,70,84,84,84,84,84,84,84,84,84,84,84,84,84,84],"card_choices":[{"not_picked":["Blur","Dagger Throw"],"picked":"Bouncing Flask","floor":1.0},{"not_picked":["Sucker Punch","Dodge and Roll"],"picked":"Slice","floor":2.0},{"not_picked":["Poisoned Stab","Acrobatics"],"picked":"Dagger Throw","floor":3.0},{"not_picked":["Dagger Throw","Distraction"],"picked":"Acrobatics","floor":5.0},{"not_picked":["Quick Slash","Finisher","Deflect"],"picked":"SKIP","floor":6.0},{"not_picked":["Caltrops","Acrobatics"],"picked":"Deadly Poison","floor":11.0},{"not_picked":["Slice","Backflip"],"picked":"Leg Sweep","floor":13.0},{"not_picked":["Cloak And Dagger","Dagger Throw"],"picked":"Footwork","floor":14.0},{"not_picked":["Die Die Die","Unload"],"picked":"Envenom","floor":16.0},{"not_picked":["Distraction","Dodge and Roll"],"picked":"Backflip","floor":18.0},{"not_picked":["Bane","Acrobatics","Predator"],"picked":"SKIP","floor":20}],"player_experience":592774,"relics_obtained":[{"floor":6.0,"key":"Matryoshka"},{"floor":9.0,"key":"Juzu Bracelet"},{"floor":9.0,"key":"Mango"},{"floor":11.0,"key":"Pen Nib"},{"floor":13.0,"key":"Boot"}],"event_choices":[{"damage_healed":0.0,"max_hp_gain":0.0,"max_hp_loss":0.0,"gold_gain":0.0,"event_name":"Living Wall","player_choice":"Grow","floor":7.0,"gold_loss":0.0,"damage_taken":0.0,"cards_upgraded":["Bouncing Flask"]},{"damage_healed":0.0,"max_hp_gain":0.0,"max_hp_loss":0.0,"gold_gain":0.0,"event_name":"Nest","player_choice":"Joined the Cult","floor":19.0,"gold_loss":0.0,"damage_taken":6.0,"cards_obtained":["RitualDagger"]},{"damage_healed":0,"gold_gain":0,"player_choice":"Read","damage_taken":0,"max_hp_gain":0,"max_hp_loss":0,"event_name":"The Library","floor":21,"gold_loss":0,"cards_obtained":["Infinite Blades"]}],"is_beta":false,"boss_relics":[{"not_picked":["Lizard Tail","Ectoplasm"],"picked":"Eternal Feather"}],"items_purged_floors":[4],"is_endless":false,"potions_floor_spawned":[1,5,11,16],"killed_by":"Centurion and Healer","ascension_level":4}