{"gold_per_floor":[109,133,58,75,75,108,120,132,144,166,78,107,107,127,127,222,222,242,259,259,4,16,16],"floor_reached":23,"playtime":604,"items_purged":["Defend_R","Defend_R"],"score":199,"play_id":"e910314f-c671-4dcf-a2a6-0f2efa80c061","local_time":"20190418165527","is_ascension_mode":false,"campfire_choices":[{"data":"Bash","floor":7,"key":"SMITH"},{"floor":13,"key":"REST"},{"floor":15,"key":"REST"}],"neow_cost":"NONE","seed_source_timestamp":662791378027875,"circlet_count":0,"master_deck":["Strike_R","Strike_R","Strike_R","Strike_R","Bash+1","Flex","Double Tap","Flex+1"],"relics":["Burning Blood","Centennial Puzzle","Orichalcum","MawBank","Dodecahedron","Bag of Preparation","Empty Cage","Meat on the Bone"],"potions_floor_usage":[6,12,16,23],"damage_taken":[{"damage":6,"enemies":"Cultist","floor":1,"turns":3},{"damage":2,"enemies":"Small Slimes","floor":4,"turns":3},{"damage":42,"enemies":"3 Sentries","floor":6,"turns":9},{"damage":7,"enemies":"Jaw Worm","floor":10,"turns":3},{"damage":24,"enemies":"Lagavulin","floor":12,"turns":5},{"damage":0,"enemies":"Large Slime","floor":14,"turns":4},{"damage":76,"enemies":"Slime Boss","floor":16,"turns":19},{"damage":18,"enemies":"Spheric Guardian","floor":18,"turns":4},{"damage":18,"enemies":"2 Thieves","floor":19,"turns":4},{"damage":26,"enemies":"Cultist and Chosen","floor":22,"turns":6},{"damage":35,"enemies":"Slavers","floor":23,"turns":2}],"seed_played":"-1284096890749265030","potions_obtained":[{"floor":4,"key":"Swift Potion"},{"floor":6,"key":"AttackPotion"},{"floor":14,"key":"Swift Potion"},{"floor":16,"key":"PowerPotion"},{"floor":22,"key":"PowerPotion"}],"is_trial":false,"path_per_floor":["M","T","$","M","$","E","R","?","T","M","$","E","R","M","R","B",null,"M","M","?","$","M","E"],"character_chosen":"IRONCLAD","items_purchased":["Meat on the Bone"],"campfire_rested":2,"item_purchase_floors":[21],"current_hp_per_floor":[80,80,80,80,80,44,44,44,44,43,43,25,49,55,79,9,80,68,56,41,41,33,0],"gold":16,"neow_bonus":"RANDOM_COMMON_RELIC","is_prod":false,"is_daily":false,"chose_seed":false,"campfire_upgraded":1,"win_rate":0,"timestamp":1555599327,"path_taken":["M","?","$","?","$","E","R","?","T","M","$","E","R","M","R","BOSS","M","M","?","$","M","E"],"build_version":"2019-01-23","purchased_purges":2,"victory":false,"max_hp_per_floor":[80,80,80,80,80,80,80,80,80,80,80,80,80,80,80,80,80,80,80,85,85,85,85],"card_choices":[{"not_picked":["Twin Strike","Intimidate","Body Slam"],"picked":"SKIP","floor":1},{"not_picked":["Sword Boomerang","Rampage","Juggernaut"],"picked":"SKIP","floor":4},{"not_picked":["True Grit","Fire Breathing","Sword Boomerang"],"picked":"SKIP","floor":6},{"not_picked":["Anger","Cleave","Twin Strike"],"picked":"SKIP","floor":10},{"not_picked":["Havoc","Burning Pact"],"picked":"Flex","floor":12},{"not_picked":["Shrug It Off","Carnage","True Grit"],"picked":"SKIP","floor":14},{"not_picked":["Impervious","Barricade"],"picked":"Double Tap","floor":16},{"not_picked":["Flame Barrier","Intimidate","Anger"],"picked":"SKIP","floor":18},{"not_picked":["Combust","Cleave"],"picked":"Flex+1","floor":19},{"not_picked":["Anger+1","Warcry+1","Sever Soul"],"picked":"SKIP","floor":22}],"player_experience":122740,"relics_obtained":[{"floor":2,"key":"Orichalcum"},{"floor":6,"key":"MawBank"},{"floor":9,"key":"Dodecahedron"},{"floor":12,"key":"Bag of Preparation"}],"event_choices":[{"cards_removed":["Defend_R"],"damage_healed":0,"gold_gain":0,"player_choice":"Forget","damage_taken":0,"max_hp_gain":0,"max_hp_loss":0,"event_name":"Living Wall","floor":8,"gold_loss":0},{"damage_healed":0,"gold_gain":0,"player_choice":"Shed Blood","damage_taken":20,"max_hp_gain":5,"max_hp_loss":0,"event_name":"Forgotten Altar","floor":20,"gold_loss":0}],"is_beta":false,"boss_relics":[{"not_picked":["Calling Bell","Eternal Feather"],"picked":"Empty Cage"}],"items_purged_floors":[3,11],"is_endless":false,"potions_floor_spawned":[4,6,14,16,22],"killed_by":"Slavers","ascension_level":0}