{"gold_per_floor":[99,114,114,129,129,129,149,161,185,185,22,42,42,42,42,144,144,163,78,62,82,82],"floor_reached":22,"playtime":1957,"items_purged":[],"score":178,"play_id":"68f3e689-6f66-416e-bbac-208eb8492470","local_time":"20180719174330","is_ascension_mode":false,"campfire_choices":[{"data":"Flame Barrier","floor":6,"key":"SMITH"},{"floor":10,"key":"REST"},{"data":"Bludgeon","floor":15,"key":"SMITH"}],"neow_cost":"","seed_source_timestamp":682530965982118,"circlet_count":0,"master_deck":["Strike_R","Strike_R","Strike_R","Strike_R","Strike_R","Defend_R","Defend_R","Defend_R","Defend_R","Bash","Perfected Strike","Decay","Flame Barrier+1","Disarm","Clothesline","Bludgeon+1","Pommel Strike","Bludgeon","Spot Weakness","Ghostly Armor","Searing Blow","Anger","Anger","Body Slam","Sword Boomerang","Flex+1"],"relics":["Burning Blood","Centennial Puzzle","Orrery","Oddly Smooth Stone"],"potions_floor_usage":[12,16,16,21],"damage_taken":[{"damage":9,"enemies":"Small Slimes","floor":1,"turns":3},{"damage":1,"enemies":"Cultist","floor":2,"turns":3},{"damage":13,"enemies":"Jaw Worm","floor":4,"turns":3},{"damage":5,"enemies":"3 Louse","floor":7,"turns":3},{"damage":35,"enemies":"Gremlin Gang","floor":8,"turns":6},{"damage":0,"enemies":"Lots of Slimes","floor":12,"turns":2},{"damage":37,"enemies":"Hexaghost","floor":16,"turns":10},{"damage":18,"enemies":"Spheric Guardian","floor":18,"turns":4},{"damage":8,"enemies":"2 Thieves","floor":20,"turns":4},{"damage":48,"enemies":"Slaver and Parasite","floor":21,"turns":8},{"damage":28,"enemies":"Snake Plant","floor":22,"turns":6}],"seed_played":"-2106700909160844689","potions_obtained":[{"floor":7,"key":"Energy Potion"},{"floor":8,"key":"Explosive Potion"},{"floor":12,"key":"Swift Potion"},{"floor":20,"key":"SkillPotion"}],"is_trial":false,"path_per_floor":["M","M","?","M","?","R","M","M","T","R","$","M","$","?","R","B",null,"M","?","M","M"],"character_chosen":"IRONCLAD","items_purchased":["Bludgeon"],"campfire_rested":1,"item_purchase_floors":[11],"current_hp_per_floor":[77,80,80,73,73,73,74,45,45,69,69,75,75,75,75,44,80,68,68,66,24,0],"gold":82,"neow_bonus":"","is_prod":false,"is_daily":false,"chose_seed":false,"campfire_upgraded":2,"win_rate":0.0,"timestamp":1532047410,"path_taken":["M","M","?","M","?","R","M","?","T","R","$","M","?","?","R","BOSS","M","?","M","?","M"],"build_version":"2018-07-12","purchased_purges":0,"victory":false,"max_hp_per_floor":[80,80,80,80,80,80,80,80,80,80,80,80,80,80,80,80,80,80,80,80,80,80],"card_choices":[{"not_picked":["Body Slam","Perfected Strike","Thunderclap"],"picked":"SKIP","floor":1},{"not_picked":["Havoc","Clash"],"picked":"Perfected Strike","floor":2},{"not_picked":["Dropkick","True Grit"],"picked":"Flame Barrier","floor":4},{"not_picked":["Warcry","Pommel Strike"],"picked":"Disarm","floor":7},{"not_picked":["Blood for Blood","Wild Strike"],"picked":"Clothesline","floor":8},{"not_picked":["Clothesline","Metallicize"],"picked":"Pommel Strike","floor":12},{"not_picked":["Reaper","Juggernaut"],"picked":"Bludgeon","floor":16},{"not_picked":["Second Wind","Burning Pact"],"picked":"Spot Weakness","floor":17},{"not_picked":["Infernal Blade","Thunderclap"],"picked":"Ghostly Armor","floor":17},{"not_picked":["Rupture","Sever Soul"],"picked":"Searing Blow","floor":17},{"not_picked":["Cleave","Evolve"],"picked":"Anger","floor":17},{"not_picked":["Heavy Blade","Sever Soul"],"picked":"Anger","floor":17},{"not_picked":["True Grit","Thunderclap"],"picked":"Body Slam","floor":18},{"not_picked":["Pommel Strike","Blood for Blood+1"],"picked":"Sword Boomerang","floor":20},{"not_picked":["Wild Strike","Fiend Fire"],"picked":"Flex+1","floor":21}],"player_experience":290592,"relics_obtained":[{"floor":9,"key":"Centennial Puzzle"}],"event_choices":[{"event_name":"Wheel of Change","player_choice":"Curse","floor":3,"damage_taken":0},{"event_name":"Upgrade Shrine","player_choice":"Skipped","floor":5,"damage_taken":0},{"event_name":"Golden Wing","player_choice":"Ignored","floor":14,"damage_taken":0},{"event_name":"Addict","player_choice":"Obtained Relic","floor":19,"damage_taken":0}],"boss_relics":[{"not_picked":["Cursed Key","Coffee Dripper"],"picked":"Orrery"}],"items_purged_floors":[],"is_endless":false,"potions_floor_spawned":[7,8,12,20],"killed_by":"Snake Plant","ascension_level":0}