{"gold_per_floor":[113,40,50,50,60,60,88,88,111,111,129,154,180,197,197,293,293,307,407,407,138,148,176,190,190,190,205,83,101,101,61,61,158,158,178,178,194,294,294,294,327,327,327,357,357,373,373,393,393,393],"floor_reached":51,"playtime":3960,"items_purged":["Strike_R"],"score":1016,"play_id":"75c1fac8-44d1-4d54-b594-d4b7dbb5de63","local_time":"20190324231438","is_ascension_mode":true,"campfire_choices":[{"data":"Metallicize","floor":6.0,"key":"SMITH"},{"data":"Inflame","floor":8.0,"key":"SMITH"},{"data":"Bash","floor":10.0,"key":"SMITH"},{"data":"Sword Boomerang","floor":15.0,"key":"SMITH"},{"floor":25.0,"key":"REST"},{"data":"Corruption","floor":30.0,"key":"SMITH"},{"floor":32.0,"key":"REST"},{"data":"Heavy Blade","floor":40.0,"key":"SMITH"},{"data":"Metallicize","floor":42.0,"key":"SMITH"},{"data":"Limit Break","floor":45.0,"key":"SMITH"},{"floor":47,"key":"REST"},{"data":"Demon Form","floor":49,"key":"SMITH"}],"neow_cost":"NONE","seed_source_timestamp":0,"circlet_count":0,"master_deck":["Strike_R","Strike_R","Strike_R","Strike_R","Defend_R+1","Defend_R","Defend_R","Defend_R","Bash+1","Uppercut","Metallicize+1","Inflame+1","Anger","Pummel","Sword Boomerang+1","Battle Trance","Demon Form+1","Impervious","Corruption+1","Flame Barrier","True Grit+1","Spot Weakness","Metallicize+1","Burning Pact+1","Impervious","Flame Barrier","Pommel Strike+1","Battle Trance","Limit Break+1","Shrug It Off+1","Madness","Madness","Heavy Blade+1","Thinking Ahead","Immolate+1","Metallicize+1","Iron Wave+1"],"special_seed":0,"relics":["Burning Blood","Centennial Puzzle","Art of War","Juzu Bracelet","Omamori","Orrery","Turnip","The Courier","Mummified Hand","Bottled Tornado","Pocketwatch","War Paint","Sozu","FossilizedHelix","Molten Egg 2","Lantern"],"potions_floor_usage":[50],"damage_taken":[{"damage":20.0,"enemies":"Cultist","floor":1.0,"turns":5.0},{"damage":20.0,"enemies":"Jaw Worm","floor":3.0,"turns":5.0},{"damage":0.0,"enemies":"Small Slimes","floor":5.0,"turns":3.0},{"damage":20.0,"enemies":"Gremlin Nob","floor":7.0,"turns":4.0},{"damage":5.0,"enemies":"Red Slaver","floor":11.0,"turns":4.0},{"damage":5.0,"enemies":"3 Sentries","floor":12.0,"turns":5.0},{"damage":7.0,"enemies":"Looter","floor":14.0,"turns":2.0},{"damage":9.0,"enemies":"Slime Boss","floor":16.0,"turns":7.0},{"damage":4.0,"enemies":"Chosen","floor":18.0,"turns":6.0},{"damage":44.0,"enemies":"Colosseum Slavers","floor":19.0,"turns":6.0},{"damage":6.0,"enemies":"Colosseum Nobs","floor":19.0,"turns":5.0},{"damage":16.0,"enemies":"Shell Parasite","floor":22.0,"turns":4.0},{"damage":26.0,"enemies":"Slavers","floor":23.0,"turns":7.0},{"damage":3.0,"enemies":"3 Cultists","floor":24.0,"turns":6.0},{"damage":9.0,"enemies":"Snecko","floor":27.0,"turns":4.0},{"damage":0.0,"enemies":"Snake Plant","floor":29.0,"turns":5.0},{"damage":57.0,"enemies":"Automaton","floor":33.0,"turns":9.0},{"damage":3.0,"enemies":"3 Shapes","floor":35.0,"turns":6.0},{"damage":1.0,"enemies":"Orb Walker","floor":37.0,"turns":4.0},{"damage":16.0,"enemies":"Giant Head","floor":41.0,"turns":7.0},{"damage":1.0,"enemies":"Nemesis","floor":44.0,"turns":5.0},{"damage":37,"enemies":"Transient","floor":46,"turns":5},{"damage":0,"enemies":"Writhing Mass","floor":48,"turns":6},{"damage":32,"enemies":"Awakened One","floor":50,"turns":8}],"seed_played":"-13307989778036966","potions_obtained":[{"floor":3.0,"key":"Dexterity Potion"},{"floor":7.0,"key":"EssenceOfSteel"},{"floor":16.0,"key":"SteroidPotion"},{"floor":18.0,"key":"Weak Potion"},{"floor":19.0,"key":"SteroidPotion"},{"floor":22.0,"key":"LiquidBronze"},{"floor":23.0,"key":"Strength Potion"},{"floor":33.0,"key":"Energy Potion"}],"is_trial":false,"path_per_floor":["M","$","M","$","M","R","E","R","T","R","M","E","T","M","R","B",null,"M","?","?","$","M","E","M","R","T","M","$","M","R","?","R","B",null,"M","?","M","?","?","R","E","R","T","E","R","M","R","M","R","B",null],"character_chosen":"IRONCLAD","items_purchased":["Metallicize","Mummified Hand","War Paint"],"campfire_rested":3,"item_purchase_floors":[2,21,28],"current_hp_per_floor":[66,66,52,52,58,58,44,44,44,44,45,46,46,45,45,42,77,79,41,41,41,31,11,14,40,40,37,37,43,43,43,69,18,71,74,63,68,68,68,68,58,58,58,63,63,32,58,64,64,38],"gold":393,"neow_bonus":"TEN_PERCENT_HP_BONUS","is_prod":false,"is_daily":false,"chose_seed":false,"campfire_upgraded":9,"win_rate":0,"timestamp":1553494478,"path_taken":["M","$","M","?","M","R","E","R","T","R","?","E","?","M","R","BOSS","M","?","?","$","M","E","M","R","T","M","$","M","R","?","R","BOSS","M","?","M","?","?","R","E","R","T","E","R","M","R","M","R","BOSS"],"build_version":"2019-01-23","purchased_purges":1,"victory":true,"max_hp_per_floor":[88,88,88,88,88,88,88,88,88,88,88,88,88,88,88,88,88,88,88,88,88,88,88,88,88,88,88,88,88,88,88,88,88,88,88,88,88,88,88,88,88,88,88,88,88,88,88,88,88,88],"card_choices":[{"not_picked":["Warcry","Pommel Strike"],"picked":"Uppercut","floor":1.0},{"not_picked":["True Grit","Twin Strike"],"picked":"Inflame","floor":3.0},{"not_picked":["Juggernaut","Dropkick"],"picked":"Anger","floor":5.0},{"not_picked":["Havoc","Anger"],"picked":"Pummel","floor":7.0},{"not_picked":["Fire Breathing","Warcry"],"picked":"Sword Boomerang","floor":11.0},{"not_picked":["Warcry","Headbutt"],"picked":"Battle Trance","floor":12.0},{"not_picked":["Dropkick","Thunderclap","Seeing Red"],"picked":"SKIP","floor":14.0},{"not_picked":["Juggernaut","Immolate"],"picked":"Demon Form","floor":16.0},{"not_picked":["Corruption","Warcry"],"picked":"Impervious","floor":17.0},{"not_picked":["Headbutt","Perfected Strike"],"picked":"Corruption","floor":17.0},{"not_picked":["Sword Boomerang","Perfected Strike"],"picked":"Flame Barrier","floor":17.0},{"not_picked":["Body Slam","Flex"],"picked":"True Grit","floor":17.0},{"not_picked":["True Grit","Anger"],"picked":"Spot Weakness","floor":17.0},{"not_picked":["Reckless Charge","Entrench"],"picked":"Metallicize","floor":18.0},{"not_picked":["Hemokinesis","Body Slam+1"],"picked":"Burning Pact","floor":19.0},{"not_picked":["Anger","Warcry","True Grit"],"picked":"SKIP","floor":22.0},{"not_picked":["Dropkick+1","Havoc"],"picked":"Flame Barrier","floor":23.0},{"not_picked":["Iron Wave","Corruption"],"picked":"Pommel Strike+1","floor":24.0},{"not_picked":["Berserk","Pommel Strike"],"picked":"Battle Trance","floor":27.0},{"not_picked":["Spot Weakness","Armaments+1","Sword Boomerang"],"picked":"SKIP","floor":29.0},{"not_picked":["Brutality","Berserk"],"picked":"Limit Break","floor":33.0},{"not_picked":["Thunderclap","Disarm"],"picked":"Shrug It Off+1","floor":35.0},{"not_picked":["Warcry+1","Body Slam"],"picked":"Heavy Blade","floor":37.0},{"not_picked":["Bandage Up","Panacea"],"picked":"Thinking Ahead","floor":39.0},{"not_picked":["Rage","Pommel Strike+1","Clash"],"picked":"SKIP","floor":41.0},{"not_picked":["Heavy Blade+1","Sentinel+1"],"picked":"Immolate+1","floor":44.0},{"not_picked":["Sever Soul+1","Body Slam+1"],"picked":"Metallicize+1","floor":46},{"not_picked":["Armaments+1","Headbutt+1"],"picked":"Iron Wave+1","floor":48}],"player_experience":641811,"relics_obtained":[{"floor":7.0,"key":"Centennial Puzzle"},{"floor":9.0,"key":"Art of War"},{"floor":12.0,"key":"Juzu Bracelet"},{"floor":13.0,"key":"Omamori"},{"floor":19.0,"key":"Turnip"},{"floor":19.0,"key":"The Courier"},{"floor":23.0,"key":"Bottled Tornado"},{"floor":26.0,"key":"Pocketwatch"},{"floor":41.0,"key":"FossilizedHelix"},{"floor":43.0,"key":"Molten Egg 2"},{"floor":44.0,"key":"Lantern"}],"event_choices":[{"damage_healed":0.0,"max_hp_gain":0.0,"max_hp_loss":0.0,"gold_gain":0.0,"event_name":"Colosseum","player_choice":"Fight","floor":19.0,"gold_loss":0.0,"damage_taken":0.0},{"damage_healed":0.0,"max_hp_gain":0.0,"max_hp_loss":0.0,"gold_gain":0.0,"event_name":"Colosseum","player_choice":"Fought Nobs","floor":19.0,"gold_loss":0.0,"damage_taken":0.0},{"damage_healed":0.0,"max_hp_gain":0.0,"max_hp_loss":0.0,"gold_gain":0.0,"event_name":"Match and Keep!","player_choice":"1 cards matched","floor":20.0,"gold_loss":0.0,"damage_taken":0.0,"cards_obtained":["Impervious"]},{"damage_healed":0.0,"max_hp_gain":0.0,"max_hp_loss":0.0,"gold_gain":0.0,"event_name":"Designer","player_choice":"Upgrade","floor":31.0,"gold_loss":40.0,"damage_taken":0.0,"cards_upgraded":["True Grit"]},{"damage_healed":0.0,"max_hp_gain":0.0,"max_hp_loss":0.0,"gold_gain":0.0,"event_name":"Winding Halls","player_choice":"Embrace Madness","floor":36.0,"gold_loss":0.0,"damage_taken":11.0,"cards_obtained":["Madness","Madness"]},{"damage_healed":0.0,"max_hp_gain":0.0,"max_hp_loss":0.0,"gold_gain":100.0,"event_name":"Golden Shrine","player_choice":"Pray","floor":38.0,"gold_loss":0.0,"damage_taken":0.0},{"damage_healed":0.0,"max_hp_gain":0.0,"max_hp_loss":0.0,"gold_gain":0.0,"event_name":"SensoryStone","player_choice":"Memory 1","floor":39.0,"gold_loss":0.0,"damage_taken":0.0}],"is_beta":false,"boss_relics":[{"not_picked":["Tiny House","Runic Dome"],"picked":"Orrery"},{"not_picked":["Coffee Dripper","Runic Pyramid"],"picked":"Sozu"}],"items_purged_floors":[21],"is_endless":false,"potions_floor_spawned":[3,7,16,18,19,22,23,33,35,37,46,48],"ascension_level":8}