{"gold_per_floor":[115,115,115,115,190,190,190,210,210,226,259,259],"floor_reached":12,"playtime":312,"items_purged":[],"score":87,"play_id":"47a2f0f2-5700-4459-aecb-3289081922d6","local_time":"20190511154232","is_ascension_mode":true,"campfire_choices":[{"data":"Neutralize","floor":6,"key":"SMITH"},{"data":"Survivor","floor":7,"key":"SMITH"}],"neow_cost":"NONE","seed_source_timestamp":2645887861421631,"circlet_count":0,"master_deck":["Defend_G","Defend_G","Defend_G","Defend_G","Defend_G","Strike_G","Strike_G","Strike_G","Strike_G","Strike_G","Survivor+1","Neutralize+1","PiercingWail"],"relics":["Ring of the Snake","Art of War","WingedGreaves","Bottled Lightning","Bag of Preparation"],"potions_floor_usage":[11,11],"damage_taken":[{"damage":0,"enemies":"Cultist","floor":1,"turns":4},{"damage":1,"enemies":"Small Slimes","floor":8,"turns":4},{"damage":0,"enemies":"2 Louse","floor":10,"turns":2},{"damage":52,"enemies":"Lagavulin","floor":11,"turns":11},{"damage":0,"enemies":"Lots of Slimes","floor":12,"turns":1}],"seed_played":"-2586232098591604669","potions_obtained":[{"floor":1,"key":"Explosive Potion"},{"floor":10,"key":"Ancient Potion"}],"is_trial":false,"path_per_floor":["M","?","?","$","?","R","R","M","T","M","E","M"],"character_chosen":"THE_SILENT","items_purchased":[],"campfire_rested":0,"item_purchase_floors":[],"current_hp_per_floor":[70,70,67,67,60,60,60,59,59,59,7,7],"gold":259,"neow_bonus":"RANDOM_COMMON_RELIC","is_prod":false,"is_daily":false,"chose_seed":false,"campfire_upgraded":2,"win_rate":0,"timestamp":1557582152,"path_taken":["M","?","?","$","?","R","R","M","T","M","E","M"],"build_version":"2019-01-23","purchased_purges":0,"victory":false,"max_hp_per_floor":[70,70,70,70,70,70,70,70,70,70,70,70],"card_choices":[{"not_picked":["Leg Sweep","Calculated Gamble","Dagger Spray"],"picked":"SKIP","floor":1},{"not_picked":["Outmaneuver","Acrobatics","Accuracy"],"picked":"SKIP","floor":8},{"not_picked":["Predator","Dagger Spray","Riddle With Holes"],"picked":"SKIP","floor":10},{"not_picked":["Outmaneuver","Skewer"],"picked":"PiercingWail","floor":11}],"player_experience":185497,"relics_obtained":[{"floor":9,"key":"Bottled Lightning"},{"floor":11,"key":"Bag of Preparation"}],"event_choices":[{"damage_healed":0,"gold_gain":0,"player_choice":"Ignored","damage_taken":0,"max_hp_gain":0,"max_hp_loss":0,"event_name":"Liars Game","floor":2,"gold_loss":0},{"damage_healed":0,"gold_gain":0,"player_choice":"Success","damage_taken":3,"relics_obtained":["WingedGreaves"],"max_hp_gain":0,"max_hp_loss":0,"event_name":"Scrap Ooze","floor":3,"gold_loss":0},{"damage_healed":0,"gold_gain":75,"player_choice":"Touch","damage_taken":7,"max_hp_gain":0,"max_hp_loss":0,"event_name":"FaceTrader","floor":5,"gold_loss":0}],"is_beta":false,"boss_relics":[],"items_purged_floors":[],"is_endless":false,"potions_floor_spawned":[1,10],"killed_by":"Lots of Slimes","ascension_level":3}