{"gold_per_floor":[109,129,0,19,19,19,49,63,63,63,63,75,133,151,151,251,251,261,261,25,25,1,1,1,19,19,19,36,36,55,68,68,166,166,183,183,198,214,227,227],"floor_reached":40,"playtime":2033,"items_purged":[],"score":390,"play_id":"99830460-c87e-478e-a21b-8d01fd0b58b8","local_time":"20190324073915","is_ascension_mode":false,"campfire_choices":[{"floor":6.0,"key":"REST"},{"data":"Zap","floor":10.0,"key":"SMITH"},{"data":"Chaos","floor":15.0,"key":"SMITH"},{"floor":23.0,"key":"REST"},{"floor":27.0,"key":"REST"},{"floor":29.0,"key":"RECALL"},{"floor":32.0,"key":"REST"}],"neow_cost":"PERCENT_DAMAGE","seed_source_timestamp":0,"circlet_count":0,"master_deck":["Strike_B","Strike_B","Strike_B","Defend_B","Defend_B","Defend_B","Defend_B","Zap+1","Dualcast","Buffer","Conserve Battery","Chill","Conserve Battery","Melter","Aggregate","Cold Snap","Rebound","Chaos+1","Double Energy","Rainbow","Doom and Gloom+1","Apotheosis","Defragment","RitualDagger","Ball Lightning","Leap","White Noise","Leap","Glacier+1","Electrodynamics","Hologram+1","Coolheaded","Glacier+1","Melter+1"],"special_seed":0,"relics":["FrozenCore","StoneCalendar","Meat on the Bone","Inserter","Darkstone Periapt"],"potions_floor_usage":[40],"damage_taken":[{"damage":10.0,"enemies":"Small Slimes","floor":1.0,"turns":4.0},{"damage":0.0,"enemies":"Cultist","floor":2.0,"turns":3.0},{"damage":5.0,"enemies":"Jaw Worm","floor":4.0,"turns":4.0},{"damage":26.0,"enemies":"3 Sentries","floor":7.0,"turns":10.0},{"damage":0.0,"enemies":"Exordium Thugs","floor":8.0,"turns":5.0},{"damage":0.0,"enemies":"Large Slime","floor":12.0,"turns":6.0},{"damage":14.0,"enemies":"Exordium Wildlife","floor":14.0,"turns":7.0},{"damage":14.0,"enemies":"Hexaghost","floor":16.0,"turns":8.0},{"damage":15.0,"enemies":"3 Byrds","floor":18.0,"turns":7.0},{"damage":16.0,"enemies":"Colosseum Slavers","floor":19.0,"turns":4.0},{"damage":11.0,"enemies":"Spheric Guardian","floor":25.0,"turns":4.0},{"damage":18.0,"enemies":"Centurion and Healer","floor":28.0,"turns":5.0},{"damage":32.0,"enemies":"3 Cultists","floor":30.0,"turns":5.0},{"damage":14.0,"enemies":"Snake Plant","floor":31.0,"turns":5.0},{"damage":34.0,"enemies":"Collector","floor":33.0,"turns":14.0},{"damage":2.0,"enemies":"Orb Walker","floor":35.0,"turns":5.0},{"damage":7.0,"enemies":"3 Shapes","floor":37.0,"turns":3.0},{"damage":4.0,"enemies":"3 Darklings","floor":38.0,"turns":5.0},{"damage":23.0,"enemies":"Jaw Worm Horde","floor":39.0,"turns":7.0},{"damage":43,"enemies":"Nemesis","floor":40,"turns":7}],"seed_played":"4461221127355771284","potions_obtained":[{"floor":1.0,"key":"Fire Potion"},{"floor":8.0,"key":"Block Potion"},{"floor":12.0,"key":"LiquidBronze"},{"floor":14.0,"key":"FearPotion"},{"floor":18.0,"key":"Weak Potion"},{"floor":28.0,"key":"Block Potion"},{"floor":33.0,"key":"Dexterity Potion"},{"floor":35.0,"key":"FearPotion"}],"is_trial":false,"path_per_floor":["M","M","$","M","?","R","E","M","T","R","$","M","?","M","R","B",null,"M","?","$","?","$","R","?","M","T","R","M","R","M","M","R","B",null,"M","?","M","M","M","E"],"character_chosen":"DEFECT","items_purchased":["Conserve Battery","Melter","Apotheosis","Defragment","Ball Lightning"],"campfire_rested":4,"item_purchase_floors":[3,3,20,20,22],"current_hp_per_floor":[44,44,44,39,39,61,35,35,35,35,35,47,47,45,45,43,75,60,44,44,38,38,60,60,49,49,71,53,53,33,31,53,31,75,73,73,66,62,39,0],"gold":227,"neow_bonus":"THREE_RARE_CARDS","is_prod":false,"is_daily":false,"chose_seed":false,"campfire_upgraded":2,"win_rate":0,"timestamp":1553438355,"path_taken":["M","M","$","M","?","R","E","M","T","R","?","M","?","M","R","BOSS","M","?","$","?","$","R","?","M","T","R","M","R","?","M","R","BOSS","M","?","M","M","M","E"],"build_version":"2019-01-23","purchased_purges":0,"victory":false,"max_hp_per_floor":[75,75,75,75,75,75,75,75,75,75,75,75,75,75,75,75,75,75,75,75,75,75,75,75,75,75,75,75,75,75,75,75,75,75,75,75,75,75,75,75],"card_choices":[{"not_picked":["Seek","Thunder Strike"],"picked":"Buffer","floor":0.0},{"not_picked":["Hello World","Steam"],"picked":"Conserve Battery","floor":1.0},{"not_picked":["Redo","Conserve Battery"],"picked":"Chill","floor":2.0},{"not_picked":["Go for the Eyes","Streamline"],"picked":"Aggregate","floor":4.0},{"not_picked":["Recycle","Hologram"],"picked":"Cold Snap","floor":7.0},{"not_picked":["Gash","Sweeping Beam"],"picked":"Rebound","floor":8.0},{"not_picked":["Barrage","Hologram"],"picked":"Chaos","floor":12.0},{"not_picked":["Sweeping Beam","Amplify"],"picked":"Double Energy","floor":14.0},{"not_picked":["Meteor Strike","Echo Form"],"picked":"Rainbow","floor":16.0},{"not_picked":["Reinforced Body","Barrage"],"picked":"Doom and Gloom+1","floor":18.0},{"not_picked":["Static Discharge","Lockon+1"],"picked":"Leap","floor":25.0},{"not_picked":["Compile Driver","Streamline+1"],"picked":"White Noise","floor":28.0},{"not_picked":["Gash","Conserve Battery"],"picked":"Leap","floor":30.0},{"not_picked":["Conserve Battery","Sweeping Beam"],"picked":"Glacier","floor":31.0},{"not_picked":["Reboot","Biased Cognition"],"picked":"Electrodynamics","floor":33.0},{"not_picked":["Double Energy+1","Streamline"],"picked":"Hologram+1","floor":35.0},{"not_picked":["Rip and Tear","Ball Lightning"],"picked":"Coolheaded","floor":37.0},{"not_picked":["Go for the Eyes+1","Reinforced Body+1"],"picked":"Glacier+1","floor":38.0},{"not_picked":["Force Field+1","All For One"],"picked":"Melter+1","floor":39.0}],"player_experience":634023,"relics_obtained":[{"floor":7.0,"key":"StoneCalendar"},{"floor":9.0,"key":"Meat on the Bone"},{"floor":26.0,"key":"Darkstone Periapt"}],"event_choices":[{"cards_removed":["Strike_B"],"damage_healed":0.0,"max_hp_gain":0.0,"max_hp_loss":0.0,"gold_gain":0.0,"event_name":"Purifier","player_choice":"Purged","floor":5.0,"gold_loss":0.0,"damage_taken":0.0},{"damage_healed":0.0,"max_hp_gain":0.0,"max_hp_loss":0.0,"gold_gain":58.0,"event_name":"Golden Wing","player_choice":"Gained Gold","floor":13.0,"gold_loss":0.0,"damage_taken":0.0},{"damage_healed":0.0,"max_hp_gain":0.0,"max_hp_loss":0.0,"gold_gain":0.0,"event_name":"Colosseum","player_choice":"Fight","floor":19.0,"gold_loss":0.0,"damage_taken":0.0},{"damage_healed":0.0,"max_hp_gain":0.0,"max_hp_loss":0.0,"gold_gain":0.0,"event_name":"Colosseum","player_choice":"Fled From Nobs","floor":19.0,"gold_loss":0.0,"damage_taken":0.0},{"damage_healed":0.0,"max_hp_gain":0.0,"max_hp_loss":0.0,"gold_gain":0.0,"event_name":"Nest","player_choice":"Joined the Cult","floor":21.0,"gold_loss":0.0,"damage_taken":6.0,"cards_obtained":["RitualDagger"]},{"damage_healed":0.0,"max_hp_gain":0.0,"max_hp_loss":0.0,"gold_gain":0.0,"event_name":"Beggar","player_choice":"Ignored","floor":24.0,"gold_loss":0.0,"damage_taken":0.0},{"damage_healed":0.0,"max_hp_gain":0.0,"max_hp_loss":0.0,"gold_gain":0.0,"event_name":"Accursed Blacksmith","player_choice":"Forge","floor":36.0,"gold_loss":0.0,"damage_taken":0.0,"cards_upgraded":["Glacier"]}],"is_beta":false,"boss_relics":[{"not_picked":["Tiny House","Runic Pyramid"],"picked":"Inserter"},{"not_picked":["Coffee Dripper","Black Star"],"picked":"FrozenCore"}],"items_purged_floors":[],"is_endless":false,"potions_floor_spawned":[1,8,12,14,18,28,33,35],"killed_by":"Nemesis","ascension_level":0}