{"gold_per_floor":[119,294,305,32,52,83,93,123,173,205,205,222,249,263,263,364,414,427,444,149,162,175,175,203,52,126,126,139,139],"floor_reached":29,"playtime":2588,"items_purged":["Doubt","Strike_B","Strike_B"],"score":316,"play_id":"f8f97533-436a-4b79-8222-0ae89bcaffe5","local_time":"20181123072637","is_ascension_mode":true,"campfire_choices":[{"floor":15,"key":"REST"},{"floor":23,"key":"REST"}],"neow_cost":"NONE","seed_source_timestamp":0,"circlet_count":0,"master_deck":["Strike_B","Strike_B","Defend_B","Defend_B","Defend_B","Defend_B","Zap","Dualcast+1","Conserve Battery","Tempest","Defragment","Gash","Go for the Eyes","Stack","Conserve Battery","Ball Lightning","Rebound","Seek","Static Discharge","Sweeping Beam","Self Repair","Biased Cognition","Ball Lightning","Ball Lightning+1","Electrodynamics","Genetic Algorithm","Leap","Reprogram+1"],"special_seed":0,"relics":["Cracked Core","Mango","Letter Opener","Ancient Tea Set","PreservedInsect","Potion Belt","Tiny House","Anchor","Orichalcum","Sundial","MutagenicStrength"],"potions_floor_usage":[21,22],"damage_taken":[{"damage":1.0,"enemies":"Jaw Worm","floor":1.0,"turns":4.0},{"damage":0.0,"enemies":"Cultist","floor":3.0,"turns":3.0},{"damage":6.0,"enemies":"2 Louse","floor":5.0,"turns":2.0},{"damage":14.0,"enemies":"Gremlin Nob","floor":6.0,"turns":4.0},{"damage":5.0,"enemies":"Looter","floor":7.0,"turns":3.0},{"damage":16.0,"enemies":"Lagavulin","floor":8.0,"turns":5.0},{"damage":16.0,"enemies":"3 Sentries","floor":10.0,"turns":6.0},{"damage":2.0,"enemies":"Blue Slaver","floor":12.0,"turns":3.0},{"damage":18.0,"enemies":"Lagavulin","floor":13.0,"turns":4.0},{"damage":0,"enemies":"Large Slime","floor":14,"turns":4},{"damage":38,"enemies":"Hexaghost","floor":16,"turns":8},{"damage":29,"enemies":"2 Thieves","floor":18,"turns":4},{"damage":25,"enemies":"3 Byrds","floor":19,"turns":2},{"damage":5,"enemies":"Cultist and Chosen","floor":21,"turns":6},{"damage":13,"enemies":"Centurion and Healer","floor":22,"turns":4},{"damage":20,"enemies":"Gremlin Leader","floor":24,"turns":3},{"damage":19,"enemies":"Snake Plant","floor":28,"turns":4},{"damage":32,"enemies":"Snecko","floor":29,"turns":4}],"seed_played":"-3500329104094215026","potions_obtained":[{"floor":3.0,"key":"AttackPotion"},{"floor":5.0,"key":"Regen Potion"},{"floor":7.0,"key":"FearPotion"},{"floor":16,"key":"FocusPotion"},{"floor":17,"key":"SneckoOil"},{"floor":18,"key":"Energy Potion"},{"floor":19,"key":"Block Potion"},{"floor":21,"key":"Block Potion"}],"is_trial":false,"path_per_floor":["M","?","M","$","M","E","M","E","T","E","?","M","E","E","M","R","B",null,"M","M","$","M","M","R","E","$","T","?","M","M"],"character_chosen":"DEFECT","items_purchased":["Defragment","Gash","Go for the Eyes","Stack","Ball Lightning","Anchor","Leap"],"campfire_rested":2,"item_purchase_floors":[4,4,4,4,20,20,25],"current_hp_per_floor":[74,74,74,74,68,68,63,61,61,45,45,43,25,25,51,20,94,72,47,47,49,43,71,51,51,51,51,32,0],"gold":139,"neow_bonus":"THREE_CARDS","is_prod":false,"is_daily":false,"chose_seed":false,"campfire_upgraded":0,"win_rate":0,"timestamp":1542986797,"path_taken":["M","?","M","$","M","E","M","E","T","E","?","M","E","M","R","BOSS","M","M","$","M","M","R","E","?","T","?","M","M"],"build_version":"2018-11-15","purchased_purges":3,"victory":false,"max_hp_per_floor":[75,75,75,75,75,89,89,89,89,89,89,89,89,89,89,89,94,94,94,94,94,94,94,94,94,94,94,94,94],"card_choices":[{"not_picked":["Sweeping Beam","Turbo"],"picked":"Conserve Battery","floor":0.0},{"not_picked":["Beam Cell","Gash"],"picked":"Force Field","floor":1.0},{"not_picked":["Chaos","Beam Cell"],"picked":"Tempest","floor":3.0},{"not_picked":["Go for the Eyes","Coolheaded"],"picked":"Conserve Battery","floor":5.0},{"not_picked":["Hologram","Beam Cell"],"picked":"Ball Lightning","floor":6.0},{"not_picked":["Steam","Steam Power"],"picked":"Rebound","floor":7.0},{"not_picked":["Cold Snap","Coolheaded","Beam Cell"],"picked":"SKIP","floor":8.0},{"not_picked":["Blizzard","Force Field"],"picked":"Seek","floor":10.0},{"not_picked":["Rip and Tear","Steam Power","Cold Snap"],"picked":"SKIP","floor":12.0},{"not_picked":["Amplify","Beam Cell"],"picked":"Sweeping Beam","floor":13},{"not_picked":["Turbo","Sweeping Beam"],"picked":"Self Repair","floor":14},{"not_picked":["Echo Form","Core Surge"],"picked":"Biased Cognition","floor":16},{"not_picked":["Blizzard","Steam+1","Turbo"],"picked":"SKIP","floor":18},{"not_picked":["Blizzard+1","Undo","Lockon"],"picked":"SKIP","floor":19},{"not_picked":["Tempest","Rebound"],"picked":"Ball Lightning+1","floor":21},{"not_picked":["Cold Snap","Heatsinks"],"picked":"Electrodynamics","floor":22},{"not_picked":["Gash","BootSequence+1"],"picked":"Genetic Algorithm","floor":24},{"not_picked":["Streamline","Coolheaded"],"picked":"Reprogram+1","floor":28}],"player_experience":427277,"relics_obtained":[{"floor":6.0,"key":"Mango"},{"floor":8.0,"key":"Letter Opener"},{"floor":9.0,"key":"Ancient Tea Set"},{"floor":10.0,"key":"PreservedInsect"},{"floor":13,"key":"Potion Belt"},{"floor":24,"key":"Orichalcum"},{"floor":26,"key":"Sundial"}],"event_choices":[{"damage_healed":0.0,"max_hp_gain":0.0,"max_hp_loss":0.0,"gold_gain":175.0,"event_name":"Liars Game","player_choice":"AGREE","floor":2.0,"gold_loss":0.0,"damage_taken":0.0,"cards_obtained":["Doubt"]},{"damage_healed":0.0,"max_hp_gain":0.0,"max_hp_loss":0.0,"gold_gain":0.0,"cards_transformed":["Force Field"],"event_name":"Transmorgrifier","player_choice":"Transformed","floor":11.0,"gold_loss":0.0,"damage_taken":0.0,"cards_obtained":["Static Discharge"]},{"damage_healed":0,"gold_gain":0,"player_choice":"Inject Mutagens","damage_taken":0,"relics_obtained":["MutagenicStrength"],"max_hp_gain":0,"max_hp_loss":0,"event_name":"Drug Dealer","floor":27,"gold_loss":0}],"is_beta":false,"boss_relics":[{"not_picked":["Astrolabe","White Beast Statue"],"picked":"Tiny House"}],"items_purged_floors":[4,20,25],"is_endless":false,"potions_floor_spawned":[3,5,7,16,18,19,21],"killed_by":"Snecko","ascension_level":1}