{"gold_per_floor":[109,109,34,34,34,34,53,67,144,21,36,52,83,96,96,194,194,210,210,1,19,19,19,48,48,48,76,91,0,0,11,11,11],"floor_reached":33,"playtime":1876,"items_purged":["Strike_G","Strike_G"],"score":298,"play_id":"b52fb8aa-0699-4a41-b556-19f45a2d4f0e","local_time":"20190505135919","is_ascension_mode":true,"campfire_choices":[{"data":"Survivor","floor":6.0,"key":"SMITH"},{"floor":15.0,"key":"REST"},{"floor":23.0,"key":"REST"},{"data":"Burst","floor":25.0,"key":"SMITH"},{"floor":32.0,"key":"REST"}],"neow_cost":"NONE","seed_source_timestamp":0,"circlet_count":0,"master_deck":["Defend_G","Defend_G","Defend_G","Defend_G","Defend_G","Strike_G","Strike_G","Survivor+1","Neutralize","Deadly Poison+1","Burst+1","Poisoned Stab","Infinite Blades","Bouncing Flask","Masterful Stab","Deadly Poison","Burst","PiercingWail+1","Infinite Blades+1","Crippling Poison+1"],"special_seed":0,"relics":["Ring of the Snake","Ginger","Ninja Scroll","Bottled Flame","Black Star","TwistedFunnel","Question Card","Ornamental Fan","Meat on the Bone","Blue Candle","Pen Nib","Spirit Poop"],"potions_floor_usage":[33,33],"damage_taken":[{"damage":2.0,"enemies":"Jaw Worm","floor":1.0,"turns":7.0},{"damage":0.0,"enemies":"Cultist","floor":7.0,"turns":3.0},{"damage":0.0,"enemies":"2 Louse","floor":8.0,"turns":3.0},{"damage":0.0,"enemies":"Looter","floor":11.0,"turns":3.0},{"damage":0.0,"enemies":"Large Slime","floor":12.0,"turns":3.0},{"damage":16.0,"enemies":"Gremlin Nob","floor":13.0,"turns":3.0},{"damage":0.0,"enemies":"3 Louse","floor":14.0,"turns":2.0},{"damage":17.0,"enemies":"The Guardian","floor":16.0,"turns":6.0},{"damage":27.0,"enemies":"2 Thieves","floor":18.0,"turns":4.0},{"damage":0.0,"enemies":"Chosen","floor":21.0,"turns":4.0},{"damage":3.0,"enemies":"Slavers","floor":24.0,"turns":5.0},{"damage":33.0,"enemies":"Gremlin Leader","floor":27.0,"turns":6.0},{"damage":25.0,"enemies":"Centurion and Healer","floor":28.0,"turns":5.0},{"damage":18.0,"enemies":"Shelled Parasite and Fungi","floor":31.0,"turns":6.0},{"damage":54,"enemies":"Champ","floor":33,"turns":7}],"seed_played":"-8017014867342023287","potions_obtained":[{"floor":0.0,"key":"Swift Potion"},{"floor":0.0,"key":"Energy Potion"},{"floor":0.0,"key":"FearPotion"},{"floor":7.0,"key":"Explosive Potion"},{"floor":8.0,"key":"Dexterity Potion"},{"floor":11.0,"key":"SpeedPotion"},{"floor":27.0,"key":"PowerPotion"},{"floor":31.0,"key":"GamblersBrew"}],"is_trial":false,"path_per_floor":["M","?","$","?","$","R","M","M","T","$","M","M","E","M","R","B",null,"M","?","$","M","?","R","E","R","T","E","M","?","?","M","R","B"],"character_chosen":"THE_SILENT","items_purchased":["Poisoned Stab","TwistedFunnel"],"campfire_rested":3,"item_purchase_floors":[10,20],"current_hp_per_floor":[68,68,68,68,68,68,68,68,68,68,68,68,52,52,70,53,70,43,43,43,43,43,64,61,61,61,40,27,27,27,21,42,0],"gold":11,"neow_bonus":"THREE_SMALL_POTIONS","is_prod":false,"is_daily":false,"chose_seed":false,"campfire_upgraded":2,"win_rate":0,"timestamp":1557057559,"path_taken":["M","?","$","?","$","R","M","M","T","$","M","?","E","M","R","BOSS","M","?","$","M","?","R","E","R","T","E","M","?","?","M","R","BOSS"],"build_version":"2019-01-23","purchased_purges":2,"victory":false,"max_hp_per_floor":[70,70,70,70,70,70,70,70,70,70,70,70,70,70,70,70,70,70,70,70,70,70,70,70,70,70,70,70,70,70,70,70,70],"card_choices":[{"not_picked":["Flying Knee","Deflect"],"picked":"Deadly Poison","floor":1.0},{"not_picked":["Poisoned Stab","Deflect"],"picked":"Burst","floor":7.0},{"not_picked":["Underhanded Strike","Bane","Quick Slash"],"picked":"SKIP","floor":8.0},{"not_picked":["Deflect","Slice"],"picked":"Infinite Blades","floor":11.0},{"not_picked":["Sucker Punch","All Out Attack"],"picked":"Bouncing Flask","floor":12.0},{"not_picked":["Outmaneuver","Prepared"],"picked":"Masterful Stab","floor":13.0},{"not_picked":["Blade Dance","Tactician"],"picked":"Deadly Poison","floor":14.0},{"not_picked":["Doppelganger","Glass Knife"],"picked":"Burst","floor":16.0},{"not_picked":["Underhanded Strike","Slice","Outmaneuver"],"picked":"SKIP","floor":18.0},{"not_picked":["Dagger Throw+1","Bane+1"],"picked":"PiercingWail+1","floor":21.0},{"not_picked":["Bane","Doppelganger","Blade Dance"],"picked":"SKIP","floor":24.0},{"not_picked":["Poisoned Stab","Finisher+1","Calculated Gamble"],"picked":"Infinite Blades+1","floor":27.0},{"not_picked":["Bane","Tactician","Deflect","Skewer"],"picked":"SKIP","floor":28.0},{"not_picked":["Underhanded Strike","Outmaneuver","Dodge and Roll+1"],"picked":"Crippling Poison+1","floor":31.0}],"player_experience":167775,"relics_obtained":[{"floor":9.0,"key":"Ninja Scroll"},{"floor":13.0,"key":"Bottled Flame"},{"floor":24.0,"key":"Question Card"},{"floor":24.0,"key":"Ornamental Fan"},{"floor":26.0,"key":"Meat on the Bone"},{"floor":27.0,"key":"Blue Candle"},{"floor":27.0,"key":"Pen Nib"}],"event_choices":[{"damage_healed":0.0,"max_hp_gain":0.0,"max_hp_loss":0.0,"gold_gain":0.0,"event_name":"Accursed Blacksmith","player_choice":"Forge","floor":2.0,"gold_loss":0.0,"damage_taken":0.0,"cards_upgraded":["Deadly Poison"]},{"damage_healed":0.0,"max_hp_gain":0.0,"max_hp_loss":0.0,"gold_gain":0.0,"event_name":"WeMeetAgain","player_choice":"Gave Potion","floor":4.0,"gold_loss":0.0,"damage_taken":0.0,"relics_obtained":["Ginger"]},{"cards_removed":["Strike_G"],"damage_healed":0.0,"max_hp_gain":0.0,"max_hp_loss":0.0,"gold_gain":0.0,"event_name":"Back to Basics","player_choice":"Elegance","floor":19.0,"gold_loss":0.0,"damage_taken":0.0},{"damage_healed":0.0,"max_hp_gain":0.0,"max_hp_loss":0.0,"gold_gain":0.0,"event_name":"Forgotten Altar","player_choice":"Smashed Altar","floor":22.0,"gold_loss":0.0,"damage_taken":0.0,"cards_obtained":["Decay"]},{"damage_healed":0.0,"max_hp_gain":0.0,"max_hp_loss":0.0,"gold_gain":0.0,"event_name":"Masked Bandits","player_choice":"Paid Fearfully","floor":29.0,"gold_loss":91.0,"damage_taken":0.0},{"cards_removed":["Decay"],"damage_healed":0.0,"max_hp_gain":0.0,"max_hp_loss":0.0,"gold_gain":0.0,"event_name":"Bonfire Elementals","player_choice":"Offered Curse","floor":30.0,"gold_loss":0.0,"damage_taken":0.0,"relics_obtained":["Spirit Poop"]}],"is_beta":false,"boss_relics":[{"not_picked":["Snecko Eye","Lizard Tail"],"picked":"Black Star"}],"items_purged_floors":[3,10],"is_endless":false,"potions_floor_spawned":[7,8,11,12,18,27,31],"killed_by":"Champ","ascension_level":1}