{"gold_per_floor":[119,119,137,148,158,158,186,186,186,220,231,231,265,7,7,7],"floor_reached":16,"playtime":681,"items_purged":["Defend_B"],"score":138,"play_id":"57f50cd3-81f6-4892-8f37-70e07671d9aa","local_time":"20190601074934","is_ascension_mode":true,"campfire_choices":[{"data":"Static Discharge","floor":6,"key":"SMITH"},{"data":"Redo","floor":8,"key":"SMITH"},{"data":"Zap","floor":12,"key":"SMITH"},{"floor":15,"key":"REST"}],"neow_cost":"NONE","seed_source_timestamp":1210069982334513,"circlet_count":0,"master_deck":["Strike_B","Strike_B","Strike_B","Strike_B","Defend_B","Defend_B","Defend_B","Zap+1","Dualcast","Redo+1","Capacitor","Static Discharge+1","Cold Snap","Conserve Battery","Fission","Fusion"],"relics":["Cracked Core","The Courier","Bottled Tornado","Shuriken","Omamori","Mercury Hourglass"],"potions_floor_usage":[4,7,10,11,11],"damage_taken":[{"damage":0,"enemies":"Small Slimes","floor":1,"turns":2},{"damage":1,"enemies":"Cultist","floor":3,"turns":3},{"damage":3,"enemies":"2 Louse","floor":4,"turns":2},{"damage":12,"enemies":"2 Fungi Beasts","floor":5,"turns":3},{"damage":11,"enemies":"Lagavulin","floor":7,"turns":7},{"damage":2,"enemies":"3 Sentries","floor":10,"turns":8},{"damage":13,"enemies":"Exordium Thugs","floor":11,"turns":3},{"damage":32,"enemies":"Gremlin Nob","floor":13,"turns":4},{"damage":33,"enemies":"Slime Boss","floor":16,"turns":6}],"seed_played":"3956453270913571395","potions_obtained":[{"floor":2,"key":"Weak Potion"},{"floor":2,"key":"Weak Potion"},{"floor":2,"key":"SteroidPotion"},{"floor":7,"key":"SkillPotion"},{"floor":10,"key":"Swift Potion"},{"floor":13,"key":"Energy Potion"}],"is_trial":false,"path_per_floor":["M","?","M","M","M","R","E","R","T","E","M","R","E","$","R","B"],"character_chosen":"DEFECT","items_purchased":["Mercury Hourglass"],"campfire_rested":1,"item_purchase_floors":[14],"current_hp_per_floor":[82,82,81,78,66,66,55,55,55,53,40,40,8,8,32,0],"gold":7,"neow_bonus":"TEN_PERCENT_HP_BONUS","is_prod":false,"is_daily":false,"chose_seed":false,"campfire_upgraded":3,"win_rate":0,"timestamp":1559386174,"path_taken":["M","?","M","?","M","R","E","R","T","E","M","R","E","$","R","BOSS"],"build_version":"2019-01-23","purchased_purges":1,"victory":false,"max_hp_per_floor":[82,82,82,82,82,82,82,82,82,82,82,82,82,82,82,82],"card_choices":[{"not_picked":["Streamline","Stack"],"picked":"Redo","floor":1},{"not_picked":["Gash","Stack"],"picked":"Capacitor","floor":3},{"not_picked":["Rebound","Steam"],"picked":"Static Discharge","floor":4},{"not_picked":["Stack","Hello World"],"picked":"Cold Snap","floor":5},{"not_picked":["Recycle","Leap","Compile Driver"],"picked":"SKIP","floor":7},{"not_picked":["Force Field","Turbo"],"picked":"Conserve Battery","floor":10},{"not_picked":["Stack","Reinforced Body"],"picked":"Fission","floor":11},{"not_picked":["Coolheaded","Reinforced Body"],"picked":"Fusion","floor":13}],"player_experience":841008,"relics_obtained":[{"floor":7,"key":"The Courier"},{"floor":9,"key":"Bottled Tornado"},{"floor":10,"key":"Shuriken"},{"floor":13,"key":"Omamori"}],"event_choices":[{"damage_healed":0,"gold_gain":0,"player_choice":"Got Potions","damage_taken":0,"max_hp_gain":0,"max_hp_loss":0,"event_name":"Lab","floor":2,"gold_loss":0}],"is_beta":false,"boss_relics":[],"items_purged_floors":[14],"is_endless":false,"potions_floor_spawned":[7,10,13],"killed_by":"Slime Boss","ascension_level":3}