{"gold_per_floor":[118,118,130,148,158,191,242,242,242,242,273,273,286,386,386,484,484,494,41,41,41,41,41,57,57,107,107,107,120,120,133,133,133],"floor_reached":33,"playtime":1386,"items_purged":[],"score":278,"play_id":"0320d2ce-a9bc-41bb-b739-117cdd3fd203","local_time":"20190410183319","is_ascension_mode":false,"campfire_choices":[{"data":"Bash","floor":8.0,"key":"SMITH"},{"floor":10.0,"key":"REST"},{"data":"Fiend Fire","floor":12.0,"key":"SMITH"},{"floor":15.0,"key":"REST"},{"data":"Uppercut","floor":23.0,"key":"SMITH"},{"data":"Hemokinesis","floor":25.0,"key":"SMITH"},{"data":"Spot Weakness","floor":27.0,"key":"SMITH"},{"floor":30.0,"key":"REST"},{"floor":32,"key":"REST"}],"neow_cost":"CURSE","seed_source_timestamp":0,"circlet_count":0,"master_deck":["Strike_R","Strike_R","Strike_R","Strike_R","Strike_R","Defend_R","Defend_R","Defend_R","Defend_R","Bash+1","Flame Barrier","Injury","Iron Wave","Pommel Strike","Uppercut+1","Fiend Fire+1","Double Tap","Hemokinesis+1","Impervious","Spot Weakness+1","Rupture","Swift Strike","Armaments","Seeing Red"],"special_seed":0,"relics":["Burning Blood","Ornamental Fan","Vajra","Sundial","Omamori","Sozu","Kunai","HandDrill","NlothsMask"],"potions_floor_usage":[33,33],"damage_taken":[{"damage":6.0,"enemies":"2 Louse","floor":1.0,"turns":3.0},{"damage":3.0,"enemies":"Jaw Worm","floor":3.0,"turns":5.0},{"damage":0.0,"enemies":"Cultist","floor":4.0,"turns":4.0},{"damage":17.0,"enemies":"Exordium Thugs","floor":5.0,"turns":6.0},{"damage":34.0,"enemies":"Gremlin Nob","floor":6.0,"turns":5.0},{"damage":19.0,"enemies":"3 Sentries","floor":11.0,"turns":7.0},{"damage":5.0,"enemies":"3 Louse","floor":13.0,"turns":4.0},{"damage":62.0,"enemies":"Slime Boss","floor":16.0,"turns":11.0},{"damage":11.0,"enemies":"3 Byrds","floor":18.0,"turns":3.0},{"damage":0.0,"enemies":"Shell Parasite","floor":24.0,"turns":2.0},{"damage":14.0,"enemies":"Centurion and Healer","floor":29.0,"turns":5.0},{"damage":22.0,"enemies":"Shelled Parasite and Fungi","floor":31.0,"turns":4.0},{"damage":113,"enemies":"Collector","floor":33,"turns":8}],"seed_played":"3501909192498003468","potions_obtained":[{"floor":1.0,"key":"Swift Potion"},{"floor":4.0,"key":"FairyPotion"},{"floor":5.0,"key":"Dexterity Potion"},{"floor":13.0,"key":"Regen Potion"}],"is_trial":false,"path_per_floor":["M","?","M","M","M","E","T","R","T","R","E","R","M","?","R","B",null,"M","$","?","$","$","R","M","R","T","R","?","M","R","M","R","B"],"character_chosen":"IRONCLAD","items_purchased":["Kunai","HandDrill"],"campfire_rested":4,"item_purchase_floors":[19,19],"current_hp_per_floor":[96,96,96,96,85,57,57,57,57,85,72,72,73,73,96,40,96,91,91,91,91,91,91,96,96,96,96,78,70,96,80,96,0],"gold":133,"neow_bonus":"TWENTY_PERCENT_HP_BONUS","is_prod":false,"is_daily":false,"chose_seed":false,"campfire_upgraded":5,"win_rate":0,"timestamp":1554946399,"path_taken":["M","?","M","M","M","E","?","R","T","R","E","R","M","?","R","BOSS","M","$","?","?","$","R","M","R","T","R","?","M","R","M","R","BOSS"],"build_version":"2019-01-23","purchased_purges":0,"victory":false,"max_hp_per_floor":[96,96,96,96,96,96,96,96,96,96,96,96,96,96,96,96,96,96,96,96,96,96,96,96,96,96,96,96,96,96,96,96,96],"card_choices":[{"not_picked":["Hemokinesis","Clash"],"picked":"Flame Barrier","floor":1.0},{"not_picked":["Clash","Shrug It Off"],"picked":"Iron Wave","floor":3.0},{"not_picked":["Bloodletting","Sword Boomerang"],"picked":"Pommel Strike","floor":4.0},{"not_picked":["Body Slam","Intimidate"],"picked":"Uppercut","floor":5.0},{"not_picked":["Cleave","Flex"],"picked":"Fiend Fire","floor":6.0},{"not_picked":["Sword Boomerang","Pummel"],"picked":"Double Tap","floor":11.0},{"not_picked":["Burning Pact","Cleave"],"picked":"Hemokinesis","floor":13.0},{"not_picked":["Brutality","Dark Embrace"],"picked":"Impervious","floor":16.0},{"not_picked":["Inflame","Body Slam"],"picked":"Spot Weakness","floor":18.0},{"not_picked":["Sword Boomerang","Body Slam"],"picked":"Rupture","floor":24.0},{"not_picked":["True Grit","Twin Strike"],"picked":"Armaments","floor":29.0},{"not_picked":["True Grit+1","Sever Soul"],"picked":"Seeing Red","floor":31.0}],"player_experience":692439,"relics_obtained":[{"floor":6.0,"key":"Ornamental Fan"},{"floor":7.0,"key":"Vajra"},{"floor":9.0,"key":"Sundial"},{"floor":11.0,"key":"Omamori"}],"event_choices":[{"damage_healed":0.0,"max_hp_gain":0.0,"max_hp_loss":0.0,"gold_gain":0.0,"cards_transformed":["Regret"],"event_name":"Living Wall","player_choice":"Change","floor":2.0,"gold_loss":0.0,"damage_taken":0.0,"cards_obtained":["Injury"]},{"damage_healed":0.0,"max_hp_gain":0.0,"max_hp_loss":0.0,"gold_gain":100.0,"event_name":"Golden Shrine","player_choice":"Pray","floor":14.0,"gold_loss":0.0,"damage_taken":0.0},{"damage_healed":0.0,"max_hp_gain":0.0,"max_hp_loss":0.0,"gold_gain":0.0,"event_name":"FaceTrader","player_choice":"Trade","floor":20.0,"gold_loss":0.0,"damage_taken":0.0,"relics_obtained":["NlothsMask"]},{"damage_healed":0.0,"max_hp_gain":0.0,"max_hp_loss":0.0,"gold_gain":0.0,"event_name":"Knowing Skull","player_choice":"CARD ","floor":28.0,"potions_obtained":[],"gold_loss":0.0,"damage_taken":18.0,"cards_obtained":["Swift Strike"]}],"is_beta":false,"boss_relics":[{"not_picked":["Black Star","Ectoplasm"],"picked":"Sozu"}],"items_purged_floors":[],"is_endless":false,"potions_floor_spawned":[1,4,5,13,16,18,24,29],"killed_by":"Collector","ascension_level":0}