{"gold_per_floor":[117,67,67,67,77,112,128,177,201,376,392,392,403,423,423,521,521,541,427,367,386,386,386,386],"floor_reached":24,"playtime":1136,"items_purged":["Doubt"],"score":221,"play_id":"60c4d2c0-bc1b-4332-8a39-e6a3bdb01374","local_time":"20190619122841","is_ascension_mode":false,"campfire_choices":[{"data":"Cloak And Dagger","floor":15,"key":"SMITH"},{"data":"Riddle With Holes","floor":23,"key":"SMITH"}],"neow_cost":"NONE","seed_source_timestamp":457624719150959,"circlet_count":0,"master_deck":["Defend_G","Defend_G+1","Defend_G","Defend_G","Strike_G+1","Strike_G","Strike_G","Survivor+1","Neutralize+1","Cloak And Dagger+1","Cloak And Dagger","Blur+1","Catalyst","Footwork","Backflip","Outmaneuver","Riddle With Holes+1"],"relics":["Ring of the Snake","NeowsBlessing","Whetstone","Oddly Smooth Stone","Anchor","Sozu"],"potions_floor_usage":[16,18,21],"damage_taken":[{"damage":0,"enemies":"Jaw Worm","floor":1,"turns":1},{"damage":0,"enemies":"Small Slimes","floor":5,"turns":1},{"damage":0,"enemies":"Gremlin Nob","floor":6,"turns":1},{"damage":0,"enemies":"2 Louse","floor":7,"turns":2},{"damage":0,"enemies":"Looter","floor":11,"turns":4},{"damage":0,"enemies":"Large Slime","floor":13,"turns":11},{"damage":0,"enemies":"Exordium Wildlife","floor":14,"turns":6},{"damage":36,"enemies":"Slime Boss","floor":16,"turns":28},{"damage":17,"enemies":"Spheric Guardian","floor":18,"turns":6},{"damage":0,"enemies":"2 Thieves","floor":20,"turns":4},{"damage":4,"enemies":"3 Cultists","floor":21,"turns":9},{"damage":42,"enemies":"Book of Stabbing","floor":24,"turns":5}],"seed_played":"-5093370592110569307","potions_obtained":[{"floor":1,"key":"PowerPotion"},{"floor":7,"key":"Strength Potion"},{"floor":11,"key":"LiquidBronze"}],"is_trial":false,"path_per_floor":["M","?","?","?","M","E","M","T","T","?","M","?","M","M","R","B",null,"M","$","M","M","?","R","E"],"character_chosen":"THE_SILENT","items_purchased":["Footwork"],"campfire_rested":0,"item_purchase_floors":[19],"current_hp_per_floor":[70,70,56,61,61,61,61,61,61,61,61,61,61,61,61,25,75,58,58,58,54,54,54,12],"gold":386,"neow_bonus":"THREE_ENEMY_KILL","is_prod":false,"is_daily":false,"chose_seed":false,"campfire_upgraded":2,"win_rate":0,"timestamp":1560940121,"path_taken":["M","?","?","?","M","E","M","?","T","?","?","?","M","M","R","BOSS","M","$","M","?","?","R","E"],"build_version":"2019-01-23","purchased_purges":1,"victory":false,"max_hp_per_floor":[70,70,70,75,75,75,75,75,75,75,75,75,75,75,75,75,75,75,75,75,75,75,75,75],"card_choices":[{"not_picked":["Crippling Poison","Heel Hook","PiercingWail"],"picked":"SKIP","floor":1},{"not_picked":["Slice","Riddle With Holes","Quick Slash"],"picked":"SKIP","floor":5},{"not_picked":["Masterful Stab","Poisoned Stab"],"picked":"Cloak And Dagger","floor":6},{"not_picked":["Outmaneuver","Dagger Throw"],"picked":"Cloak And Dagger","floor":7},{"not_picked":["Slice","Blade Dance"],"picked":"Blur","floor":11},{"not_picked":["Sucker Punch","Distraction","Dagger Spray"],"picked":"SKIP","floor":13},{"not_picked":["Sucker Punch","Distraction","Dagger Spray"],"picked":"SKIP","floor":13},{"not_picked":["Outmaneuver","Sucker Punch","Finisher"],"picked":"SKIP","floor":14},{"not_picked":["Heel Hook","Prepared"],"picked":"Catalyst","floor":18},{"not_picked":["Accuracy","Tactician"],"picked":"Backflip","floor":20},{"not_picked":["Eviscerate+1","Quick Slash","Blade Dance+1"],"picked":"SKIP","floor":21}],"player_experience":278116,"relics_obtained":[{"floor":6,"key":"Whetstone"},{"floor":8,"key":"Oddly Smooth Stone"},{"floor":9,"key":"Anchor"}],"event_choices":[{"cards_removed":["Strike_G"],"damage_healed":0,"gold_gain":0,"player_choice":"Card Removal","damage_taken":0,"max_hp_gain":0,"max_hp_loss":0,"event_name":"The Cleric","floor":2,"gold_loss":50},{"damage_healed":0,"gold_gain":0,"player_choice":"Entered Light","damage_taken":14,"max_hp_gain":0,"max_hp_loss":0,"event_name":"Shining Light","floor":3,"gold_loss":0,"cards_upgraded":["Defend_G","Survivor"]},{"damage_healed":0,"gold_gain":0,"player_choice":"Donut","damage_taken":0,"max_hp_gain":5,"max_hp_loss":0,"event_name":"Big Fish","floor":4,"gold_loss":0},{"damage_healed":0,"gold_gain":175,"player_choice":"AGREE","damage_taken":0,"max_hp_gain":0,"max_hp_loss":0,"event_name":"Liars Game","floor":10,"gold_loss":0,"cards_obtained":["Doubt"]},{"damage_healed":0,"gold_gain":0,"player_choice":"Upgraded","damage_taken":0,"max_hp_gain":0,"max_hp_loss":0,"event_name":"Upgrade Shrine","floor":12,"gold_loss":0,"cards_upgraded":["Blur"]},{"damage_healed":0,"gold_gain":0,"cards_transformed":["Defend_G","Strike_G"],"player_choice":"Became Test Subject","damage_taken":0,"max_hp_gain":0,"max_hp_loss":0,"event_name":"Drug Dealer","floor":22,"gold_loss":0,"cards_obtained":["Outmaneuver","Riddle With Holes"]}],"is_beta":false,"boss_relics":[{"not_picked":["Eternal Feather","Tiny House"],"picked":"Sozu"}],"items_purged_floors":[19],"is_endless":false,"potions_floor_spawned":[1,7,11,18],"killed_by":"Book of Stabbing","ascension_level":0}