{"gold_per_floor":[118,43,43,61,11,11,41,41,66,76,126,126,139,153,153,250,250,262,262,115,115,115,115,133,133,183,183],"floor_reached":27,"playtime":385,"items_purged":["Defend_R","Defend_R"],"score":234,"play_id":"dca33b1a-22f0-40dc-b7f8-7388d43f7c41","local_time":"20190417200003","is_ascension_mode":false,"campfire_choices":[{"data":"Bash","floor":6.0,"key":"SMITH"},{"data":"Whirlwind","floor":15.0,"key":"SMITH"},{"floor":25.0,"key":"REST"}],"neow_cost":"NONE","seed_source_timestamp":587653401627020,"circlet_count":0,"master_deck":["Strike_R","Strike_R","Strike_R","Strike_R","Strike_R","Defend_R","Bash+1","Whirlwind+1","Thunderclap","Flex"],"special_seed":0,"relics":["Burning Blood","NeowsBlessing","Boot","Bottled Lightning","Happy Flower","Pen Nib","White Beast Statue","Enchiridion","Omamori"],"potions_floor_usage":[],"damage_taken":[{"damage":0.0,"enemies":"Jaw Worm","floor":1.0,"turns":1.0},{"damage":0.0,"enemies":"Small Slimes","floor":4.0,"turns":1.0},{"damage":0.0,"enemies":"Gremlin Nob","floor":7.0,"turns":1.0},{"damage":9.0,"enemies":"2 Louse","floor":10.0,"turns":3.0},{"damage":14.0,"enemies":"Blue Slaver","floor":13.0,"turns":3.0},{"damage":6.0,"enemies":"2 Fungi Beasts","floor":14.0,"turns":2.0},{"damage":23.0,"enemies":"Slime Boss","floor":16.0,"turns":9.0},{"damage":34.0,"enemies":"Shell Parasite","floor":18.0,"turns":5.0},{"damage":32.0,"enemies":"Colosseum Slavers","floor":21.0,"turns":3.0},{"damage":10.0,"enemies":"Chosen","floor":24.0,"turns":3.0},{"damage":35,"enemies":"Snake Plant","floor":27,"turns":3}],"seed_played":"-6189872080790727747","potions_obtained":[{"floor":1.0,"key":"Regen Potion"},{"floor":13.0,"key":"EssenceOfSteel"},{"floor":18.0,"key":"BloodPotion"},{"floor":24.0,"key":"SpeedPotion"}],"is_trial":false,"path_per_floor":["M","$","?","M","?","R","E","?","T","M","T","?","M","M","R","B",null,"M","?","$","?","?","$","M","R","T","M"],"character_chosen":"IRONCLAD","items_purchased":["Flex"],"campfire_rested":1,"item_purchase_floors":[20],"current_hp_per_floor":[80,80,68,74,74,74,80,80,80,77,77,70,62,62,62,60,77,49,49,49,30,14,14,10,33,33,0],"gold":183,"neow_bonus":"THREE_ENEMY_KILL","is_prod":false,"is_daily":false,"chose_seed":false,"campfire_upgraded":2,"win_rate":0,"timestamp":1555524003,"path_taken":["M","$","?","M","?","R","E","?","T","M","?","?","M","?","R","BOSS","M","?","$","?","?","?","M","R","T","?"],"build_version":"2019-01-23","purchased_purges":2,"victory":false,"max_hp_per_floor":[80,80,80,80,80,80,80,80,80,80,80,77,77,77,77,77,77,77,77,77,77,77,77,77,77,77,77],"card_choices":[{"not_picked":["Searing Blow","Shockwave","True Grit"],"picked":"SKIP","floor":1.0},{"not_picked":["Armaments","Body Slam","Burning Pact"],"picked":"SKIP","floor":4.0},{"not_picked":["Rupture","Clothesline","Clash"],"picked":"SKIP","floor":7.0},{"not_picked":["Havoc","Clash","Infernal Blade"],"picked":"SKIP","floor":10.0},{"not_picked":["Flex","Fiend Fire"],"picked":"Whirlwind","floor":13.0},{"not_picked":["Rage","Pummel"],"picked":"Thunderclap","floor":14.0},{"not_picked":["Combust","True Grit+1","Wild Strike"],"picked":"SKIP","floor":18.0},{"not_picked":["Dropkick","Entrench+1","Body Slam"],"picked":"SKIP","floor":24.0}],"player_experience":118925,"relics_obtained":[{"floor":7.0,"key":"Bottled Lightning"},{"floor":9.0,"key":"Happy Flower"},{"floor":11.0,"key":"Pen Nib"},{"floor":22.0,"key":"Enchiridion"},{"floor":26.0,"key":"Omamori"}],"event_choices":[{"damage_healed":0.0,"max_hp_gain":0.0,"max_hp_loss":0.0,"gold_gain":0.0,"event_name":"Scrap Ooze","player_choice":"Success","floor":3.0,"gold_loss":0.0,"damage_taken":12.0,"relics_obtained":["Boot"]},{"cards_removed":["Defend_R"],"damage_healed":0.0,"max_hp_gain":0.0,"max_hp_loss":0.0,"gold_gain":0.0,"event_name":"The Cleric","player_choice":"Card Removal","floor":5.0,"gold_loss":50.0,"damage_taken":0.0},{"damage_healed":20.0,"max_hp_gain":0.0,"max_hp_loss":0.0,"gold_gain":0.0,"event_name":"Mushrooms","player_choice":"Healed and dodged fight","floor":8.0,"gold_loss":0.0,"damage_taken":0.0,"cards_obtained":["Parasite"]},{"cards_removed":["Parasite"],"damage_healed":0.0,"max_hp_gain":0.0,"max_hp_loss":0.0,"gold_gain":0.0,"event_name":"Golden Wing","player_choice":"Card Removal","floor":12.0,"gold_loss":0.0,"damage_taken":7.0},{"damage_healed":0.0,"max_hp_gain":0.0,"max_hp_loss":0.0,"gold_gain":0.0,"event_name":"Vampires","player_choice":"Ignored","floor":19.0,"gold_loss":0.0,"damage_taken":0.0},{"damage_healed":0.0,"max_hp_gain":0.0,"max_hp_loss":0.0,"gold_gain":0.0,"event_name":"Colosseum","player_choice":"Fight","floor":21.0,"gold_loss":0.0,"damage_taken":0.0},{"damage_healed":0.0,"max_hp_gain":0.0,"max_hp_loss":0.0,"gold_gain":0.0,"event_name":"Colosseum","player_choice":"Fled From Nobs","floor":21.0,"gold_loss":0.0,"damage_taken":0.0},{"damage_healed":0.0,"max_hp_gain":0.0,"max_hp_loss":0.0,"gold_gain":0.0,"event_name":"Cursed Tome","player_choice":"Obtained Book","floor":22.0,"gold_loss":0.0,"damage_taken":16.0}],"is_beta":false,"boss_relics":[{"not_picked":["Fusion Hammer","Eternal Feather"],"picked":"White Beast Statue"}],"items_purged_floors":[2,20],"is_endless":false,"potions_floor_spawned":[1,13,18,21,24],"killed_by":"Snake Plant","ascension_level":0}