{"gold_per_floor":[116,291,304,229,249,249,310,343,370,370,405,423,423,45,45,45],"floor_reached":16,"playtime":753,"items_purged":["Doubt"],"score":167,"play_id":"bfc01729-d0ec-4bfd-8e32-b63f4abb82df","local_time":"20190622074018","is_ascension_mode":true,"campfire_choices":[{"data":"Zap","floor":6,"key":"SMITH"},{"floor":10,"key":"REST"},{"data":"Buffer","floor":13,"key":"SMITH"},{"data":"Redo","floor":15,"key":"SMITH"}],"neow_cost":"NONE","seed_source_timestamp":405561602244905,"circlet_count":0,"master_deck":["AscendersBane","Strike_B","Strike_B","Strike_B","Strike_B","Defend_B","Defend_B","Defend_B","Defend_B","Zap+1","Dualcast","Melter","Rebound","Cold Snap","Buffer+1","Redo+1","Leap","Self Repair"],"relics":["Cracked Core","Centennial Puzzle","PreservedInsect","Happy Flower","Anchor","Membership Card","Kunai"],"potions_floor_usage":[8,11,16],"damage_taken":[{"damage":7,"enemies":"Jaw Worm","floor":1,"turns":3},{"damage":0,"enemies":"2 Louse","floor":3,"turns":1},{"damage":0,"enemies":"Small Slimes","floor":5,"turns":2},{"damage":22,"enemies":"3 Sentries","floor":7,"turns":8},{"damage":14,"enemies":"Gremlin Nob","floor":8,"turns":4},{"damage":12,"enemies":"3 Sentries","floor":11,"turns":4},{"damage":3,"enemies":"Exordium Wildlife","floor":12,"turns":5},{"damage":32,"enemies":"Hexaghost","floor":16,"turns":14}],"seed_played":"1716541069405697935","potions_obtained":[{"floor":7,"key":"AttackPotion"},{"floor":8,"key":"SteroidPotion"},{"floor":12,"key":"Fire Potion"}],"is_trial":false,"path_per_floor":["M","?","M","$","M","R","?","E","T","R","E","M","R","$","R","B"],"character_chosen":"DEFECT","items_purchased":["Membership Card","Self Repair","Kunai","Block Potion"],"campfire_rested":1,"item_purchase_floors":[14,14,14,14],"current_hp_per_floor":[61,61,61,61,61,61,39,25,25,47,35,32,32,32,32,0],"gold":45,"neow_bonus":"THREE_CARDS","is_prod":false,"is_daily":false,"chose_seed":false,"campfire_upgraded":3,"win_rate":0,"timestamp":1561200018,"path_taken":["M","?","M","$","M","R","?","E","T","R","E","M","R","$","R","BOSS"],"build_version":"2019-01-23","purchased_purges":1,"victory":false,"max_hp_per_floor":[75,75,75,75,75,75,75,75,75,75,75,75,75,75,75,75],"card_choices":[{"not_picked":["Chaos","Hologram"],"picked":"Melter","floor":0},{"not_picked":["Stack","Turbo","Steam Power"],"picked":"SKIP","floor":1},{"not_picked":["Sweeping Beam","Beam Cell"],"picked":"Rebound","floor":3},{"not_picked":["Redo","Sweeping Beam"],"picked":"Cold Snap","floor":5},{"not_picked":["Stack","Go for the Eyes"],"picked":"Buffer","floor":7},{"not_picked":["Beam Cell","Steam Power","Double Energy"],"picked":"SKIP","floor":8},{"not_picked":["Sweeping Beam","Stack"],"picked":"Redo","floor":11},{"not_picked":["Force Field","Thunder Strike"],"picked":"Leap","floor":12}],"player_experience":1128747,"relics_obtained":[{"floor":7,"key":"Centennial Puzzle"},{"floor":8,"key":"PreservedInsect"},{"floor":9,"key":"Happy Flower"},{"floor":11,"key":"Anchor"}],"event_choices":[{"damage_healed":0,"gold_gain":175,"player_choice":"AGREE","damage_taken":0,"max_hp_gain":0,"max_hp_loss":0,"event_name":"Liars Game","floor":2,"gold_loss":0,"cards_obtained":["Doubt"]},{"damage_healed":0,"gold_gain":0,"player_choice":"Searched \u00272\u0027 times","damage_taken":0,"max_hp_gain":0,"max_hp_loss":0,"event_name":"Dead Adventurer","floor":7,"gold_loss":0}],"is_beta":false,"boss_relics":[],"items_purged_floors":[4],"is_endless":false,"potions_floor_spawned":[7,8,12],"killed_by":"Hexaghost","ascension_level":11}