{"gold_per_floor":[110,121,121,137,147,147,178,178,178,178,208,223,233,246,246,349,349,362,362,377,377,377,377,409,409,409,409,409],"floor_reached":28,"playtime":1678,"items_purged":[],"score":310,"play_id":"9843940c-b931-4bd7-85da-095b4e01064f","local_time":"20190414072311","is_ascension_mode":true,"campfire_choices":[{"data":"Reinforced Body","floor":6.0,"key":"SMITH"},{"data":"Go for the Eyes","floor":8.0,"key":"SMITH"},{"data":"Dualcast","floor":10.0,"key":"SMITH"},{"floor":15.0,"key":"REST"},{"floor":23.0,"key":"REST"},{"data":"Gash","floor":27,"key":"SMITH"}],"neow_cost":"NONE","seed_source_timestamp":0,"circlet_count":0,"master_deck":["Strike_B","Strike_B","Strike_B","Strike_B","Defend_B","Defend_B","Defend_B","Defend_B","Zap+1","Dualcast+1","Reinforced Body+1","Gash+1","Rebound","Ball Lightning","Go for the Eyes+1","Rip and Tear","Coolheaded","Consume","Melter","Multi-Cast","Glacier+1"],"special_seed":0,"relics":["Cracked Core","Symbiotic Virus","The Courier","Meat on the Bone","Runic Pyramid","Nilry\u0027s Codex","Lantern","Strawberry"],"potions_floor_usage":[],"damage_taken":[{"damage":1.0,"enemies":"Cultist","floor":1.0,"turns":4.0},{"damage":0.0,"enemies":"2 Louse","floor":2.0,"turns":3.0},{"damage":0.0,"enemies":"Jaw Worm","floor":4.0,"turns":3.0},{"damage":11.0,"enemies":"3 Louse","floor":5.0,"turns":2.0},{"damage":17.0,"enemies":"Lagavulin","floor":7.0,"turns":7.0},{"damage":25.0,"enemies":"3 Sentries","floor":11.0,"turns":6.0},{"damage":21.0,"enemies":"Exordium Wildlife","floor":12.0,"turns":5.0},{"damage":0.0,"enemies":"Large Slime","floor":13.0,"turns":3.0},{"damage":0.0,"enemies":"Blue Slaver","floor":14.0,"turns":3.0},{"damage":47.0,"enemies":"The Guardian","floor":16.0,"turns":9.0},{"damage":0.0,"enemies":"Spheric Guardian","floor":18.0,"turns":3.0},{"damage":21.0,"enemies":"3 Byrds","floor":20.0,"turns":4.0},{"damage":24.0,"enemies":"Book of Stabbing","floor":24.0,"turns":9.0},{"damage":53,"enemies":"Slavers","floor":28,"turns":7}],"seed_played":"7473013010160578199","potions_obtained":[{"floor":1.0,"key":"SkillPotion"},{"floor":5.0,"key":"FearPotion"},{"floor":14.0,"key":"SpeedPotion"}],"is_trial":false,"path_per_floor":["M","M","?","M","M","R","E","R","T","R","E","M","M","M","R","B",null,"M","?","M","?","?","R","E","$","T","R","E"],"character_chosen":"DEFECT","items_purchased":[],"campfire_rested":2,"item_purchase_floors":[],"current_hp_per_floor":[81,81,81,81,70,70,53,53,53,53,28,19,31,43,67,32,82,82,82,61,45,29,55,43,43,50,50,0],"gold":409,"neow_bonus":"TEN_PERCENT_HP_BONUS","is_prod":false,"is_daily":false,"chose_seed":false,"campfire_upgraded":4,"win_rate":0,"timestamp":1555251791,"path_taken":["M","M","?","?","?","R","E","R","T","R","E","M","M","M","R","BOSS","M","?","M","?","?","R","E","$","T","R","E"],"build_version":"2019-01-23","purchased_purges":0,"victory":false,"max_hp_per_floor":[82,82,82,82,82,82,82,82,82,82,82,82,82,82,82,82,82,82,82,82,82,87,87,87,87,94,94,94],"card_choices":[{"not_picked":["Hologram","Redo"],"picked":"Reinforced Body","floor":1.0},{"not_picked":["Consume","Barrage"],"picked":"Gash","floor":2.0},{"not_picked":["Turbo","Beam Cell"],"picked":"Rebound","floor":4.0},{"not_picked":["Leap","Meteor Strike"],"picked":"Ball Lightning","floor":5.0},{"not_picked":["Ball Lightning","Steam Power"],"picked":"Go for the Eyes","floor":7.0},{"not_picked":["Steam","Storm"],"picked":"Rip and Tear","floor":11.0},{"not_picked":["Sunder","Sweeping Beam"],"picked":"Coolheaded","floor":12.0},{"not_picked":["Hello World","Sweeping Beam"],"picked":"Consume","floor":13.0},{"not_picked":["Ball Lightning","Steam Power"],"picked":"Melter","floor":14.0},{"not_picked":["Biased Cognition","Hyperbeam"],"picked":"Multi-Cast","floor":16.0},{"not_picked":["Double Energy","Cold Snap"],"picked":"Glacier+1","floor":18.0},{"not_picked":["Steam Power","Stack","Glacier"],"picked":"SKIP","floor":20.0},{"not_picked":["Meteor Strike","Gash","Compile Driver"],"picked":"SKIP","floor":24.0}],"player_experience":701441,"relics_obtained":[{"floor":7.0,"key":"Symbiotic Virus"},{"floor":9.0,"key":"The Courier"},{"floor":11.0,"key":"Meat on the Bone"},{"floor":21.0,"key":"Nilry\u0027s Codex"},{"floor":24.0,"key":"Lantern"},{"floor":26,"key":"Strawberry"}],"event_choices":[{"damage_healed":0.0,"max_hp_gain":0.0,"max_hp_loss":0.0,"gold_gain":0.0,"event_name":"Accursed Blacksmith","player_choice":"Forge","floor":3.0,"gold_loss":0.0,"damage_taken":0.0,"cards_upgraded":["Zap"]},{"damage_healed":0.0,"max_hp_gain":0.0,"max_hp_loss":0.0,"gold_gain":0.0,"event_name":"Vampires","player_choice":"Ignored","floor":19.0,"gold_loss":0.0,"damage_taken":0.0},{"damage_healed":0.0,"max_hp_gain":0.0,"max_hp_loss":0.0,"gold_gain":0.0,"event_name":"Cursed Tome","player_choice":"Obtained Book","floor":21.0,"gold_loss":0.0,"damage_taken":16.0},{"damage_healed":0.0,"max_hp_gain":5.0,"max_hp_loss":0.0,"gold_gain":0.0,"event_name":"Forgotten Altar","player_choice":"Shed Blood","floor":22.0,"gold_loss":0.0,"damage_taken":21.0}],"is_beta":false,"boss_relics":[{"not_picked":["Busted Crown","Black Star"],"picked":"Runic Pyramid"}],"items_purged_floors":[],"is_endless":false,"potions_floor_spawned":[1,5,14],"killed_by":"Slavers","ascension_level":3}