{"gold_per_floor":[112,123,140,154,169,203,215,237,273,285,297,327,28,28,28,147,147,140,154,154,56,74,74,90,90,90,110,133,133],"floor_reached":29,"playtime":2948,"items_purged":["Strike_B"],"score":266,"play_id":"e7445d27-5816-46b5-9e14-86cbbc9a59d3","local_time":"20181130235617","is_ascension_mode":true,"campfire_choices":[{"floor":10.0,"key":"REST"},{"floor":15.0,"key":"REST"},{"floor":23.0,"key":"REST"},{"floor":25.0,"key":"REST"}],"neow_cost":"NONE","seed_source_timestamp":0,"circlet_count":0,"master_deck":["Zap","Dualcast","Madness","Gash","White Noise","Steam+1","Sweeping Beam","Coolheaded","Go for the Eyes","Rebound","Cold Snap","All For One+1","Genetic Algorithm","Hologram","All For One","Compile Driver","Skim","Auto Shields","Stack","Go for the Eyes","Cold Snap","Beam Cell","Double Energy","Turbo","Flash of Steel","Self Repair","Conserve Battery","Conserve Battery"],"special_seed":0,"relics":["Cracked Core","MawBank","Strawberry","Golden Idol","Pandora\u0027s Box","Bottled Tornado"],"potions_floor_usage":[29],"damage_taken":[{"damage":8.0,"enemies":"Jaw Worm","floor":1.0,"turns":5.0},{"damage":0.0,"enemies":"2 Louse","floor":2.0,"turns":3.0},{"damage":5.0,"enemies":"Small Slimes","floor":3.0,"turns":3.0},{"damage":8.0,"enemies":"Blue Slaver","floor":4.0,"turns":3.0},{"damage":5.0,"enemies":"2 Fungi Beasts","floor":5.0,"turns":3.0},{"damage":25.0,"enemies":"3 Sentries","floor":6.0,"turns":7.0},{"damage":3.0,"enemies":"Exordium Wildlife","floor":8.0,"turns":3.0},{"damage":3.0,"enemies":"Blue Slaver","floor":12.0,"turns":4.0},{"damage":30.0,"enemies":"The Guardian","floor":16.0,"turns":10.0},{"damage":17.0,"enemies":"2 Thieves","floor":18.0,"turns":4.0},{"damage":9.0,"enemies":"Chosen","floor":19.0,"turns":4.0},{"damage":35.0,"enemies":"Snake Plant","floor":22.0,"turns":5.0},{"damage":22.0,"enemies":"Centurion and Healer","floor":24.0,"turns":8.0},{"damage":5,"enemies":"3 Cultists","floor":27,"turns":7},{"damage":8,"enemies":"Shelled Parasite and Fungi","floor":28,"turns":4},{"damage":52,"enemies":"Gremlin Leader","floor":29,"turns":7}],"seed_played":"-1724434430529874047","potions_obtained":[{"floor":4.0,"key":"FocusPotion"},{"floor":5.0,"key":"FearPotion"},{"floor":6.0,"key":"Regen Potion"},{"floor":12.0,"key":"FearPotion"},{"floor":16.0,"key":"Dexterity Potion"},{"floor":19.0,"key":"FearPotion"},{"floor":24.0,"key":"AttackPotion"}],"is_trial":false,"path_per_floor":["M","M","M","M","M","E","?","M","T","R","?","M","$","?","R","B",null,"M","M","?","$","M","R","M","R","T","M","M","E"],"character_chosen":"DEFECT","items_purchased":["All For One","Genetic Algorithm","Hologram","Flash of Steel"],"campfire_rested":4,"item_purchase_floors":[13,13,13,21],"current_hp_per_floor":[67,67,62,54,49,24,24,21,28,52,52,49,49,34,56,41,76,59,50,50,50,15,37,22,44,44,46,45,0],"gold":133,"neow_bonus":"RANDOM_COLORLESS","is_prod":false,"is_daily":false,"chose_seed":false,"campfire_upgraded":0,"win_rate":0,"timestamp":1543650977,"path_taken":["M","M","M","M","M","E","?","M","T","R","?","M","$","?","R","BOSS","M","M","?","$","M","R","M","R","T","M","M","E"],"build_version":"2018-11-15","purchased_purges":1,"victory":false,"max_hp_per_floor":[75,75,75,75,75,75,75,75,82,82,76,76,76,76,76,76,76,76,76,76,76,76,76,76,76,76,76,76,76],"card_choices":[{"not_picked":["Conserve Battery","Fusion"],"picked":"Gash","floor":1.0},{"not_picked":["Darkness","Storm"],"picked":"White Noise","floor":2.0},{"not_picked":["Streamline","Rip and Tear"],"picked":"Steam","floor":3.0},{"not_picked":["Steam Power","Double Energy"],"picked":"Sweeping Beam","floor":4.0},{"not_picked":["Machine Learning","Conserve Battery"],"picked":"Coolheaded","floor":5.0},{"not_picked":["FTL","Multi-Cast"],"picked":"Go for the Eyes","floor":6.0},{"not_picked":["Lockon","Conserve Battery"],"picked":"Rebound","floor":8.0},{"not_picked":["Reprogram","Skim"],"picked":"Cold Snap","floor":12.0},{"not_picked":["Thunder Strike","Echo Form"],"picked":"All For One","floor":16.0},{"not_picked":["Fusion+1","Heatsinks"],"picked":"Double Energy","floor":18.0},{"not_picked":["Redo","Cold Snap"],"picked":"Turbo","floor":19.0},{"not_picked":["Coolheaded","Storm"],"picked":"Self Repair","floor":22.0},{"not_picked":["Steam+1","BootSequence+1"],"picked":"Conserve Battery","floor":24.0},{"not_picked":["Chill+1","Leap"],"picked":"Conserve Battery","floor":27},{"not_picked":["Aggregate","Ball Lightning","Cold Snap+1"],"picked":"SKIP","floor":28}],"player_experience":444770,"relics_obtained":[{"floor":6.0,"key":"MawBank"},{"floor":9.0,"key":"Strawberry"},{"floor":26,"key":"Bottled Tornado"}],"event_choices":[{"damage_healed":0.0,"max_hp_gain":0.0,"max_hp_loss":0.0,"gold_gain":0.0,"event_name":"Living Wall","player_choice":"Grow","floor":7.0,"gold_loss":0.0,"damage_taken":0.0,"cards_upgraded":["Steam"]},{"damage_healed":0.0,"max_hp_gain":0.0,"max_hp_loss":6.0,"gold_gain":0.0,"event_name":"Golden Idol","player_choice":"Lose Max HP","floor":11.0,"gold_loss":0.0,"damage_taken":0.0,"relics_obtained":["Golden Idol"]},{"damage_healed":0.0,"max_hp_gain":0.0,"max_hp_loss":0.0,"gold_gain":0.0,"event_name":"Shining Light","player_choice":"Entered Light","floor":14.0,"gold_loss":0.0,"damage_taken":15.0,"cards_upgraded":["All For One","Defend_B"]},{"damage_healed":0.0,"max_hp_gain":0.0,"max_hp_loss":0.0,"gold_gain":0.0,"event_name":"Vampires","player_choice":"Ignored","floor":20.0,"gold_loss":0.0,"damage_taken":0.0}],"is_beta":false,"boss_relics":[{"not_picked":["Nuclear Battery","Busted Crown"],"picked":"Pandora\u0027s Box"}],"items_purged_floors":[13],"is_endless":false,"potions_floor_spawned":[4,5,6,12,16,19,24,28],"killed_by":"Gremlin Leader","ascension_level":3}