{"gold_per_floor":[117,35,50,50,0,0,28,28,28,28,28,28,46,46,46,146,146,161,142,142,152,77,77,77],"floor_reached":24,"playtime":1217,"items_purged":[],"score":221,"play_id":"64bf65d2-473e-4f5a-8c91-be3949f1f0eb","local_time":"20190408180544","is_ascension_mode":true,"campfire_choices":[{"data":"Armaments","floor":6,"key":"SMITH"},{"data":"Flame Barrier","floor":8,"key":"SMITH"},{"data":"Shrug It Off","floor":10,"key":"SMITH"},{"data":"Iron Wave","floor":15,"key":"SMITH"},{"floor":23,"key":"REST"}],"neow_cost":"NONE","seed_source_timestamp":2218212263416557,"circlet_count":0,"master_deck":["Strike_R","Strike_R","Strike_R","Strike_R","Strike_R","Defend_R","Defend_R","Defend_R","Defend_R","Headbutt","Pommel Strike","Metallicize","Shrug It Off+1","Flame Barrier+1","Armaments+1","Iron Wave+1","Reaper","Shrug It Off"],"relics":["Burning Blood","Charon\u0027s Ashes","Pear","Letter Opener","Fusion Hammer"],"potions_floor_usage":[7,16,16,16,16,16],"damage_taken":[{"damage":12,"enemies":"Jaw Worm","floor":1,"turns":3},{"damage":3,"enemies":"Cultist","floor":3,"turns":5},{"damage":33,"enemies":"Lagavulin","floor":7,"turns":10},{"damage":2,"enemies":"Small Slimes","floor":13,"turns":4},{"damage":55,"enemies":"Slime Boss","floor":16,"turns":15},{"damage":0,"enemies":"3 Byrds","floor":18,"turns":6},{"damage":11,"enemies":"2 Thieves","floor":19,"turns":4},{"damage":30,"enemies":"Snake Plant","floor":21,"turns":5},{"damage":101,"enemies":"Gremlin Leader","floor":24,"turns":8}],"seed_played":"-8822091062801125347","potions_obtained":[{"floor":3,"key":"Weak Potion"},{"floor":4,"key":"Strength Potion"},{"floor":4,"key":"EntropicBrew"},{"floor":13,"key":"LiquidBronze"}],"is_trial":false,"path_per_floor":["M","$","M","?","$","R","E","R","T","R","$","?","M","T","R","B",null,"M","M","$","M","?","R","E"],"character_chosen":"IRONCLAD","items_purchased":["Metallicize","Shrug It Off","Armaments"],"campfire_rested":1,"item_purchase_floors":[2,2,5],"current_hp_per_floor":[74,74,77,77,77,77,50,50,60,60,60,60,64,64,64,29,90,90,85,85,61,61,88,0],"gold":77,"neow_bonus":"THREE_CARDS","is_prod":false,"is_daily":false,"chose_seed":false,"campfire_upgraded":4,"win_rate":0,"timestamp":1554739544,"path_taken":["M","$","M","?","$","R","E","R","T","R","?","?","M","?","R","BOSS","M","?","$","M","?","R","E"],"build_version":"2019-01-23","purchased_purges":0,"victory":false,"max_hp_per_floor":[80,80,80,80,80,80,80,80,90,90,90,90,90,90,90,90,90,90,90,90,90,90,90,90],"card_choices":[{"not_picked":["Power Through","Second Wind"],"picked":"Headbutt","floor":0},{"not_picked":["Anger","Ghostly Armor"],"picked":"Pommel Strike","floor":1},{"not_picked":["Shrug It Off","Clash"],"picked":"Flame Barrier","floor":3},{"not_picked":["Fire Breathing","Thunderclap"],"picked":"Iron Wave","floor":7},{"not_picked":["Heavy Blade","Pummel","Hemokinesis"],"picked":"SKIP","floor":13},{"not_picked":["Berserk","Limit Break"],"picked":"Reaper","floor":16},{"not_picked":["Clash","Feel No Pain","Battle Trance"],"picked":"SKIP","floor":18},{"not_picked":["Heavy Blade+1","Clothesline+1","Headbutt+1"],"picked":"SKIP","floor":19},{"not_picked":["Pommel Strike","Warcry"],"picked":"Shrug It Off","floor":21}],"player_experience":100792,"relics_obtained":[{"floor":7,"key":"Charon\u0027s Ashes"},{"floor":9,"key":"Pear"},{"floor":14,"key":"Letter Opener"}],"event_choices":[{"damage_healed":0,"gold_gain":0,"player_choice":"Got Potions","damage_taken":0,"max_hp_gain":0,"max_hp_loss":0,"event_name":"Lab","floor":4,"gold_loss":0},{"damage_healed":0,"gold_gain":0,"player_choice":"Searched \u00270\u0027 times","damage_taken":0,"max_hp_gain":0,"max_hp_loss":0,"event_name":"Dead Adventurer","floor":12,"gold_loss":0},{"cards_removed":["Bash"],"damage_healed":0,"gold_gain":0,"player_choice":"Gave Gold","damage_taken":0,"max_hp_gain":0,"max_hp_loss":0,"event_name":"Beggar","floor":22,"gold_loss":75}],"is_beta":false,"boss_relics":[{"not_picked":["White Beast Statue","Runic Dome"],"picked":"Fusion Hammer"}],"items_purged_floors":[],"is_endless":false,"potions_floor_spawned":[3,13],"killed_by":"Gremlin Leader","ascension_level":3}