{"gold_per_floor":[114,15,15,25,0,0,27,27,27,27,43,43,69,84,84,162,162,179,191,191,241,241,241,241,271,298,298,298,317,317,97,97,175,175,191,201,201,201,215,215,233,249,272,272],"floor_reached":44,"playtime":2327,"items_purged":["Writhe"],"score":825,"play_id":"29d87376-0095-435f-9c3f-e758618c3200","local_time":"20190331191105","is_ascension_mode":true,"campfire_choices":[{"data":"Reboot","floor":6.0,"key":"SMITH"},{"floor":8.0,"key":"REST"},{"data":"Zap","floor":10.0,"key":"SMITH"},{"data":"Doom and Gloom","floor":12.0,"key":"SMITH"},{"data":"Coolheaded","floor":15.0,"key":"SMITH"},{"floor":23.0,"key":"REST"},{"data":"Blizzard","floor":24.0,"key":"SMITH"},{"floor":28.0,"key":"REST"},{"data":"Fission","floor":30.0,"key":"SMITH"},{"floor":32.0,"key":"REST"},{"floor":40,"key":"REST"}],"neow_cost":"CURSE","seed_source_timestamp":183969297375224,"circlet_count":0,"master_deck":["AscendersBane","Strike_B+1","Defend_B","Defend_B","Defend_B","Defend_B","Zap+1","Dualcast","Compile Driver","Cold Snap","Ball Lightning+1","Conserve Battery","Doom and Gloom+1","Coolheaded+1","Leap","Fission+1","Undo+1","Blizzard+1","Steam+1","Loop","Leap","Biased Cognition","Echo Form","Conserve Battery+1","Go for the Eyes+1"],"special_seed":0,"relics":["Cracked Core","WingedGreaves","Ancient Tea Set","Mercury Hourglass","Strawberry","Inserter","Whetstone","War Paint","Lantern","Regal Pillow","Fusion Hammer","DataDisk"],"potions_floor_usage":[39,44],"damage_taken":[{"damage":7.0,"enemies":"Cultist","floor":1.0,"turns":4.0},{"damage":7.0,"enemies":"Small Slimes","floor":4.0,"turns":3.0},{"damage":28.0,"enemies":"Gremlin Nob","floor":7.0,"turns":4.0},{"damage":2.0,"enemies":"2 Louse","floor":11.0,"turns":2.0},{"damage":16.0,"enemies":"Lagavulin","floor":13.0,"turns":5.0},{"damage":0.0,"enemies":"Blue Slaver","floor":14.0,"turns":3.0},{"damage":3.0,"enemies":"The Guardian","floor":16.0,"turns":11.0},{"damage":9.0,"enemies":"Chosen","floor":18.0,"turns":5.0},{"damage":0.0,"enemies":"Spheric Guardian","floor":19.0,"turns":3.0},{"damage":51.0,"enemies":"Book of Stabbing","floor":25.0,"turns":7.0},{"damage":11.0,"enemies":"Snake Plant","floor":29.0,"turns":5.0},{"damage":43.0,"enemies":"Automaton","floor":33.0,"turns":10.0},{"damage":12.0,"enemies":"3 Shapes","floor":35.0,"turns":3.0},{"damage":27.0,"enemies":"3 Darklings","floor":36.0,"turns":4.0},{"damage":11,"enemies":"Jaw Worm Horde","floor":39,"turns":5},{"damage":17,"enemies":"Sphere and 2 Shapes","floor":41,"turns":4},{"damage":33,"enemies":"Writhing Mass","floor":42,"turns":12},{"damage":11,"enemies":"Transient","floor":44,"turns":4}],"seed_played":"2526897288794229674","potions_obtained":[{"floor":1.0,"key":"Strength Potion"},{"floor":7.0,"key":"Dexterity Potion"},{"floor":14.0,"key":"Poison Potion"},{"floor":16.0,"key":"SteroidPotion"},{"floor":18.0,"key":"PowerPotion"},{"floor":29.0,"key":"Swift Potion"},{"floor":42,"key":"Poison Potion"}],"is_trial":false,"path_per_floor":["M","$","?","M","$","R","E","R","T","R","M","R","E","M","R","B",null,"M","M","?","?","T","R","R","E","T","?","R","M","R","$","R","B",null,"M","M","?","?","M","R","M","M","T","M"],"character_chosen":"DEFECT","items_purchased":["Cold Snap","Ball Lightning","Regal Pillow","PowerPotion"],"campfire_rested":5,"item_purchase_floors":[2,5,31,31],"current_hp_per_floor":[57,57,57,50,50,50,22,43,43,43,41,41,32,32,32,29,66,57,57,35,35,35,59,59,8,8,8,32,21,21,21,60,17,67,55,28,28,28,17,56,39,6,6,0],"gold":272,"neow_bonus":"ONE_RARE_RELIC","is_prod":false,"is_daily":false,"chose_seed":false,"campfire_upgraded":6,"win_rate":0,"timestamp":1554073865,"path_taken":["M","$","?","M","$","R","E","R","T","R","M","R","E","M","R","BOSS","M","?","?","?","?","R","R","E","T","?","R","M","R","?","R","BOSS","M","M","?","?","M","R","M","M","T","M"],"build_version":"2019-01-23","purchased_purges":1,"victory":false,"max_hp_per_floor":[71,71,71,71,71,71,71,71,71,71,71,71,78,78,78,78,78,78,78,83,83,83,83,83,83,83,83,83,83,83,83,83,83,83,83,83,83,83,83,83,83,83,83,83],"card_choices":[{"not_picked":["Coolheaded","Darkness"],"picked":"Compile Driver","floor":1.0},{"not_picked":["Beam Cell","Force Field","Hello World"],"picked":"SKIP","floor":4.0},{"not_picked":["Thunder Strike","Chaos"],"picked":"Conserve Battery","floor":7.0},{"not_picked":["Redo","Go for the Eyes"],"picked":"Doom and Gloom","floor":11.0},{"not_picked":["Scrape","Beam Cell"],"picked":"Coolheaded","floor":13.0},{"not_picked":["Static Discharge","White Noise"],"picked":"Leap","floor":14.0},{"not_picked":["Reboot","Buffer"],"picked":"Fission","floor":16.0},{"not_picked":["Stack","Rebound"],"picked":"Undo","floor":18.0},{"not_picked":["Gash","Steam Power"],"picked":"Blizzard","floor":19.0},{"not_picked":["Gash+1","Conserve Battery"],"picked":"Steam","floor":25.0},{"not_picked":["Hologram","Fusion"],"picked":"Biased Cognition","floor":29.0},{"not_picked":["Electrodynamics","Meteor Strike"],"picked":"Echo Form","floor":33.0},{"not_picked":["Cold Snap","Rebound","Turbo+1"],"picked":"SKIP","floor":35.0},{"not_picked":["White Noise","Gash","Leap"],"picked":"SKIP","floor":36.0},{"not_picked":["Cold Snap","Loop","Redo"],"picked":"SKIP","floor":39},{"not_picked":["Gash","Genetic Algorithm"],"picked":"Conserve Battery+1","floor":41},{"not_picked":["Beam Cell","Hologram"],"picked":"Go for the Eyes+1","floor":42}],"player_experience":594484,"relics_obtained":[{"floor":7.0,"key":"Ancient Tea Set"},{"floor":9.0,"key":"Mercury Hourglass"},{"floor":13.0,"key":"Strawberry"},{"floor":22.0,"key":"Whetstone"},{"floor":25.0,"key":"War Paint"},{"floor":26.0,"key":"Lantern"},{"floor":43,"key":"DataDisk"}],"event_choices":[{"damage_healed":0.0,"max_hp_gain":0.0,"max_hp_loss":0.0,"gold_gain":0.0,"cards_transformed":["Strike_B"],"event_name":"Transmorgrifier","player_choice":"Transformed","floor":3.0,"gold_loss":0.0,"damage_taken":0.0,"cards_obtained":["Reboot"]},{"damage_healed":0.0,"max_hp_gain":5.0,"max_hp_loss":0.0,"gold_gain":0.0,"event_name":"Forgotten Altar","player_choice":"Shed Blood","floor":20.0,"gold_loss":0.0,"damage_taken":27.0},{"damage_healed":0.0,"max_hp_gain":0.0,"max_hp_loss":0.0,"gold_gain":50.0,"event_name":"Nest","player_choice":"Stole From Cult","floor":21.0,"gold_loss":0.0,"damage_taken":0.0},{"damage_healed":0.0,"max_hp_gain":0.0,"max_hp_loss":0.0,"gold_gain":0.0,"cards_transformed":["Strike_B","Strike_B"],"event_name":"Drug Dealer","player_choice":"Became Test Subject","floor":27.0,"gold_loss":0.0,"damage_taken":0.0,"cards_obtained":["Loop","Leap"]},{"damage_healed":0.0,"max_hp_gain":0.0,"max_hp_loss":0.0,"gold_gain":0.0,"event_name":"Mysterious Sphere","player_choice":"Ignored","floor":37.0,"gold_loss":0.0,"damage_taken":0.0},{"cards_removed":["Reboot"],"damage_healed":0.0,"max_hp_gain":0.0,"max_hp_loss":0.0,"gold_gain":0.0,"event_name":"Falling","player_choice":"Removed Skill","floor":38.0,"gold_loss":0.0,"damage_taken":0.0}],"is_beta":false,"boss_relics":[{"not_picked":["Tiny House","Cursed Key"],"picked":"Inserter"},{"not_picked":["Empty Cage","Velvet Choker"],"picked":"Fusion Hammer"}],"items_purged_floors":[2],"is_endless":false,"potions_floor_spawned":[1,7,14,16,18,29,33,42],"killed_by":"Transient","ascension_level":18}