{"gold_per_floor":[116,16,16,28,103,103,130,130,155,184,196,96,96,108,108,206,206,216,229,104,104,203,203,128,148,216,247,97,97,131,46,46,46],"floor_reached":33,"playtime":1152,"items_purged":["Defend_R","Defend_R","Strike_R","Strike_R"],"score":269,"play_id":"5e7eda68-06c1-417a-9a0b-ddd43b534551","local_time":"20190422205433","is_ascension_mode":false,"campfire_choices":[{"data":"Bash","floor":6,"key":"SMITH"},{"floor":8,"key":"REST"},{"floor":15,"key":"REST"},{"floor":23,"key":"REST"},{"floor":32,"key":"REST"}],"neow_cost":"NONE","seed_source_timestamp":0,"circlet_count":0,"master_deck":["Strike_R+1","Bash+1","Shrug It Off+1","Iron Wave+1","Sever Soul+1","Clash"],"special_seed":0,"relics":["Burning Blood","Juzu Bracelet","Orichalcum","Charon\u0027s Ashes","Astrolabe","Ornamental Fan","Red Mask","Red Skull","Bronze Scales"],"potions_floor_usage":[16,16],"damage_taken":[{"damage":11.0,"enemies":"Jaw Worm","floor":1.0,"turns":3.0},{"damage":5,"enemies":"Small Slimes","floor":4,"turns":3},{"damage":47,"enemies":"Lagavulin","floor":7,"turns":7},{"damage":24,"enemies":"Gremlin Nob","floor":10,"turns":5},{"damage":1,"enemies":"2 Louse","floor":11,"turns":2},{"damage":4,"enemies":"Blue Slaver","floor":14,"turns":4},{"damage":41,"enemies":"Hexaghost","floor":16,"turns":9},{"damage":39,"enemies":"3 Byrds","floor":18,"turns":8},{"damage":18,"enemies":"Spheric Guardian","floor":19,"turns":4},{"damage":7,"enemies":"Colosseum Slavers","floor":21,"turns":4},{"damage":13,"enemies":"Centurion and Healer","floor":25,"turns":4},{"damage":1,"enemies":"Masked Bandits","floor":27,"turns":5},{"damage":53,"enemies":"Gremlin Leader","floor":30,"turns":4},{"damage":54,"enemies":"Automaton","floor":33,"turns":8}],"seed_played":"7113497505604175018","potions_obtained":[{"floor":4,"key":"LiquidBronze"},{"floor":11,"key":"LiquidBronze"},{"floor":30,"key":"Swift Potion"}],"is_trial":false,"path_per_floor":["M","$","?","M","?","R","E","R","T","E","M","$","?","M","R","B",null,"M","M","$","?","?","R","?","M","T","?","$","?","E","?","R","B"],"character_chosen":"IRONCLAD","items_purchased":["Shrug It Off"],"campfire_rested":4,"item_purchase_floors":[2],"current_hp_per_floor":[83,83,65,66,55,55,14,40,40,22,27,27,27,29,55,20,88,55,43,43,42,42,68,68,61,61,66,66,66,19,19,45,0],"gold":46,"neow_bonus":"TEN_PERCENT_HP_BONUS","is_prod":false,"is_daily":false,"chose_seed":false,"campfire_upgraded":1,"win_rate":0,"timestamp":1555959273,"path_taken":["M","$","?","M","?","R","E","R","T","E","M","$","?","M","R","BOSS","M","M","$","?","?","R","?","M","T","?","?","?","E","?","R","BOSS"],"build_version":"2019-01-23","purchased_purges":4,"victory":false,"max_hp_per_floor":[88,88,88,88,88,88,88,88,88,88,88,88,88,88,88,88,88,88,88,88,88,88,88,88,88,88,88,88,88,88,88,88,88],"card_choices":[{"not_picked":["Warcry","Rupture","True Grit"],"picked":"SKIP","floor":1.0},{"not_picked":["Thunderclap","Clothesline","Armaments"],"picked":"SKIP","floor":4},{"not_picked":["Evolve","Thunderclap","Wild Strike"],"picked":"SKIP","floor":7},{"not_picked":["Pummel","Wild Strike","Double Tap"],"picked":"SKIP","floor":10},{"not_picked":["Headbutt","Twin Strike","Thunderclap"],"picked":"SKIP","floor":11},{"not_picked":["Feel No Pain","Burning Pact","Iron Wave"],"picked":"SKIP","floor":14},{"not_picked":["Spot Weakness+1","Perfected Strike","Inflame"],"picked":"SKIP","floor":18},{"not_picked":["Seeing Red","True Grit+1"],"picked":"Clash","floor":19},{"not_picked":["Heavy Blade","Rupture","Burning Pact"],"picked":"SKIP","floor":25},{"not_picked":["Impervious","Warcry+1","Heavy Blade"],"picked":"SKIP","floor":30}],"player_experience":146076,"relics_obtained":[{"floor":7,"key":"Juzu Bracelet"},{"floor":9,"key":"Orichalcum"},{"floor":10,"key":"Charon\u0027s Ashes"},{"floor":26,"key":"Ornamental Fan"},{"floor":27,"key":"Red Mask"},{"floor":30,"key":"Red Skull"}],"event_choices":[{"damage_healed":0.0,"max_hp_gain":0.0,"max_hp_loss":0.0,"gold_gain":0.0,"event_name":"Shining Light","player_choice":"Entered Light","floor":3.0,"gold_loss":0.0,"damage_taken":18.0,"cards_upgraded":["Shrug It Off","Strike_R"]},{"damage_healed":0,"gold_gain":75,"player_choice":"Gather Gold","damage_taken":11,"max_hp_gain":0,"max_hp_loss":0,"event_name":"World of Goop","floor":5,"gold_loss":0},{"cards_removed":["Defend_R"],"damage_healed":0,"gold_gain":0,"player_choice":"Forget","damage_taken":0,"max_hp_gain":0,"max_hp_loss":0,"event_name":"Living Wall","floor":13,"gold_loss":0},{"damage_healed":0,"gold_gain":0,"player_choice":"Fight","damage_taken":0,"max_hp_gain":0,"max_hp_loss":0,"event_name":"Colosseum","floor":21,"gold_loss":0},{"damage_healed":0,"gold_gain":0,"player_choice":"Fled From Nobs","damage_taken":0,"max_hp_gain":0,"max_hp_loss":0,"event_name":"Colosseum","floor":21,"gold_loss":0},{"damage_healed":0,"gold_gain":99,"player_choice":"Stole From Cult","damage_taken":0,"max_hp_gain":0,"max_hp_loss":0,"event_name":"Nest","floor":22,"gold_loss":0},{"cards_removed":["Battle Trance"],"damage_healed":0,"gold_gain":0,"player_choice":"Gave Gold","damage_taken":0,"max_hp_gain":0,"max_hp_loss":0,"event_name":"Beggar","floor":24,"gold_loss":75},{"damage_healed":0,"gold_gain":0,"player_choice":"Fought Bandits","damage_taken":0,"max_hp_gain":0,"max_hp_loss":0,"event_name":"Masked Bandits","floor":27,"gold_loss":0},{"damage_healed":0,"gold_gain":0,"player_choice":"Ignored","damage_taken":0,"max_hp_gain":0,"max_hp_loss":0,"event_name":"The Mausoleum","floor":29,"gold_loss":0},{"damage_healed":0,"gold_gain":0,"player_choice":"Obtained Relic","damage_taken":0,"relics_obtained":["Bronze Scales"],"max_hp_gain":0,"max_hp_loss":0,"event_name":"Addict","floor":31,"gold_loss":85}],"is_beta":false,"boss_relics":[{"not_picked":["Runic Pyramid","Coffee Dripper"],"picked":"Astrolabe"}],"items_purged_floors":[2,12,20,28],"is_endless":false,"potions_floor_spawned":[4,11,21,30],"killed_by":"Automaton","ascension_level":0}