{"gold_per_floor":[114,131,131,5,21,21,48,64,144,144,169,199,210,237,237,338,338,348,348,367,272,15,15,15,15,15,15,25,25,25,41,41,41],"floor_reached":33,"playtime":1164,"items_purged":[],"score":273,"play_id":"3b7979c9-8e38-4f2e-a23b-a2445aeebcec","local_time":"20190323075752","is_ascension_mode":false,"campfire_choices":[{"data":"Cold Snap","floor":6,"key":"SMITH"},{"data":"Tempest","floor":10,"key":"SMITH"},{"floor":15,"key":"REST"},{"floor":23,"key":"RECALL"},{"data":"Defragment","floor":30,"key":"SMITH"},{"data":"Thunder Strike","floor":32,"key":"SMITH"}],"neow_cost":"NONE","seed_source_timestamp":286630801573139,"circlet_count":0,"master_deck":["Strike_B","Strike_B","Strike_B","Strike_B","Defend_B","Defend_B","Defend_B","Defend_B","Zap+1","Dualcast","Doom and Gloom","Rebound","Tempest+1","Cold Snap+1","Ball Lightning","Core Surge","Cold Snap","Conserve Battery","Leap","Chill","Thunder Strike+1","Reinforced Body","Doom and Gloom","Coolheaded","Cold Snap","Defragment+1","Aggregate","Conserve Battery+1","Beam Cell+1"],"relics":["Cracked Core","Smiling Mask","Incense Burner","Dream Catcher","Nuclear Battery","Blood Vial","Shuriken"],"potions_floor_usage":[11,11,14,29,33,33],"damage_taken":[{"damage":1,"enemies":"Cultist","floor":1,"turns":3},{"damage":1,"enemies":"Jaw Worm","floor":2,"turns":3},{"damage":0,"enemies":"2 Louse","floor":5,"turns":2},{"damage":10,"enemies":"Exordium Thugs","floor":8,"turns":2},{"damage":25,"enemies":"Lagavulin","floor":11,"turns":4},{"damage":9,"enemies":"2 Fungi Beasts","floor":13,"turns":2},{"damage":15,"enemies":"3 Sentries","floor":14,"turns":6},{"damage":24,"enemies":"The Guardian","floor":16,"turns":11},{"damage":1,"enemies":"Spheric Guardian","floor":18,"turns":3},{"damage":0,"enemies":"Chosen","floor":20,"turns":3},{"damage":2,"enemies":"Sentry and Sphere","floor":28,"turns":5},{"damage":0,"enemies":"Slavers","floor":29,"turns":1},{"damage":0,"enemies":"Centurion and Healer","floor":31,"turns":5},{"damage":92,"enemies":"Collector","floor":33,"turns":10}],"seed_played":"8186896644927231734","potions_obtained":[{"floor":5,"key":"FocusPotion"},{"floor":8,"key":"Strength Potion"},{"floor":13,"key":"PowerPotion"},{"floor":16,"key":"SmokeBomb"},{"floor":18,"key":"Strength Potion"},{"floor":28,"key":"Explosive Potion"}],"is_trial":false,"path_per_floor":["M","M","?","$","M","R","T","M","T","R","E","?","M","E","R","B",null,"M","?","M","$","$","R","?","$","T","$","M","E","R","M","R","B"],"character_chosen":"DEFECT","items_purchased":["Tempest","Cold Snap","Coolheaded","Cold Snap","Defragment","Aggregate","Blood Vial"],"campfire_rested":1,"item_purchase_floors":[4,4,21,21,22,22,22],"current_hp_per_floor":[81,80,80,80,80,80,80,70,70,70,45,45,36,21,45,21,82,81,81,81,81,81,81,81,81,81,81,80,82,82,82,82,0],"gold":41,"neow_bonus":"TEN_PERCENT_HP_BONUS","is_prod":false,"is_daily":false,"chose_seed":false,"campfire_upgraded":4,"win_rate":0,"timestamp":1553353072,"path_taken":["M","M","?","$","M","R","?","M","T","R","E","?","M","E","R","BOSS","M","?","M","?","$","R","?","$","T","$","M","E","R","M","R","BOSS"],"build_version":"2019-01-23","purchased_purges":0,"victory":false,"max_hp_per_floor":[82,82,82,82,82,82,82,82,82,82,82,82,82,82,82,82,82,82,82,82,82,82,82,82,82,82,82,82,82,82,82,82,82],"card_choices":[{"not_picked":["Hologram","Leap"],"picked":"Doom and Gloom","floor":1},{"not_picked":["Redo","Static Discharge"],"picked":"Rebound","floor":2},{"not_picked":["Reinforced Body","Undo"],"picked":"Ball Lightning","floor":5},{"not_picked":["Compile Driver","Leap"],"picked":"Core Surge","floor":8},{"not_picked":["Beam Cell","Steam"],"picked":"Cold Snap","floor":11},{"not_picked":["Beam Cell","Aggregate"],"picked":"Conserve Battery","floor":13},{"not_picked":["Aggregate","Force Field"],"picked":"Leap","floor":14},{"not_picked":["Stack","Force Field"],"picked":"Chill","floor":15},{"not_picked":["Machine Learning","Seek"],"picked":"Thunder Strike","floor":16},{"not_picked":["Cold Snap","Hologram"],"picked":"Reinforced Body","floor":18},{"not_picked":["Ball Lightning","Tempest"],"picked":"Doom and Gloom","floor":20},{"not_picked":["Lockon","Reinforced Body"],"picked":"Conserve Battery+1","floor":28},{"not_picked":["Conserve Battery","Aggregate"],"picked":"Beam Cell+1","floor":31}],"player_experience":631405,"relics_obtained":[{"floor":7,"key":"Smiling Mask"},{"floor":11,"key":"Incense Burner"},{"floor":14,"key":"Dream Catcher"},{"floor":26,"key":"Shuriken"}],"event_choices":[{"damage_healed":0,"gold_gain":0,"player_choice":"Grow","damage_taken":0,"max_hp_gain":0,"max_hp_loss":0,"event_name":"Living Wall","floor":3,"gold_loss":0,"cards_upgraded":["Zap"]},{"damage_healed":0,"gold_gain":30,"player_choice":"Searched \u00271\u0027 times","damage_taken":0,"max_hp_gain":0,"max_hp_loss":0,"event_name":"Dead Adventurer","floor":12,"gold_loss":0},{"damage_healed":0,"gold_gain":0,"player_choice":"Bought 0 Potions","damage_taken":0,"max_hp_gain":0,"max_hp_loss":0,"event_name":"The Woman in Blue","floor":19,"gold_loss":0},{"damage_healed":0,"gold_gain":0,"player_choice":"Ignored","damage_taken":0,"max_hp_gain":0,"max_hp_loss":0,"event_name":"The Mausoleum","floor":24,"gold_loss":0}],"is_beta":false,"boss_relics":[{"not_picked":["Fusion Hammer","Runic Dome"],"picked":"Nuclear Battery"}],"items_purged_floors":[],"is_endless":false,"potions_floor_spawned":[5,8,13,16,18,28,29],"killed_by":"Collector","ascension_level":0}