{"gold_per_floor":[119,134,134,134,154,184,209,227,306,633,651,677,528,558,558,656,656,670,585,199,199,131,131,163,173,244,277,293,393,422,438,438,542,542,554,564,111,125,139,139],"floor_reached":40,"playtime":3396,"items_purged":["Doubt"],"score":727,"play_id":"9e9d43c9-cc0e-45dd-95c6-2f1af9c2a379","local_time":"20190609104034","is_ascension_mode":true,"campfire_choices":[{"floor":15,"key":"REST"},{"floor":23,"key":"REST"},{"data":"Zap","floor":32,"key":"SMITH"}],"neow_cost":"NONE","seed_source_timestamp":1908801500744037,"circlet_count":0,"master_deck":["Strike_B","Strike_B","Defend_B","Defend_B","Defend_B","Defend_B","Zap+1","Dualcast","Conserve Battery+1","FTL","Chill+1","Rip and Tear","Beam Cell","Conserve Battery","Coolheaded","Compile Driver","Streamline","Biased Cognition","Self Repair","Self Repair","FTL","All For One","Hologram","Sunder+1","Capacitor+1","Glacier+1","Core Surge","Force Field","Flash of Steel","Seek"],"relics":["Cracked Core","NeowsBlessing","Dream Catcher","Omamori","Orichalcum","Cables","Old Coin","Bird Faced Urn","Blood Vial","Odd Mushroom","Empty Cage","War Paint","Bag of Preparation","Happy Flower","Vajra","Frozen Egg 2","Ancient Tea Set","Unceasing Top","Ornamental Fan","Bronze Scales","Calling Bell","Juzu Bracelet","Mercury Hourglass","Ice Cream","Singing Bowl"],"potions_floor_usage":[6,6,10,12,24,27,29,30,33],"damage_taken":[{"damage":0,"enemies":"2 Louse","floor":1,"turns":1},{"damage":0,"enemies":"Cultist","floor":2,"turns":1},{"damage":0,"enemies":"Jaw Worm","floor":5,"turns":1},{"damage":14,"enemies":"3 Sentries","floor":6,"turns":8},{"damage":6,"enemies":"2 Fungi Beasts","floor":8,"turns":4},{"damage":10,"enemies":"Lagavulin","floor":10,"turns":6},{"damage":6,"enemies":"Blue Slaver","floor":11,"turns":3},{"damage":2,"enemies":"Gremlin Nob","floor":12,"turns":3},{"damage":4,"enemies":"The Mushroom Lair","floor":14,"turns":6},{"damage":37,"enemies":"Slime Boss","floor":16,"turns":9},{"damage":6,"enemies":"Shell Parasite","floor":18,"turns":5},{"damage":44,"enemies":"Slavers","floor":24,"turns":10},{"damage":0,"enemies":"3 Byrds","floor":25,"turns":4},{"damage":27,"enemies":"Book of Stabbing","floor":27,"turns":6},{"damage":0,"enemies":"Snake Plant","floor":28,"turns":4},{"damage":0,"enemies":"Colosseum Slavers","floor":29,"turns":5},{"damage":0,"enemies":"Colosseum Nobs","floor":29,"turns":6},{"damage":9,"enemies":"Gremlin Leader","floor":30,"turns":8},{"damage":0,"enemies":"Sentry and Sphere","floor":31,"turns":4},{"damage":30,"enemies":"Automaton","floor":33,"turns":10},{"damage":0,"enemies":"3 Darklings","floor":35,"turns":6},{"damage":1,"enemies":"3 Shapes","floor":36,"turns":5},{"damage":0,"enemies":"Sphere and 2 Shapes","floor":38,"turns":3},{"damage":11,"enemies":"Maw","floor":39,"turns":8},{"damage":127,"enemies":"Giant Head","floor":40,"turns":10}],"seed_played":"8290768328918764133","potions_obtained":[{"floor":2,"key":"SkillPotion"},{"floor":5,"key":"EntropicBrew"},{"floor":6,"key":"Strength Potion"},{"floor":10,"key":"Ancient Potion"},{"floor":14,"key":"Regen Potion"},{"floor":25,"key":"GamblersBrew"},{"floor":27,"key":"EssenceOfSteel"},{"floor":29,"key":"Energy Potion"},{"floor":30,"key":"Swift Potion"},{"floor":35,"key":"Strength Potion"}],"is_trial":false,"path_per_floor":["M","M","?","?","M","E","T","M","T","E","M","E","$","?","R","B",null,"M","?","$","?","$","R","E","M","T","E","M","?","E","M","R","B",null,"M","M","$","M","M","E"],"character_chosen":"DEFECT","items_purchased":["Blood Vial","Self Repair","Bag of Preparation","Happy Flower","Self Repair","Singing Bowl","Force Field","Flash of Steel"],"campfire_rested":2,"item_purchase_floors":[13,20,20,20,22,37,37,37],"current_hp_per_floor":[68,68,73,73,73,59,59,53,53,43,37,35,35,33,57,22,66,64,64,64,49,49,74,52,65,65,60,82,85,85,85,85,73,82,85,85,85,85,87,0],"gold":139,"neow_bonus":"THREE_ENEMY_KILL","is_prod":false,"is_daily":false,"chose_seed":false,"campfire_upgraded":1,"win_rate":0,"timestamp":1560087634,"path_taken":["M","M","?","?","?","E","?","M","T","E","M","E","$","?","R","BOSS","M","?","$","?","?","R","E","?","T","E","M","?","E","M","R","BOSS","M","M","$","M","M","E"],"build_version":"2019-01-23","purchased_purges":1,"victory":false,"max_hp_per_floor":[75,75,80,80,80,80,80,80,80,80,80,80,80,80,80,80,80,80,80,80,85,85,85,85,85,85,85,85,85,85,85,85,85,85,85,85,85,85,87,87],"card_choices":[{"not_picked":["Cold Snap","FTL"],"picked":"Conserve Battery","floor":1},{"not_picked":["Auto Shields","Rebound"],"picked":"FTL","floor":2},{"not_picked":["Tempest","Storm","Aggregate"],"picked":"SKIP","floor":5},{"not_picked":["Sweeping Beam","Amplify"],"picked":"Chill","floor":6},{"not_picked":["Coolheaded","Consume"],"picked":"Rip and Tear","floor":8},{"not_picked":["Steam","Reinforced Body"],"picked":"Beam Cell","floor":10},{"not_picked":["FTL","Beam Cell"],"picked":"Conserve Battery","floor":11},{"not_picked":["Consume","Leap"],"picked":"Coolheaded","floor":12},{"not_picked":["Reinforced Body","Multi-Cast"],"picked":"Compile Driver","floor":14},{"not_picked":["Scrape","Aggregate"],"picked":"Streamline","floor":15},{"not_picked":["Fission","Buffer"],"picked":"Biased Cognition","floor":16},{"not_picked":["Gash","Redo","Streamline"],"picked":"SKIP","floor":18},{"not_picked":["Gash","Rebound"],"picked":"FTL","floor":23},{"not_picked":["Streamline+1","Rebound"],"picked":"All For One","floor":24},{"not_picked":["Steam+1","Go for the Eyes"],"picked":"Hologram","floor":25},{"not_picked":["Leap+1","Coolheaded+1","Reboot"],"picked":"SKIP","floor":27},{"not_picked":["Beam Cell","Recycle","Rebound+1"],"picked":"SKIP","floor":28},{"not_picked":["Hologram","Coolheaded"],"picked":"Sunder+1","floor":29},{"not_picked":["Sunder+1","Aggregate"],"picked":"Capacitor+1","floor":30},{"not_picked":["Beam Cell+1","Reinforced Body+1"],"picked":"Glacier+1","floor":31},{"not_picked":["Fission","Multi-Cast"],"picked":"Core Surge","floor":33},{"not_picked":["Steam","Cold Snap","Redo"],"picked":"SKIP","floor":35},{"not_picked":["Hologram+1","Auto Shields","Capacitor+1"],"picked":"SKIP","floor":36},{"not_picked":["Stack","Barrage"],"picked":"Seek","floor":38},{"not_picked":["Turbo+1","Scrape","Streamline+1"],"picked":"Singing Bowl","floor":39}],"player_experience":948694,"relics_obtained":[{"floor":6,"key":"Omamori"},{"floor":7,"key":"Orichalcum"},{"floor":9,"key":"Cables"},{"floor":10,"key":"Old Coin"},{"floor":12,"key":"Bird Faced Urn"},{"floor":14,"key":"Odd Mushroom"},{"floor":24,"key":"Vajra"},{"floor":26,"key":"Frozen Egg 2"},{"floor":27,"key":"Ancient Tea Set"},{"floor":29,"key":"Unceasing Top"},{"floor":29,"key":"Ornamental Fan"},{"floor":30,"key":"Bronze Scales"},{"floor":34,"key":"Juzu Bracelet"},{"floor":34,"key":"Mercury Hourglass"},{"floor":34,"key":"Ice Cream"}],"event_choices":[{"damage_healed":0,"gold_gain":0,"player_choice":"Donut","damage_taken":0,"max_hp_gain":5,"max_hp_loss":0,"event_name":"Big Fish","floor":3,"gold_loss":0},{"damage_healed":0,"gold_gain":0,"player_choice":"Gave Potion","damage_taken":0,"relics_obtained":["Dream Catcher"],"max_hp_gain":0,"max_hp_loss":0,"event_name":"WeMeetAgain","floor":4,"gold_loss":0},{"damage_healed":0,"gold_gain":0,"player_choice":"Fought Mushrooms","damage_taken":0,"max_hp_gain":0,"max_hp_loss":0,"event_name":"Mushrooms","floor":14,"gold_loss":0},{"damage_healed":0,"gold_gain":0,"player_choice":"Obtained Relic","damage_taken":0,"relics_obtained":["War Paint"],"max_hp_gain":0,"max_hp_loss":0,"event_name":"Addict","floor":19,"gold_loss":85},{"damage_healed":0,"gold_gain":0,"player_choice":"Shed Blood","damage_taken":20,"max_hp_gain":5,"max_hp_loss":0,"event_name":"Forgotten Altar","floor":21,"gold_loss":0},{"damage_healed":0,"gold_gain":0,"player_choice":"Fight","damage_taken":0,"max_hp_gain":0,"max_hp_loss":0,"event_name":"Colosseum","floor":29,"gold_loss":0},{"damage_healed":0,"gold_gain":0,"player_choice":"Fought Nobs","damage_taken":0,"max_hp_gain":0,"max_hp_loss":0,"event_name":"Colosseum","floor":29,"gold_loss":0}],"is_beta":false,"boss_relics":[{"not_picked":["White Beast Statue","Cursed Key"],"picked":"Empty Cage"},{"not_picked":["Orrery","Runic Dome"],"picked":"Calling Bell"}],"items_purged_floors":[37],"is_endless":false,"potions_floor_spawned":[2,5,6,10,14,25,27,28,29,30,31,35,38],"killed_by":"Giant Head","ascension_level":8}