{"gold_per_floor":[110,110,124,85,105,105,117,117,117,82,108,118,118,145,145,223,223,237,247,263,263,263],"floor_reached":22,"playtime":938,"items_purged":[],"score":420,"play_id":"4c13542b-328a-4398-b4b0-96d6391f7194","local_time":"20190613125249","is_ascension_mode":true,"campfire_choices":[{"data":"Armaments","floor":6,"key":"SMITH"},{"data":"Infernal Blade","floor":8,"key":"SMITH"},{"floor":15,"key":"DIG"}],"neow_cost":"PERCENT_DAMAGE","seed_source_timestamp":2264797515405319,"circlet_count":0,"master_deck":["AscendersBane","Strike_R","Strike_R","Strike_R","Strike_R","Strike_R+1","Defend_R","Defend_R","Defend_R","Defend_R","Bash","Twin Strike+1","Armaments+1","Second Wind","Armaments","Infernal Blade+1","Spot Weakness","Inflame","Feed+1","Limit Break","Flame Barrier","Ghostly","Ghostly","Ghostly"],"relics":["Burning Blood","Peace Pipe","Shovel","Molten Egg 2","Bronze Scales","Snecko Eye"],"potions_floor_usage":[11,11,14,16],"damage_taken":[{"damage":4,"enemies":"Jaw Worm","floor":1,"turns":5},{"damage":1,"enemies":"2 Louse","floor":3,"turns":2},{"damage":0,"enemies":"Cultist","floor":5,"turns":3},{"damage":7,"enemies":"Looter","floor":7,"turns":3},{"damage":30,"enemies":"Lagavulin","floor":11,"turns":5},{"damage":1,"enemies":"Exordium Wildlife","floor":12,"turns":3},{"damage":0,"enemies":"Gremlin Nob","floor":14,"turns":2},{"damage":37,"enemies":"The Guardian","floor":16,"turns":12},{"damage":7,"enemies":"Chosen","floor":18,"turns":6},{"damage":25,"enemies":"Shell Parasite","floor":19,"turns":4},{"damage":36,"enemies":"Centurion and Healer","floor":20,"turns":6},{"damage":22,"enemies":"Shelled Parasite and Fungi","floor":22,"turns":1}],"seed_played":"8440524338777576445","potions_obtained":[{"floor":5,"key":"Strength Potion"},{"floor":7,"key":"SteroidPotion"},{"floor":12,"key":"SteroidPotion"},{"floor":13,"key":"Energy Potion"},{"floor":14,"key":"Strength Potion"}],"is_trial":false,"path_per_floor":["M","?","M","$","M","R","M","R","T","?","E","M","?","E","R","B",null,"M","M","M","?","M"],"character_chosen":"IRONCLAD","items_purchased":["Second Wind"],"campfire_rested":0,"item_purchase_floors":[4],"current_hp_per_floor":[52,29,34,34,40,40,39,39,39,57,33,38,38,44,44,13,60,63,48,22,22,0],"gold":263,"neow_bonus":"ONE_RARE_RELIC","is_prod":false,"is_daily":false,"chose_seed":false,"campfire_upgraded":2,"win_rate":0,"timestamp":1560441169,"path_taken":["M","?","M","$","M","R","M","R","T","?","E","?","?","E","R","BOSS","M","M","M","?","M"],"build_version":"2019-01-23","purchased_purges":0,"victory":false,"max_hp_per_floor":[75,75,75,75,75,75,75,75,75,75,75,75,75,75,75,75,75,79,83,87,43,43],"card_choices":[{"not_picked":["Body Slam","Corruption"],"picked":"Twin Strike","floor":1},{"not_picked":["Battle Trance","Cleave"],"picked":"Armaments","floor":3},{"not_picked":["Iron Wave","Twin Strike"],"picked":"Armaments","floor":5},{"not_picked":["Warcry","Searing Blow"],"picked":"Infernal Blade","floor":7},{"not_picked":["Wild Strike","Pommel Strike"],"picked":"Spot Weakness","floor":11},{"not_picked":["Immolate","Body Slam"],"picked":"Inflame","floor":12},{"not_picked":["Thunderclap","Fire Breathing"],"picked":"Feed","floor":14},{"not_picked":["Juggernaut","Exhume"],"picked":"Limit Break","floor":16},{"not_picked":["Flex","Spot Weakness","Cleave+1"],"picked":"SKIP","floor":18},{"not_picked":["Warcry","Wild Strike+1","Headbutt+1"],"picked":"SKIP","floor":19},{"not_picked":["Sentinel","Flex"],"picked":"Flame Barrier","floor":20}],"player_experience":1019034,"relics_obtained":[{"floor":11,"key":"Shovel"},{"floor":14,"key":"Molten Egg 2"},{"floor":15,"key":"Bronze Scales"}],"event_choices":[{"damage_healed":0,"gold_gain":0,"player_choice":"Entered Light","damage_taken":23,"max_hp_gain":0,"max_hp_loss":0,"event_name":"Shining Light","floor":2,"gold_loss":0,"cards_upgraded":["Strike_R","Twin Strike"]},{"damage_healed":18,"gold_gain":0,"player_choice":"Healed","damage_taken":0,"max_hp_gain":0,"max_hp_loss":0,"event_name":"The Cleric","floor":10,"gold_loss":35},{"damage_healed":0,"gold_gain":0,"player_choice":"Got Potions","damage_taken":0,"max_hp_gain":0,"max_hp_loss":0,"event_name":"Lab","floor":13,"gold_loss":0},{"damage_healed":0,"gold_gain":0,"player_choice":"Became a Ghost","damage_taken":0,"max_hp_gain":0,"max_hp_loss":44,"event_name":"Ghosts","floor":21,"gold_loss":0,"cards_obtained":["Ghostly","Ghostly","Ghostly"]}],"is_beta":false,"boss_relics":[{"not_picked":["Runic Cube","Eternal Feather"],"picked":"Snecko Eye"}],"items_purged_floors":[],"is_endless":false,"potions_floor_spawned":[5,7,12,14],"killed_by":"Shelled Parasite and Fungi","ascension_level":18}