{"gold_per_floor":[119,136,62,82,102,132,132,4,4,18,18,33,60,71,71,173,223,241,241,223,239,250,279,290,290,372,372,384,384,398,427,427,427],"floor_reached":33,"playtime":3169,"items_purged":[],"score":328,"play_id":"083123aa-529c-490a-92b5-89a1dfbf73d1","local_time":"20190106120750","is_ascension_mode":false,"campfire_choices":[{"data":"Glass Knife","floor":7.0,"key":"SMITH"},{"data":"Noxious Fumes","floor":11.0,"key":"SMITH"},{"data":"Well Laid Plans","floor":15.0,"key":"SMITH"},{"floor":25.0,"key":"REST"},{"floor":27.0,"key":"REST"},{"floor":29,"key":"REST"},{"floor":32,"key":"REST"}],"neow_cost":"NONE","seed_source_timestamp":0,"circlet_count":0,"master_deck":["Defend_G","Defend_G","Defend_G","Defend_G","Defend_G","Strike_G","Strike_G","Strike_G","Strike_G","Strike_G","Survivor","Neutralize+1","Dagger Throw","Dagger Spray","Well Laid Plans+1","Deflect+1","Terror","Glass Knife+1","Noxious Fumes+1","PiercingWail","Deflect","Dodge and Roll","Crippling Poison","Deflect","Envenom","PiercingWail","Infinite Blades","Catalyst+1","Footwork","Storm of Steel+1","Night Terror+1","PiercingWail+1","Dash+1","Acrobatics+1"],"special_seed":0,"relics":["Ring of the Snake","Dodecahedron","Tiny House","Nloth\u0027s Gift","Toxic Egg 2","Molten Egg 2","Darkstone Periapt"],"potions_floor_usage":[33],"damage_taken":[{"damage":0.0,"enemies":"Jaw Worm","floor":1.0,"turns":5.0},{"damage":0.0,"enemies":"Cultist","floor":2.0,"turns":3.0},{"damage":0.0,"enemies":"2 Louse","floor":4.0,"turns":2.0},{"damage":2.0,"enemies":"Red Slaver","floor":5.0,"turns":4.0},{"damage":12.0,"enemies":"3 Sentries","floor":6.0,"turns":10.0},{"damage":0.0,"enemies":"Exordium Wildlife","floor":10.0,"turns":4.0},{"damage":0.0,"enemies":"2 Fungi Beasts","floor":12.0,"turns":3.0},{"damage":20.0,"enemies":"Gremlin Nob","floor":13.0,"turns":4.0},{"damage":0.0,"enemies":"Large Slime","floor":14.0,"turns":5.0},{"damage":15.0,"enemies":"The Guardian","floor":16.0,"turns":9.0},{"damage":4.0,"enemies":"Chosen","floor":18.0,"turns":6.0},{"damage":11.0,"enemies":"2 Thieves","floor":20.0,"turns":4.0},{"damage":13.0,"enemies":"Centurion and Healer","floor":21.0,"turns":7.0},{"damage":9.0,"enemies":"Chosen and Byrds","floor":22.0,"turns":8.0},{"damage":0.0,"enemies":"Gremlin Leader","floor":23.0,"turns":8.0},{"damage":36.0,"enemies":"Sentry and Sphere","floor":24.0,"turns":9.0},{"damage":17,"enemies":"Centurion and Healer","floor":28,"turns":6},{"damage":7,"enemies":"Shelled Parasite and Fungi","floor":30,"turns":7},{"damage":50,"enemies":"Book of Stabbing","floor":31,"turns":8},{"damage":23,"enemies":"Automaton","floor":33,"turns":6}],"seed_played":"-1890495437876724151","potions_obtained":[{"floor":2.0,"key":"Swift Potion"},{"floor":10.0,"key":"GamblersBrew"},{"floor":13.0,"key":"SkillPotion"},{"floor":14.0,"key":"Weak Potion"},{"floor":17.0,"key":"Energy Potion"},{"floor":18.0,"key":"Strength Potion"},{"floor":20.0,"key":"SpeedPotion"},{"floor":23.0,"key":"EntropicBrew"},{"floor":30,"key":"Energy Potion"},{"floor":31,"key":"SpeedPotion"}],"is_trial":false,"path_per_floor":["M","M","$","M","M","E","R","$","T","M","R","M","E","M","R","B",null,"M","?","M","M","M","E","M","R","T","R","M","R","M","E","R","B"],"character_chosen":"THE_SILENT","items_purchased":["Well Laid Plans","Noxious Fumes","PiercingWail"],"campfire_rested":4,"item_purchase_floors":[3,8,8],"current_hp_per_floor":[70,70,70,70,68,56,56,56,56,58,58,60,42,44,44,31,75,71,71,60,47,38,38,2,24,24,46,29,51,44,1,23,0],"gold":427,"neow_bonus":"UPGRADE_CARD","is_prod":false,"is_daily":false,"chose_seed":false,"campfire_upgraded":3,"win_rate":0,"timestamp":1546805270,"path_taken":["M","M","$","M","M","E","R","$","T","M","R","M","E","M","R","BOSS","M","?","M","M","?","E","M","R","T","R","M","R","?","E","R","BOSS"],"build_version":"2019-01-03v4","purchased_purges":0,"victory":false,"max_hp_per_floor":[70,70,70,70,70,70,70,70,70,70,70,70,70,70,70,70,75,75,75,75,75,75,75,75,75,75,75,75,75,75,75,75,75],"card_choices":[{"not_picked":["Cloak And Dagger","Underhanded Strike"],"picked":"Dagger Throw","floor":1.0},{"not_picked":["Deadly Poison","Bane"],"picked":"Dagger Spray","floor":2.0},{"not_picked":["Flying Knee","Underhanded Strike"],"picked":"Deflect","floor":4.0},{"not_picked":["Blur","Escape Plan"],"picked":"Terror","floor":5.0},{"not_picked":["Calculated Gamble","Poisoned Stab"],"picked":"Glass Knife","floor":6.0},{"not_picked":["Outmaneuver","Acrobatics"],"picked":"Deflect","floor":10.0},{"not_picked":["Prepared","Quick Slash"],"picked":"Dodge and Roll","floor":12.0},{"not_picked":["Noxious Fumes","Poisoned Stab"],"picked":"Crippling Poison","floor":13.0},{"not_picked":["Caltrops","Terror"],"picked":"Deflect","floor":14.0},{"not_picked":["Unload","Burst"],"picked":"Envenom","floor":16.0},{"not_picked":["Reflex","Cloak And Dagger"],"picked":"PiercingWail","floor":17.0},{"not_picked":["Sucker Punch","Prepared","Outmaneuver"],"picked":"SKIP","floor":18.0},{"not_picked":["Masterful Stab","Leg Sweep"],"picked":"Infinite Blades","floor":20.0},{"not_picked":["Finisher+1","Adrenaline"],"picked":"Catalyst+1","floor":21.0},{"not_picked":["Catalyst","Underhanded Strike"],"picked":"Footwork","floor":22.0},{"not_picked":["Flying Knee","Backstab"],"picked":"Storm of Steel","floor":23.0},{"not_picked":["Predator+1","Dagger Throw"],"picked":"Night Terror+1","floor":24.0},{"not_picked":["Crippling Poison+1","Choke+1"],"picked":"PiercingWail+1","floor":28},{"not_picked":["Outmaneuver+1","Caltrops"],"picked":"Dash+1","floor":30},{"not_picked":["Dagger Spray+1","Expertise+1"],"picked":"Acrobatics+1","floor":31}],"player_experience":500971,"relics_obtained":[{"floor":6.0,"key":"Blood Vial"},{"floor":13.0,"key":"Dodecahedron"},{"floor":23.0,"key":"Toxic Egg 2"},{"floor":26.0,"key":"Molten Egg 2"},{"floor":31,"key":"Darkstone Periapt"}],"event_choices":[{"damage_healed":0.0,"max_hp_gain":0.0,"max_hp_loss":0.0,"gold_gain":0.0,"event_name":"N\u0027loth","player_choice":"Traded Relic","floor":19.0,"relics_lost":["Blood Vial"],"gold_loss":0.0,"damage_taken":0.0,"relics_obtained":["Nloth\u0027s Gift"]}],"is_beta":false,"boss_relics":[{"not_picked":["Cursed Key","Runic Dome"],"picked":"Tiny House"}],"items_purged_floors":[],"is_endless":false,"potions_floor_spawned":[2,10,13,14,18,20,21,23,30,31],"killed_by":"Automaton","ascension_level":0}