{"gold_per_floor":[112,125,125,143,158,158,193,193,220,231,247,261,286,315,327,440,452,482,409,401,131,146,146],"floor_reached":23,"playtime":1486,"items_purged":["Strike_B"],"score":230,"play_id":"804a7623-398d-4509-b60f-68e9c86f5b40","local_time":"20190411223204","is_ascension_mode":false,"campfire_choices":[{"data":"Buffer","floor":6,"key":"SMITH"},{"floor":15,"key":"REST"}],"neow_cost":"NONE","seed_source_timestamp":162285120564064,"circlet_count":0,"master_deck":["Strike_B","Strike_B+1","Defend_B","Defend_B","Defend_B","Defend_B","Zap","Dualcast+1","Sunder","Rebound","Sweeping Beam","Buffer+1","Melter","Doom and Gloom","Buffer","Go for the Eyes","Redo","Machine Learning","BootSequence","Cold Snap","Amplify","Streamline+1","Loop"],"relics":["Cracked Core","Smiling Mask","MawBank","Snecko Eye","Bird Faced Urn","Art of War"],"potions_floor_usage":[7,16,23,23],"damage_taken":[{"damage":0,"enemies":"Small Slimes","floor":1,"turns":2},{"damage":1,"enemies":"Cultist","floor":2,"turns":3},{"damage":6,"enemies":"2 Louse","floor":4,"turns":2},{"damage":5,"enemies":"Looter","floor":5,"turns":3},{"damage":18,"enemies":"3 Sentries","floor":7,"turns":5},{"damage":11,"enemies":"Lots of Slimes","floor":10,"turns":3},{"damage":7,"enemies":"Exordium Thugs","floor":11,"turns":3},{"damage":0,"enemies":"2 Fungi Beasts","floor":12,"turns":2},{"damage":0,"enemies":"Gremlin Nob","floor":13,"turns":4},{"damage":0,"enemies":"Large Slime","floor":14,"turns":4},{"damage":41,"enemies":"The Guardian","floor":16,"turns":11},{"damage":0,"enemies":"Chosen","floor":18,"turns":5},{"damage":8,"enemies":"2 Thieves","floor":22,"turns":4},{"damage":87,"enemies":"Slavers","floor":23,"turns":5}],"seed_played":"1716350954989464427","potions_obtained":[{"floor":2,"key":"Ancient Potion"},{"floor":5,"key":"Regen Potion"},{"floor":7,"key":"SkillPotion"},{"floor":11,"key":"Swift Potion"},{"floor":14,"key":"Energy Potion"},{"floor":20,"key":"SteroidPotion"}],"is_trial":false,"path_per_floor":["M","M","?","M","M","R","E","?","T","M","M","M","E","M","R","B",null,"M","?","?","$","M","E"],"character_chosen":"DEFECT","items_purchased":["Art of War","Loop"],"campfire_rested":1,"item_purchase_floors":[21,21],"current_hp_per_floor":[75,74,74,68,63,63,59,44,44,33,26,26,26,26,48,7,75,75,75,75,75,73,0],"gold":146,"neow_bonus":"TRANSFORM_CARD","is_prod":false,"is_daily":false,"chose_seed":false,"campfire_upgraded":1,"win_rate":0,"timestamp":1555047124,"path_taken":["M","M","?","?","M","R","E","?","T","M","M","M","E","M","R","BOSS","M","?","?","$","?","E"],"build_version":"2019-01-23","purchased_purges":1,"victory":false,"max_hp_per_floor":[75,75,75,75,75,75,75,75,75,75,75,75,75,75,75,75,75,75,75,75,75,75,75],"card_choices":[{"not_picked":["Hologram","Self Repair"],"picked":"Rebound","floor":1},{"not_picked":["Lockon","Sunder"],"picked":"Sweeping Beam","floor":2},{"not_picked":["Rebound","Steam"],"picked":"Melter","floor":4},{"not_picked":["Steam","Compile Driver"],"picked":"Doom and Gloom","floor":5},{"not_picked":["Tempest","Loop"],"picked":"Buffer","floor":7},{"not_picked":["Rebound","Consume"],"picked":"Go for the Eyes","floor":10},{"not_picked":["Streamline","Sweeping Beam"],"picked":"Redo","floor":11},{"not_picked":["White Noise","Double Energy"],"picked":"Machine Learning","floor":12},{"not_picked":["Compile Driver","Chill"],"picked":"BootSequence","floor":13},{"not_picked":["Auto Shields","Sunder"],"picked":"Cold Snap","floor":14},{"not_picked":["Core Surge","All For One"],"picked":"Amplify","floor":16},{"not_picked":["Auto Shields","Genetic Algorithm"],"picked":"Streamline+1","floor":18},{"not_picked":["Conserve Battery","Barrage+1","Lockon"],"picked":"SKIP","floor":22}],"player_experience":698774,"relics_obtained":[{"floor":7,"key":"Smiling Mask"},{"floor":13,"key":"MawBank"}],"event_choices":[{"damage_healed":0,"gold_gain":0,"player_choice":"1 cards matched","damage_taken":0,"max_hp_gain":0,"max_hp_loss":0,"event_name":"Match and Keep!","floor":3,"gold_loss":0,"cards_obtained":["Buffer"]},{"damage_healed":0,"gold_gain":0,"player_choice":"Entered Light","damage_taken":15,"max_hp_gain":0,"max_hp_loss":0,"event_name":"Shining Light","floor":8,"gold_loss":0,"cards_upgraded":["Strike_B","Dualcast"]},{"damage_healed":0,"gold_gain":0,"player_choice":"Obtained Relic","damage_taken":0,"relics_obtained":["Bird Faced Urn"],"max_hp_gain":0,"max_hp_loss":0,"event_name":"Addict","floor":19,"gold_loss":85},{"damage_healed":0,"gold_gain":0,"player_choice":"Bought 1 Potion","damage_taken":0,"max_hp_gain":0,"max_hp_loss":0,"event_name":"The Woman in Blue","floor":20,"gold_loss":0}],"is_beta":false,"boss_relics":[{"not_picked":["Lizard Tail","Runic Pyramid"],"picked":"Snecko Eye"}],"items_purged_floors":[21],"is_endless":false,"potions_floor_spawned":[2,5,7,11,13,14],"killed_by":"Slavers","ascension_level":0}