{"gold_per_floor":[111,111,131,145,163,163,62,75,75,100,100,100,100,134,134,225,225,239,239,258,258,173,173,217,217,217,217],"floor_reached":27,"playtime":1579,"items_purged":["Strike_R"],"score":502,"play_id":"99d9ef18-5d75-4708-9350-34c771ce9a6b","local_time":"20190614182852","is_ascension_mode":true,"campfire_choices":[{"data":"Rampage","floor":6.0,"key":"SMITH"},{"data":"Rampage","floor":11.0,"key":"SMITH"},{"floor":13.0,"key":"REST"},{"floor":15.0,"key":"REST"},{"floor":23,"key":"REST"},{"floor":25,"key":"RECALL"}],"neow_cost":"NONE","seed_source_timestamp":0,"circlet_count":0,"master_deck":["AscendersBane","Strike_R","Strike_R","Defend_R","Defend_R+1","Defend_R+1","Bash","Pommel Strike","Shrug It Off","Rampage+1","Rampage+1","Shrug It Off","Flex","Evolve","Spot Weakness","Impervious","Fiend Fire","Immolate"],"special_seed":0,"relics":["Burning Blood","War Paint","Meat on the Bone","Champion Belt","Golden Idol","Paper Frog","Fusion Hammer","Anchor","Shuriken","Bottled Flame"],"potions_floor_usage":[],"damage_taken":[{"damage":7.0,"enemies":"Jaw Worm","floor":1.0,"turns":5.0},{"damage":0.0,"enemies":"Cultist","floor":3.0,"turns":4.0},{"damage":0.0,"enemies":"2 Louse","floor":4.0,"turns":2.0},{"damage":0.0,"enemies":"2 Fungi Beasts","floor":5.0,"turns":3.0},{"damage":0.0,"enemies":"Looter","floor":8.0,"turns":4.0},{"damage":14.0,"enemies":"Lagavulin","floor":10.0,"turns":5.0},{"damage":39.0,"enemies":"Gremlin Nob","floor":14.0,"turns":4.0},{"damage":44.0,"enemies":"Slime Boss","floor":16.0,"turns":10.0},{"damage":32.0,"enemies":"Shell Parasite","floor":18.0,"turns":8.0},{"damage":22,"enemies":"3 Byrds","floor":20,"turns":6},{"damage":0,"enemies":"Gremlin Leader","floor":24,"turns":7},{"damage":76,"enemies":"Book of Stabbing","floor":27,"turns":6}],"seed_played":"-220826530077862180","potions_obtained":[{"floor":3.0,"key":"Strength Potion"},{"floor":4.0,"key":"Strength Potion"},{"floor":10.0,"key":"PowerPotion"}],"is_trial":false,"path_per_floor":["M","?","M","M","M","R","$","M","T","E","R","?","R","E","R","B",null,"M","?","M","?","?","R","E","R","T","E"],"character_chosen":"IRONCLAD","items_purchased":["Shrug It Off"],"campfire_rested":3,"item_purchase_floors":[7],"current_hp_per_floor":[67,67,73,75,75,75,75,75,75,67,67,41,63,42,64,38,66,52,52,48,48,48,70,75,75,75,0],"gold":217,"neow_bonus":"REMOVE_CARD","is_prod":false,"is_daily":false,"chose_seed":false,"campfire_upgraded":2,"win_rate":0,"timestamp":1560547732,"path_taken":["M","?","M","M","M","R","?","M","T","E","R","?","R","E","R","BOSS","M","?","M","?","?","R","E","R","T","E"],"build_version":"2019-01-23","purchased_purges":1,"victory":false,"max_hp_per_floor":[75,75,75,75,75,75,75,75,75,75,75,75,75,75,75,75,75,75,75,75,75,75,75,75,75,75,75],"card_choices":[{"not_picked":["Clash","Rage"],"picked":"Pommel Strike","floor":1.0},{"not_picked":["Clash","Thunderclap"],"picked":"Shrug It Off","floor":3.0},{"not_picked":["Feed","Perfected Strike"],"picked":"Rampage","floor":4.0},{"not_picked":["Cleave","Anger"],"picked":"Rampage","floor":5.0},{"not_picked":["Reckless Charge","Cleave"],"picked":"Flex","floor":8.0},{"not_picked":["Perfected Strike","Searing Blow"],"picked":"Evolve","floor":10.0},{"not_picked":["Shrug It Off","Entrench"],"picked":"Spot Weakness","floor":14.0},{"not_picked":["Berserk","Offering"],"picked":"Impervious","floor":16.0},{"not_picked":["Infernal Blade","Evolve","Warcry"],"picked":"SKIP","floor":18.0},{"not_picked":["Flex","Heavy Blade","Rampage"],"picked":"SKIP","floor":20},{"not_picked":["Warcry","Power Through","Bloodletting"],"picked":"SKIP","floor":24}],"player_experience":1040622,"relics_obtained":[{"floor":2.0,"key":"War Paint"},{"floor":9.0,"key":"Meat on the Bone"},{"floor":10.0,"key":"Champion Belt"},{"floor":14.0,"key":"Paper Frog"},{"floor":24,"key":"Shuriken"},{"floor":26,"key":"Bottled Flame"}],"event_choices":[{"damage_healed":0.0,"max_hp_gain":0.0,"max_hp_loss":0.0,"gold_gain":0.0,"event_name":"Wheel of Change","player_choice":"Relic","floor":2.0,"gold_loss":0.0,"damage_taken":0.0},{"damage_healed":0.0,"max_hp_gain":0.0,"max_hp_loss":0.0,"gold_gain":0.0,"event_name":"Golden Idol","player_choice":"Take Damage","floor":12.0,"gold_loss":0.0,"damage_taken":26.0,"relics_obtained":["Golden Idol"]},{"damage_healed":0.0,"max_hp_gain":0.0,"max_hp_loss":0.0,"gold_gain":0.0,"cards_transformed":["Strike_R","Defend_R"],"event_name":"Drug Dealer","player_choice":"Became Test Subject","floor":19.0,"gold_loss":0.0,"damage_taken":0.0,"cards_obtained":["Fiend Fire","Immolate"]},{"damage_healed":0,"gold_gain":0,"player_choice":"Ignored","damage_taken":0,"max_hp_gain":0,"max_hp_loss":0,"event_name":"Vampires","floor":21,"gold_loss":0},{"damage_healed":0,"gold_gain":0,"player_choice":"Obtained Relic","damage_taken":0,"relics_obtained":["Anchor"],"max_hp_gain":0,"max_hp_loss":0,"event_name":"Addict","floor":22,"gold_loss":85}],"is_beta":false,"boss_relics":[{"not_picked":["Black Star","Runic Cube"],"picked":"Fusion Hammer"}],"items_purged_floors":[7],"is_endless":false,"potions_floor_spawned":[3,4,10],"killed_by":"Book of Stabbing","ascension_level":18}