{"gold_per_floor":[119,135,135,60,60,88,88,114,163,163,175,207,219,219,219,219],"floor_reached":16,"playtime":715,"items_purged":["Pain"],"score":215,"play_id":"8ca9846b-db6e-4833-a81a-3c12767edb91","local_time":"20190612090548","is_ascension_mode":true,"campfire_choices":[{"data":"Neutralize","floor":7,"key":"SMITH"},{"data":"Finisher","floor":10,"key":"SMITH"},{"floor":15,"key":"REST"}],"neow_cost":"NONE","seed_source_timestamp":2165003051520952,"circlet_count":0,"master_deck":["AscendersBane","Defend_G","Defend_G","Defend_G","Defend_G","Defend_G","Strike_G","Strike_G","Strike_G","Strike_G","Survivor","Neutralize+1","Finisher+1","PiercingWail","Slice","Leg Sweep","Crippling Poison","Escape Plan","Footwork"],"relics":["Ring of the Snake","NeowsBlessing","WarpedTongs","Sundial","Ice Cream","Bottled Lightning","Dream Catcher","Potion Belt"],"potions_floor_usage":[8,13,13,16],"damage_taken":[{"damage":0,"enemies":"2 Louse","floor":1,"turns":1},{"damage":0,"enemies":"Cultist","floor":2,"turns":1},{"damage":0,"enemies":"3 Sentries","floor":6,"turns":1},{"damage":15,"enemies":"Gremlin Nob","floor":8,"turns":4},{"damage":0,"enemies":"Jaw Worm","floor":11,"turns":3},{"damage":28,"enemies":"3 Sentries","floor":12,"turns":13},{"damage":0,"enemies":"Gremlin Gang","floor":13,"turns":5},{"damage":43,"enemies":"Hexaghost","floor":16,"turns":18}],"seed_played":"-2462213979155415119","potions_obtained":[{"floor":6,"key":"FearPotion"},{"floor":8,"key":"LiquidBronze"},{"floor":11,"key":"GhostInAJar"},{"floor":13,"key":"Explosive Potion"}],"is_trial":false,"path_per_floor":["M","M","?","$","T","E","R","E","T","R","M","E","M","?","R","B"],"character_chosen":"THE_SILENT","items_purchased":[],"campfire_rested":1,"item_purchase_floors":[],"current_hp_per_floor":[63,63,63,63,63,63,63,48,48,48,48,20,20,20,41,0],"gold":219,"neow_bonus":"THREE_ENEMY_KILL","is_prod":false,"is_daily":false,"chose_seed":false,"campfire_upgraded":2,"win_rate":0,"timestamp":1560341148,"path_taken":["M","M","?","$","?","E","R","E","T","R","M","E","M","?","R","BOSS"],"build_version":"2019-01-23","purchased_purges":1,"victory":false,"max_hp_per_floor":[70,70,70,70,70,70,70,70,70,70,70,70,70,70,70,70],"card_choices":[{"not_picked":["Underhanded Strike","Dodge and Roll"],"picked":"Finisher","floor":1},{"not_picked":["Sucker Punch","Catalyst"],"picked":"PiercingWail","floor":2},{"not_picked":["Quick Slash","Masterful Stab"],"picked":"Slice","floor":6},{"not_picked":["Masterful Stab","Leg Sweep","Outmaneuver"],"picked":"SKIP","floor":8},{"not_picked":["Masterful Stab","Outmaneuver"],"picked":"Leg Sweep","floor":8},{"not_picked":["Setup","Blur"],"picked":"Crippling Poison","floor":11},{"not_picked":["Bouncing Flask","Poisoned Stab"],"picked":"Escape Plan","floor":12},{"not_picked":["Prepared","Dodge and Roll","Outmaneuver"],"picked":"SKIP","floor":13},{"not_picked":["Calculated Gamble","Accuracy"],"picked":"Footwork","floor":15}],"player_experience":997798,"relics_obtained":[{"floor":5,"key":"Sundial"},{"floor":6,"key":"Ice Cream"},{"floor":8,"key":"Bottled Lightning"},{"floor":9,"key":"Dream Catcher"},{"floor":12,"key":"Potion Belt"}],"event_choices":[{"damage_healed":0,"gold_gain":0,"player_choice":"Rummage","damage_taken":0,"relics_obtained":["WarpedTongs"],"max_hp_gain":0,"max_hp_loss":0,"event_name":"Accursed Blacksmith","floor":3,"gold_loss":0,"cards_obtained":["Pain"]},{"cards_removed":["Strike_G"],"damage_healed":0,"gold_gain":0,"player_choice":"Purged","damage_taken":0,"max_hp_gain":0,"max_hp_loss":0,"event_name":"Purifier","floor":14,"gold_loss":0}],"is_beta":false,"boss_relics":[],"items_purged_floors":[4],"is_endless":false,"potions_floor_spawned":[6,8,11,13],"killed_by":"Hexaghost","ascension_level":10}