{"gold_per_floor":[112,125,144,157,174,208,208,208],"floor_reached":8,"playtime":431,"items_purged":[],"score":72,"play_id":"41cdfbff-711b-426f-adb5-31583ff916cb","local_time":"20190312223820","is_ascension_mode":true,"campfire_choices":[],"neow_cost":"NONE","seed_source_timestamp":0,"circlet_count":0,"master_deck":["Defend_G","Defend_G","Defend_G","Defend_G","Defend_G","Strike_G","Strike_G","Strike_G","Strike_G","Survivor","Neutralize","Deadly Poison","Bane","Backstab","Riddle With Holes","Poisoned Stab"],"special_seed":0,"relics":["Ring of the Snake","Mummified Hand"],"potions_floor_usage":[8,8,8,8],"damage_taken":[{"damage":1.0,"enemies":"Cultist","floor":1.0,"turns":5.0},{"damage":0.0,"enemies":"2 Louse","floor":2.0,"turns":2.0},{"damage":0.0,"enemies":"Small Slimes","floor":3.0,"turns":2.0},{"damage":14,"enemies":"Exordium Thugs","floor":4,"turns":6},{"damage":1,"enemies":"2 Fungi Beasts","floor":5,"turns":3},{"damage":32,"enemies":"Gremlin Nob","floor":6,"turns":4},{"damage":35,"enemies":"Lagavulin","floor":8,"turns":3}],"seed_played":"7715372756303426542","potions_obtained":[{"floor":3.0,"key":"Swift Potion"},{"floor":7,"key":"EntropicBrew"},{"floor":7,"key":"EntropicBrew"}],"is_trial":false,"path_per_floor":["M","M","M","M","M","E","?","E"],"character_chosen":"THE_SILENT","items_purchased":[],"campfire_rested":0,"item_purchase_floors":[],"current_hp_per_floor":[69,69,69,55,54,22,22,0],"gold":208,"neow_bonus":"TRANSFORM_CARD","is_prod":false,"is_daily":false,"chose_seed":false,"campfire_upgraded":0,"win_rate":0,"timestamp":1552455500,"path_taken":["M","M","?","M","M","E","?","E"],"build_version":"2019-01-23","purchased_purges":0,"victory":false,"max_hp_per_floor":[70,70,70,70,70,70,70,70],"card_choices":[{"not_picked":["Tactician","Underhanded Strike"],"picked":"Bane","floor":1.0},{"not_picked":["Calculated Gamble","Outmaneuver"],"picked":"Backstab","floor":2.0},{"not_picked":["Setup","Predator"],"picked":"Riddle With Holes","floor":3.0},{"not_picked":["Cloak And Dagger","Flying Knee"],"picked":"Poisoned Stab","floor":4},{"not_picked":["Dagger Throw","Outmaneuver","Sucker Punch"],"picked":"SKIP","floor":5},{"not_picked":["Outmaneuver","Flying Knee","Dagger Throw"],"picked":"SKIP","floor":6}],"player_experience":594432,"relics_obtained":[{"floor":6,"key":"Mummified Hand"}],"event_choices":[{"damage_healed":0,"gold_gain":0,"player_choice":"Got Potions","damage_taken":0,"max_hp_gain":0,"max_hp_loss":0,"event_name":"Lab","floor":7,"gold_loss":0}],"is_beta":false,"boss_relics":[],"items_purged_floors":[],"is_endless":false,"potions_floor_spawned":[3],"killed_by":"Lagavulin","ascension_level":4}