{"gold_per_floor":[116,129,140,20,20,20,32,32,32,32,32,46,46,62,62,192,192,192,147,87,87,87,87,87,87,87,63,63,63,63,63,63,63,63,63,63,63,63,63,63,63,63,63,63,63,63,63,63,63,63],"floor_reached":51,"playtime":3777,"items_purged":[],"score":597,"play_id":"5289da02-6500-426d-a7c0-7e0fb138c609","local_time":"20190303073727","is_ascension_mode":false,"campfire_choices":[{"data":"Zap","floor":6.0,"key":"SMITH"},{"data":"Static Discharge","floor":8.0,"key":"SMITH"},{"data":"Go for the Eyes","floor":10.0,"key":"SMITH"},{"floor":15.0,"key":"REST"},{"floor":23.0,"key":"REST"},{"data":"Buffer","floor":28.0,"key":"SMITH"},{"data":"Meteor Strike","floor":30.0,"key":"SMITH"},{"floor":32.0,"key":"REST"},{"floor":40,"key":"REST"},{"floor":44,"key":"REST"},{"floor":47,"key":"REST"},{"data":"Buffer","floor":49,"key":"SMITH"}],"neow_cost":"NONE","seed_source_timestamp":0,"circlet_count":0,"master_deck":["Strike_B","Strike_B","Strike_B","Strike_B","Defend_B","Defend_B","Defend_B","Defend_B","Zap+1","Dualcast","Beam Cell","Cold Snap","Static Discharge+1","Conserve Battery","Go for the Eyes+1","Meteor Strike+1","Ball Lightning","Buffer+1","Leap+1","Coolheaded","Ball Lightning","Go for the Eyes","Melter","Buffer+1","Conserve Battery","Double Energy+1","Creative AI","Compile Driver+1","Coolheaded+1","Multi-Cast","Parasite","Conserve Battery+1","Chill","Compile Driver+1"],"special_seed":0,"relics":["Cracked Core","Bronze Scales","Ice Cream","Incense Burner","Golden Idol","Ectoplasm","Molten Egg 2","Runic Pyramid","Pear","Mercury Hourglass","Peace Pipe"],"potions_floor_usage":[50,50,50],"damage_taken":[{"damage":1.0,"enemies":"Cultist","floor":1.0,"turns":3.0},{"damage":1.0,"enemies":"Jaw Worm","floor":2.0,"turns":2.0},{"damage":2.0,"enemies":"2 Louse","floor":3.0,"turns":2.0},{"damage":6.0,"enemies":"Large Slime","floor":7.0,"turns":4.0},{"damage":2.0,"enemies":"Red Slaver","floor":12.0,"turns":3.0},{"damage":3.0,"enemies":"2 Fungi Beasts","floor":14.0,"turns":3.0},{"damage":47.0,"enemies":"The Guardian","floor":16.0,"turns":10.0},{"damage":6.0,"enemies":"Shell Parasite","floor":18.0,"turns":4.0},{"damage":10.0,"enemies":"2 Thieves","floor":19.0,"turns":3.0},{"damage":8.0,"enemies":"Snake Plant","floor":21.0,"turns":4.0},{"damage":0.0,"enemies":"Snecko","floor":22.0,"turns":5.0},{"damage":8.0,"enemies":"Centurion and Healer","floor":24.0,"turns":10.0},{"damage":2.0,"enemies":"Shelled Parasite and Fungi","floor":25.0,"turns":3.0},{"damage":0.0,"enemies":"Snake Plant","floor":29.0,"turns":4.0},{"damage":18.0,"enemies":"3 Cultists","floor":31.0,"turns":4.0},{"damage":56.0,"enemies":"Champ","floor":33.0,"turns":15.0},{"damage":27.0,"enemies":"3 Darklings","floor":35.0,"turns":5.0},{"damage":0,"enemies":"Orb Walker","floor":37,"turns":4},{"damage":0,"enemies":"Maw","floor":38,"turns":8},{"damage":6,"enemies":"Spire Growth","floor":39,"turns":6},{"damage":0,"enemies":"Writhing Mass","floor":41,"turns":8},{"damage":14,"enemies":"Jaw Worm Horde","floor":42,"turns":5},{"damage":14,"enemies":"3 Darklings","floor":45,"turns":3},{"damage":0,"enemies":"Mind Bloom Boss Battle","floor":46,"turns":7},{"damage":59,"enemies":"Time Eater","floor":50,"turns":12}],"seed_played":"-5145168808528972879","potions_obtained":[{"floor":1.0,"key":"Dexterity Potion"},{"floor":12.0,"key":"Weak Potion"},{"floor":16.0,"key":"Ancient Potion"},{"floor":18.0,"key":"PowerPotion"},{"floor":22.0,"key":"FearPotion"},{"floor":31.0,"key":"SkillPotion"},{"floor":33.0,"key":"Swift Potion"},{"floor":37,"key":"Dexterity Potion"},{"floor":38,"key":"Poison Potion"}],"is_trial":false,"path_per_floor":["M","M","M","$","?","R","M","R","T","R","?","M","?","M","R","B",null,"M","M","?","M","M","R","M","M","T","$","R","M","R","M","R","B",null,"M","T","M","M","M","R","M","M","T","R","M","?","R","?","R","B",null],"character_chosen":"DEFECT","items_purchased":["Static Discharge","Conserve Battery","Conserve Battery"],"campfire_rested":6,"item_purchase_floors":[4,4,27],"current_hp_per_floor":[74,73,71,71,59,59,53,53,53,53,53,51,51,48,70,23,75,69,59,59,51,51,73,65,63,63,63,63,63,63,45,67,11,75,48,58,58,58,52,77,77,63,63,85,71,71,85,85,85,26],"gold":63,"neow_bonus":"RANDOM_COMMON_RELIC","is_prod":false,"is_daily":false,"chose_seed":false,"campfire_upgraded":6,"win_rate":0,"timestamp":1551627447,"path_taken":["M","M","M","$","?","R","M","R","T","R","?","M","?","M","R","BOSS","M","M","?","M","M","R","M","M","T","$","R","M","R","M","R","BOSS","M","?","M","M","M","R","M","M","T","R","M","?","R","?","R","BOSS"],"build_version":"2019-01-23","purchased_purges":0,"victory":true,"max_hp_per_floor":[75,75,75,75,75,75,75,75,75,75,75,75,75,75,75,75,75,75,75,75,75,75,75,75,75,75,75,75,75,75,75,75,75,75,75,85,85,85,85,85,85,85,85,85,85,85,85,85,85,85],"card_choices":[{"not_picked":["FTL","Barrage"],"picked":"Beam Cell","floor":1.0},{"not_picked":["Compile Driver","Defragment"],"picked":"Cold Snap","floor":2.0},{"not_picked":["Gash","Steam","Sweeping Beam"],"picked":"SKIP","floor":3.0},{"not_picked":["Sweeping Beam","Redo"],"picked":"Go for the Eyes","floor":7.0},{"not_picked":["Capacitor","Barrage"],"picked":"Meteor Strike","floor":12.0},{"not_picked":["Cold Snap","Blizzard"],"picked":"Ball Lightning","floor":14.0},{"not_picked":["Reboot","Biased Cognition"],"picked":"Buffer","floor":16.0},{"not_picked":["Sweeping Beam","Coolheaded+1"],"picked":"Leap+1","floor":18.0},{"not_picked":["Stack","Rip and Tear"],"picked":"Coolheaded","floor":19.0},{"not_picked":["Barrage+1","Gash+1"],"picked":"Ball Lightning","floor":21.0},{"not_picked":["Steam","Rip and Tear+1"],"picked":"Go for the Eyes","floor":22.0},{"not_picked":["Leap","Coolheaded"],"picked":"Melter","floor":24.0},{"not_picked":["Leap","Barrage"],"picked":"Buffer","floor":25.0},{"not_picked":["Beam Cell+1","Barrage+1"],"picked":"Double Energy+1","floor":29.0},{"not_picked":["Machine Learning","Rainbow"],"picked":"Creative AI","floor":33.0},{"not_picked":["Barrage+1","Beam Cell+1"],"picked":"Compile Driver+1","floor":35},{"not_picked":["Turbo+1","Barrage+1"],"picked":"Coolheaded+1","floor":37},{"not_picked":["Turbo+1","Aggregate","Steam+1"],"picked":"SKIP","floor":38},{"not_picked":["Double Energy","Static Discharge+1"],"picked":"Multi-Cast","floor":39},{"not_picked":["Coolheaded","Beam Cell+1","Go for the Eyes+1"],"picked":"SKIP","floor":41},{"not_picked":["Cold Snap+1","Melter+1"],"picked":"Conserve Battery+1","floor":42},{"not_picked":["Redo+1","Fusion"],"picked":"Chill","floor":45},{"not_picked":["Steam","Hello World+1"],"picked":"Compile Driver+1","floor":46}],"player_experience":545831,"relics_obtained":[{"floor":9.0,"key":"Incense Burner"},{"floor":26.0,"key":"Molten Egg 2"},{"floor":36,"key":"Pear"},{"floor":43,"key":"Mercury Hourglass"},{"floor":46,"key":"Peace Pipe"}],"event_choices":[{"damage_healed":0.0,"max_hp_gain":0.0,"max_hp_loss":0.0,"gold_gain":0.0,"event_name":"Scrap Ooze","player_choice":"Success","floor":5.0,"gold_loss":0.0,"damage_taken":12.0,"relics_obtained":["Ice Cream"]},{"damage_healed":0.0,"max_hp_gain":0.0,"max_hp_loss":0.0,"gold_gain":0.0,"event_name":"Shining Light","player_choice":"Ignored","floor":11.0,"gold_loss":0.0,"damage_taken":0.0},{"damage_healed":0.0,"max_hp_gain":0.0,"max_hp_loss":0.0,"gold_gain":0.0,"event_name":"Golden Idol","player_choice":"Take Wound","floor":13.0,"gold_loss":0.0,"damage_taken":0.0,"relics_obtained":["Golden Idol"],"cards_obtained":["Injury"]},{"cards_removed":["Injury"],"damage_healed":0.0,"max_hp_gain":0.0,"max_hp_loss":0.0,"gold_gain":0.0,"event_name":"Designer","player_choice":"Single Remove","floor":20.0,"gold_loss":60.0,"damage_taken":0.0},{"damage_healed":0,"gold_gain":0,"player_choice":"Fight","damage_taken":0,"max_hp_gain":0,"max_hp_loss":0,"event_name":"MindBloom","floor":46,"gold_loss":0},{"damage_healed":0,"gold_gain":0,"player_choice":"Got Potions","damage_taken":0,"max_hp_gain":0,"max_hp_loss":0,"event_name":"Lab","floor":48,"gold_loss":0}],"is_beta":false,"boss_relics":[{"not_picked":["FrozenCore","Black Star"],"picked":"Ectoplasm"},{"not_picked":["Nuclear Battery","Calling Bell"],"picked":"Runic Pyramid"}],"items_purged_floors":[],"is_endless":false,"potions_floor_spawned":[1,12,16,18,22,31,33,37,38,41,42,46],"ascension_level":0}