{"gold_per_floor":[117,136,156,12,12,45,59,59,86,36,36,36,52,77,77,207,207,232,232,93,109,109,109,123,163,163,197,197,197,72,88,88,214,214,234,253,54,72,87,110,110,126,126,145,145,169,169,70,70,70],"floor_reached":51,"playtime":6025,"items_purged":["Strike_R","Strike_R","Strike_R","Juggernaut"],"score":691,"play_id":"f917f034-0b4f-4633-86f0-d769ceb2db53","local_time":"20180830172429","is_ascension_mode":false,"campfire_choices":[{"data":"Armaments","floor":8.0,"key":"SMITH"},{"data":"Heavy Blade","floor":11.0,"key":"SMITH"},{"data":"Inflame","floor":15.0,"key":"SMITH"},{"floor":23.0,"key":"REST"},{"floor":29.0,"key":"REST"},{"floor":32.0,"key":"REST"},{"floor":41.0,"key":"REST"},{"floor":47,"key":"REST"},{"floor":49,"key":"REST"}],"neow_cost":"TEN_PERCENT_HP_LOSS","seed_source_timestamp":0,"circlet_count":0,"master_deck":["Defend_R+1","Defend_R+1","Defend_R","Bash","Clash+1","Warcry","Heavy Blade+1","Anger","Armaments+1","Metallicize","Anger","Iron Wave","Inflame+1","Brutality","Bloodletting","Dual Wield","Shrug It Off","Offering","Inflame+1","Limit Break","Inflame+1","Shrug It Off+1","Evolve+1"],"special_seed":0,"relics":["Burning Blood","Golden Idol","War Paint","Bag of Marbles","Fusion Hammer","Orichalcum","Self Forming Clay","Boot","Art of War","Orrery","Unceasing Top"],"potions_floor_usage":[44,50],"damage_taken":[{"damage":0.0,"enemies":"Jaw Worm","floor":1.0,"turns":3.0},{"damage":0.0,"enemies":"2 Louse","floor":2.0,"turns":2.0},{"damage":0.0,"enemies":"Small Slimes","floor":3.0,"turns":2.0},{"damage":13.0,"enemies":"Gremlin Nob","floor":6.0,"turns":4.0},{"damage":0.0,"enemies":"Red Slaver","floor":7.0,"turns":1.0},{"damage":5.0,"enemies":"Lots of Slimes","floor":13.0,"turns":3.0},{"damage":12.0,"enemies":"Blue Slaver","floor":14.0,"turns":3.0},{"damage":39.0,"enemies":"The Guardian","floor":16.0,"turns":7.0},{"damage":10.0,"enemies":"Chosen","floor":18.0,"turns":3.0},{"damage":18.0,"enemies":"Spheric Guardian","floor":21.0,"turns":5.0},{"damage":16.0,"enemies":"Snake Plant","floor":24.0,"turns":4.0},{"damage":38.0,"enemies":"Slavers","floor":25.0,"turns":4.0},{"damage":7.0,"enemies":"Gremlin Leader","floor":27.0,"turns":5.0},{"damage":5.0,"enemies":"Cultist and Chosen","floor":31.0,"turns":4.0},{"damage":27.0,"enemies":"Automaton","floor":33.0,"turns":6.0},{"damage":18.0,"enemies":"3 Darklings","floor":35.0,"turns":5.0},{"damage":7.0,"enemies":"Flame Bruiser 1 Orb","floor":36.0,"turns":5.0},{"damage":6.0,"enemies":"4 Shapes","floor":38.0,"turns":5.0},{"damage":18.0,"enemies":"Spire Growth","floor":39.0,"turns":4.0},{"damage":10.0,"enemies":"Flame Bruiser 2 Orb","floor":40.0,"turns":5.0},{"damage":9.0,"enemies":"Transient","floor":42.0,"turns":5.0},{"damage":12,"enemies":"3 Darklings","floor":44,"turns":3},{"damage":37,"enemies":"Flame Bruiser 2 Orb","floor":46,"turns":4},{"damage":35,"enemies":"Donu and Deca","floor":50,"turns":6}],"seed_played":"1285899648500573343","potions_obtained":[{"floor":1.0,"key":"EssenceOfSteel"},{"floor":7.0,"key":"Poison Potion"},{"floor":14.0,"key":"BloodPotion"},{"floor":16.0,"key":"FearPotion"},{"floor":21.0,"key":"FearPotion"},{"floor":24.0,"key":"Explosive Potion"},{"floor":27.0,"key":"Energy Potion"},{"floor":33.0,"key":"Explosive Potion"},{"floor":35.0,"key":"Ancient Potion"},{"floor":39.0,"key":"EntropicBrew"},{"floor":40.0,"key":"Energy Potion"},{"floor":44,"key":"Energy Potion"}],"is_trial":false,"path_per_floor":["M","M","M","$","?","E","M","R","T","$","R","?","M","M","R","B",null,"M","?","$","M","?","R","M","E","T","E","T","R","$","M","R","B",null,"M","M","$","M","M","M","R","M","T","M","?","M","R","$","R","B"],"character_chosen":"IRONCLAD","items_purchased":["Metallicize","Iron Wave","Bloodletting","Strength Potion","SteroidPotion","Fire Potion"],"campfire_rested":6,"item_purchase_floors":[4,10,20,37,48,48],"current_hp_per_floor":[72,72,72,72,54,47,53,53,53,53,53,53,54,48,48,15,72,68,68,68,56,56,72,62,37,37,36,36,57,57,58,72,51,72,60,59,59,59,47,43,64,61,61,55,55,24,45,45,66,37],"gold":70,"neow_bonus":"TRANSFORM_TWO_CARDS","is_prod":false,"is_daily":false,"chose_seed":false,"campfire_upgraded":3,"win_rate":0.0,"timestamp":1535675069,"path_taken":["M","M","M","$","?","E","M","R","T","$","R","?","M","M","R","BOSS","M","?","$","M","?","R","M","E","T","E","?","R","$","M","R","BOSS","M","M","$","M","M","?","R","M","T","M","?","M","R","$","R","BOSS"],"build_version":"2018-08-23v2","purchased_purges":4,"victory":true,"max_hp_per_floor":[72,72,72,72,72,72,72,72,72,72,72,72,72,72,72,72,72,72,72,72,72,72,72,72,72,72,72,72,72,72,72,72,72,72,72,72,72,72,72,72,72,72,72,72,72,72,72,72,72,72],"card_choices":[{"not_picked":["Havoc","Armaments"],"picked":"Heavy Blade","floor":1.0},{"not_picked":["Searing Blow","True Grit"],"picked":"Anger","floor":2.0},{"not_picked":["Uppercut","Body Slam"],"picked":"Armaments","floor":3.0},{"not_picked":["Uppercut","Perfected Strike"],"picked":"Anger","floor":6.0},{"not_picked":["Iron Wave","Anger"],"picked":"Pommel Strike","floor":7.0},{"not_picked":["Perfected Strike","Clothesline"],"picked":"Juggernaut","floor":13.0},{"not_picked":["Evolve","Armaments"],"picked":"Inflame","floor":14.0},{"not_picked":["Feed","Juggernaut"],"picked":"Brutality","floor":16.0},{"not_picked":["Anger","True Grit","Fire Breathing"],"picked":"SKIP","floor":18.0},{"not_picked":["Sword Boomerang+1","Shrug It Off"],"picked":"Dual Wield","floor":21.0},{"not_picked":["Iron Wave","Seeing Red"],"picked":"Shrug It Off","floor":24.0},{"not_picked":["Pommel Strike","Heavy Blade","Iron Wave"],"picked":"SKIP","floor":25.0},{"not_picked":["Shrug It Off","Pummel"],"picked":"Offering","floor":27.0},{"not_picked":["Armaments","Iron Wave"],"picked":"Inflame+1","floor":31.0},{"not_picked":["Dark Embrace","Immolate"],"picked":"Limit Break","floor":33.0},{"not_picked":["Flame Barrier","Twin Strike+1"],"picked":"Inflame+1","floor":34.0},{"not_picked":["Twin Strike","Clash"],"picked":"Shrug It Off+1","floor":34.0},{"not_picked":["Shrug It Off","Rampage+1","Headbutt"],"picked":"SKIP","floor":35.0},{"not_picked":["Heavy Blade+1","Havoc+1","Body Slam"],"picked":"SKIP","floor":36.0},{"not_picked":["Shockwave+1","Heavy Blade","Bloodletting"],"picked":"SKIP","floor":38.0},{"not_picked":["Dark Embrace","True Grit+1","Shrug It Off"],"picked":"SKIP","floor":39.0},{"not_picked":["Clothesline","Pommel Strike","Armaments"],"picked":"SKIP","floor":40.0},{"not_picked":["Heavy Blade+1","Sword Boomerang+1","Iron Wave"],"picked":"SKIP","floor":42.0},{"not_picked":["Exhume","Havoc+1","Wild Strike+1"],"picked":"SKIP","floor":44},{"not_picked":["Disarm","Battle Trance"],"picked":"Evolve+1","floor":46}],"player_experience":363455,"relics_obtained":[{"floor":6.0,"key":"War Paint"},{"floor":9.0,"key":"Bag of Marbles"},{"floor":25.0,"key":"Orichalcum"},{"floor":26.0,"key":"Self Forming Clay"},{"floor":27.0,"key":"Boot"},{"floor":28.0,"key":"Art of War"},{"floor":43,"key":"Unceasing Top"}],"event_choices":[{"event_name":"Golden Idol","player_choice":"Take Damage","floor":5.0,"damage_taken":0.0},{"event_name":"Upgrade Shrine","player_choice":"Upgraded","floor":12.0,"damage_taken":0.0},{"event_name":"Ghosts","player_choice":"Ignored","floor":19.0,"damage_taken":0.0},{"event_name":"Back to Basics","player_choice":"Elegance","floor":22.0,"damage_taken":0.0},{"event_name":"Falling","player_choice":"Removed Attack","floor":45,"damage_taken":0}],"is_beta":false,"boss_relics":[{"not_picked":["Calling Bell","Black Blood"],"picked":"Fusion Hammer"},{"not_picked":["Philosopher\u0027s Stone","Tiny House"],"picked":"Orrery"}],"items_purged_floors":[4,20,30,37],"is_endless":false,"potions_floor_spawned":[1,7,14,16,21,24,27,31,33,35,39,40,44],"ascension_level":0}