{"gold_per_floor":[111,61,61,79,79,79,4,4,304,304,320,339,353,305,305,403,403,376,376,229,248,262,262,262,273,303,303,313,341,341,369,369,471,471,486,199,199,216,216,216,316,316,390,403,403,422,218,229,229,229],"floor_reached":51,"playtime":3818,"items_purged":["Defend_G","Defend_G","Regret"],"score":801,"play_id":"1bde6eed-40a2-40d3-8b3c-3f2961f546a2","local_time":"20190518185655","is_ascension_mode":true,"campfire_choices":[{"data":"Poisoned Stab","floor":6.0,"key":"SMITH"},{"data":"Survivor","floor":8.0,"key":"SMITH"},{"floor":10.0,"key":"REST"},{"data":"Burst","floor":15.0,"key":"SMITH"},{"floor":23.0,"key":"REST"},{"data":"Die Die Die","floor":27.0,"key":"SMITH"},{"data":"Blade Dance","floor":30.0,"key":"SMITH"},{"floor":32.0,"key":"REST"},{"floor":40.0,"key":"REST"},{"data":"PiercingWail","floor":42.0,"key":"SMITH"},{"floor":49.0,"key":"REST"}],"neow_cost":"NONE","seed_source_timestamp":0,"circlet_count":0,"master_deck":["Defend_G","Defend_G","Defend_G","Strike_G","Strike_G","Strike_G","Survivor+1","Neutralize","Trip","PiercingWail+1","Poisoned Stab+1","Burst+1","Die Die Die+1","Cloak And Dagger+1","Poisoned Stab+1","Outmaneuver+1","Blade Dance+1","Noxious Fumes+1","Cloak And Dagger+1","Doubt","Cloak And Dagger+1","Tools of the Trade","Backflip+1"],"special_seed":0,"relics":["Ring of the Snake","Dead Branch","Old Coin","Black Star","Tiny Chest","Pear","Juzu Bracelet","Question Card","Ornamental Fan","Cursed Key","Nunchaku","Snake Skull","Tingsha","Kunai"],"potions_floor_usage":[50,50],"damage_taken":[{"damage":0.0,"enemies":"Cultist","floor":1.0,"turns":4.0},{"damage":3.0,"enemies":"Small Slimes","floor":4.0,"turns":4.0},{"damage":0.0,"enemies":"Jaw Worm","floor":11.0,"turns":3.0},{"damage":0.0,"enemies":"Blue Slaver","floor":12.0,"turns":4.0},{"damage":1.0,"enemies":"Large Slime","floor":13.0,"turns":8.0},{"damage":41.0,"enemies":"The Guardian","floor":16.0,"turns":15.0},{"damage":17.0,"enemies":"2 Thieves","floor":18.0,"turns":5.0},{"damage":2.0,"enemies":"Shell Parasite","floor":21.0,"turns":6.0},{"damage":3.0,"enemies":"Snecko","floor":22.0,"turns":4.0},{"damage":2.0,"enemies":"Snake Plant","floor":25.0,"turns":4.0},{"damage":0.0,"enemies":"Chosen and Byrds","floor":28.0,"turns":3.0},{"damage":0.0,"enemies":"Gremlin Leader","floor":29.0,"turns":4.0},{"damage":16.0,"enemies":"Book of Stabbing","floor":31.0,"turns":4.0},{"damage":64.0,"enemies":"Champ","floor":33.0,"turns":10.0},{"damage":9.0,"enemies":"Orb Walker","floor":35.0,"turns":4.0},{"damage":25.0,"enemies":"3 Shapes","floor":38.0,"turns":7.0},{"damage":0.0,"enemies":"Mind Bloom Boss Battle","floor":41.0,"turns":7.0},{"damage":12.0,"enemies":"Transient","floor":44.0,"turns":5.0},{"damage":7.0,"enemies":"Sphere and 2 Shapes","floor":46.0,"turns":4.0},{"damage":2.0,"enemies":"Writhing Mass","floor":48.0,"turns":5.0},{"damage":69,"enemies":"Time Eater","floor":50,"turns":11}],"seed_played":"9161054314186010654","potions_obtained":[{"floor":4.0,"key":"Ancient Potion"},{"floor":12.0,"key":"Strength Potion"},{"floor":13.0,"key":"Energy Potion"},{"floor":22.0,"key":"Poison Potion"},{"floor":25.0,"key":"GhostInAJar"},{"floor":29.0,"key":"GamblersBrew"},{"floor":31.0,"key":"Block Potion"},{"floor":38.0,"key":"SpeedPotion"},{"floor":48.0,"key":"Explosive Potion"}],"is_trial":false,"path_per_floor":["M","?","?","M","?","R","$","R","T","R","M","M","M","?","R","B",null,"M","?","$","M","M","R","?","M","T","R","M","E","R","E","R","B",null,"M","$","?","M","T","R","?","R","T","M","?","M","$","M","R","B",null],"character_chosen":"THE_SILENT","items_purchased":["Cloak And Dagger","Nunchaku","Tools of the Trade"],"campfire_rested":5,"item_purchase_floors":[20,36,47],"current_hp_per_floor":[70,70,70,67,49,49,49,49,49,70,70,70,69,69,69,28,70,53,53,53,51,48,69,69,67,67,67,67,77,77,61,80,16,80,71,71,71,46,46,70,70,70,70,58,58,51,51,49,73,4],"gold":229,"neow_bonus":"RANDOM_COLORLESS","is_prod":false,"is_daily":false,"chose_seed":false,"campfire_upgraded":6,"win_rate":0,"timestamp":1558198615,"path_taken":["M","?","?","M","?","R","?","R","T","R","?","M","M","?","R","BOSS","M","?","$","M","M","R","?","?","T","R","M","E","R","E","R","BOSS","M","$","?","M","?","R","?","R","T","M","?","M","$","M","R","BOSS"],"build_version":"2019-01-23","purchased_purges":3,"victory":true,"max_hp_per_floor":[70,70,70,70,70,70,70,70,70,70,70,70,70,70,70,70,70,70,70,70,70,70,70,70,70,70,70,70,80,80,80,80,80,80,80,80,80,80,80,80,80,80,80,80,80,80,80,80,80,80],"card_choices":[{"not_picked":["Acrobatics","Sucker Punch"],"picked":"PiercingWail","floor":1.0},{"not_picked":["Finisher","Concentrate"],"picked":"Poisoned Stab","floor":4.0},{"not_picked":["Dash","Reflex","Flechettes"],"picked":"SKIP","floor":11.0},{"not_picked":["Bane","PiercingWail"],"picked":"Burst","floor":12.0},{"not_picked":["Outmaneuver","Dodge and Roll","Slice"],"picked":"SKIP","floor":13.0},{"not_picked":["Envenom","Night Terror"],"picked":"Die Die Die","floor":16.0},{"not_picked":["Calculated Gamble","Backflip","Blur+1"],"picked":"SKIP","floor":18.0},{"not_picked":["Dagger Spray","Bane+1"],"picked":"Poisoned Stab+1","floor":21.0},{"not_picked":["Sucker Punch","Flying Knee+1","Noxious Fumes"],"picked":"SKIP","floor":22.0},{"not_picked":["Prepared","Dodge and Roll"],"picked":"Outmaneuver+1","floor":25.0},{"not_picked":["Quick Slash","Bane","Dodge and Roll"],"picked":"SKIP","floor":28.0},{"not_picked":["Outmaneuver","Leg Sweep"],"picked":"Blade Dance","floor":29.0},{"not_picked":["Reflex","Flechettes"],"picked":"Noxious Fumes+1","floor":31.0},{"not_picked":["Tactician+1","Prepared","Poisoned Stab","Riddle With Holes"],"picked":"SKIP","floor":35.0},{"not_picked":["Footwork+1","Distraction","Catalyst"],"picked":"Cloak And Dagger+1","floor":38.0},{"not_picked":["PiercingWail+1","Dagger Throw","Poisoned Stab+1"],"picked":"Cloak And Dagger+1","floor":41.0},{"not_picked":["Flechettes","Underhanded Strike","Predator+1","PiercingWail+1"],"picked":"SKIP","floor":44.0},{"not_picked":["Quick Slash","Dodge and Roll","Slice+1","Envenom"],"picked":"SKIP","floor":46.0},{"not_picked":["Dagger Spray","Quick Slash+1","Well Laid Plans"],"picked":"Backflip+1","floor":48.0}],"player_experience":197483,"relics_obtained":[{"floor":9.0,"key":"Old Coin"},{"floor":26.0,"key":"Tiny Chest"},{"floor":29.0,"key":"Pear"},{"floor":29.0,"key":"Juzu Bracelet"},{"floor":31.0,"key":"Question Card"},{"floor":31.0,"key":"Ornamental Fan"},{"floor":39.0,"key":"Snake Skull"},{"floor":41.0,"key":"Tingsha"},{"floor":43.0,"key":"Kunai"}],"event_choices":[{"cards_removed":["Strike_G"],"damage_healed":0.0,"max_hp_gain":0.0,"max_hp_loss":0.0,"gold_gain":0.0,"event_name":"The Cleric","player_choice":"Card Removal","floor":2.0,"gold_loss":50.0,"damage_taken":0.0},{"cards_removed":["Strike_G"],"damage_healed":0.0,"max_hp_gain":0.0,"max_hp_loss":0.0,"gold_gain":0.0,"event_name":"Living Wall","player_choice":"Forget","floor":3.0,"gold_loss":0.0,"damage_taken":0.0},{"damage_healed":0.0,"max_hp_gain":0.0,"max_hp_loss":0.0,"gold_gain":0.0,"event_name":"Scrap Ooze","player_choice":"Success","floor":5.0,"gold_loss":0.0,"damage_taken":18.0,"relics_obtained":["Dead Branch"]},{"damage_healed":0.0,"max_hp_gain":0.0,"max_hp_loss":0.0,"gold_gain":0.0,"event_name":"World of Goop","player_choice":"Left Gold","floor":14.0,"gold_loss":48.0,"damage_taken":0.0},{"damage_healed":0.0,"max_hp_gain":0.0,"max_hp_loss":0.0,"gold_gain":0.0,"event_name":"The Mausoleum","player_choice":"Ignored","floor":19.0,"gold_loss":0.0,"damage_taken":0.0},{"damage_healed":0.0,"max_hp_gain":0.0,"max_hp_loss":0.0,"gold_gain":0.0,"event_name":"Accursed Blacksmith","player_choice":"Forge","floor":24.0,"gold_loss":0.0,"damage_taken":0.0,"cards_upgraded":["Cloak And Dagger"]},{"damage_healed":0.0,"max_hp_gain":0.0,"max_hp_loss":0.0,"gold_gain":0.0,"event_name":"Mysterious Sphere","player_choice":"Ignored","floor":37.0,"gold_loss":0.0,"damage_taken":0.0},{"damage_healed":0.0,"max_hp_gain":0.0,"max_hp_loss":0.0,"gold_gain":0.0,"event_name":"MindBloom","player_choice":"Fight","floor":41.0,"gold_loss":0.0,"damage_taken":0.0},{"damage_healed":0.0,"max_hp_gain":0.0,"max_hp_loss":0.0,"gold_gain":0.0,"event_name":"Tomb of Lord Red Mask","player_choice":"Ignored","floor":45.0,"gold_loss":0.0,"damage_taken":0.0}],"is_beta":false,"boss_relics":[{"not_picked":["Ectoplasm","Sozu"],"picked":"Black Star"},{"not_picked":["Eternal Feather","Velvet Choker"],"picked":"Cursed Key"}],"items_purged_floors":[7,20,47],"is_endless":false,"potions_floor_spawned":[4,12,13,22,25,29,31,38,48],"ascension_level":3}