{"gold_per_floor":[116,116,116,8,25,25,55,74,125,73,88,104,29,58,58,134,134,154,154,164,89,89,89],"floor_reached":23,"playtime":880,"items_purged":[],"score":426,"play_id":"10d2ba95-0576-4ebf-b504-f77215e33464","local_time":"20190617092700","is_ascension_mode":true,"campfire_choices":[{"data":"True Grit","floor":6,"key":"SMITH"},{"data":"Anger","floor":15,"key":"SMITH"}],"neow_cost":"NONE","seed_source_timestamp":2598103904056553,"circlet_count":0,"master_deck":["AscendersBane","Strike_R","Strike_R","Strike_R","Defend_R","Defend_R","Defend_R","Bash","Shockwave+1","Flash of Steel","True Grit+1","Impervious","Armaments","Anger+1","Cleave","Limit Break","Inflame","Whirlwind","Metallicize","Ghostly","Ghostly","Ghostly"],"relics":["Burning Blood","NeowsBlessing","Blood Vial","Oddly Smooth Stone","Blue Candle","Orrery"],"potions_floor_usage":[12,14,16],"damage_taken":[{"damage":0,"enemies":"Small Slimes","floor":1,"turns":1},{"damage":0,"enemies":"Jaw Worm","floor":5,"turns":1},{"damage":0,"enemies":"Lagavulin","floor":7,"turns":1},{"damage":0,"enemies":"2 Louse","floor":8,"turns":3},{"damage":10,"enemies":"Looter","floor":11,"turns":3},{"damage":0,"enemies":"3 Louse","floor":12,"turns":4},{"damage":29,"enemies":"Gremlin Nob","floor":14,"turns":4},{"damage":35,"enemies":"Slime Boss","floor":16,"turns":11},{"damage":27,"enemies":"Chosen","floor":18,"turns":6},{"damage":27,"enemies":"Shell Parasite","floor":20,"turns":7},{"damage":41,"enemies":"Book of Stabbing","floor":23,"turns":6}],"seed_played":"6709909424490437513","potions_obtained":[{"floor":5,"key":"PowerPotion"},{"floor":11,"key":"GamblersBrew"},{"floor":12,"key":"Strength Potion"}],"is_trial":false,"path_per_floor":["M","?","?","$","M","R","E","M","T","$","M","M","?","E","R","B",null,"M","?","M","?","?","E"],"character_chosen":"IRONCLAD","items_purchased":["Flash of Steel","Anger"],"campfire_rested":0,"item_purchase_floors":[4,10],"current_hp_per_floor":[74,67,67,67,73,73,75,75,75,75,71,75,75,52,52,25,63,44,59,40,40,37,0],"gold":89,"neow_bonus":"THREE_ENEMY_KILL","is_prod":false,"is_daily":false,"chose_seed":false,"campfire_upgraded":2,"win_rate":0,"timestamp":1560774420,"path_taken":["M","?","?","$","M","R","E","M","T","?","M","M","?","E","R","BOSS","M","?","M","?","?","E"],"build_version":"2019-01-23","purchased_purges":0,"victory":false,"max_hp_per_floor":[75,75,75,75,75,75,75,75,75,75,75,75,75,75,75,75,75,75,75,75,75,37,37],"card_choices":[{"not_picked":["Sword Boomerang","Headbutt"],"picked":"Shockwave","floor":1},{"not_picked":["Dropkick","Shrug It Off"],"picked":"True Grit","floor":5},{"not_picked":["Wild Strike","Perfected Strike"],"picked":"Impervious","floor":7},{"not_picked":["Wild Strike","Seeing Red"],"picked":"Armaments","floor":8},{"not_picked":["Sword Boomerang","Warcry","Wild Strike"],"picked":"SKIP","floor":11},{"not_picked":["True Grit","Clothesline","Reckless Charge"],"picked":"SKIP","floor":12},{"not_picked":["Dual Wield","Combust"],"picked":"Cleave","floor":14},{"not_picked":["Impervious","Bludgeon"],"picked":"Limit Break","floor":16},{"not_picked":["Thunderclap","Spot Weakness"],"picked":"Inflame","floor":17},{"not_picked":["Shrug It Off","Sever Soul"],"picked":"Whirlwind","floor":17},{"not_picked":["Cleave","Shrug It Off"],"picked":"Metallicize","floor":17},{"not_picked":["Evolve","Perfected Strike","Body Slam"],"picked":"SKIP","floor":18},{"not_picked":["Fire Breathing","Twin Strike","Shrug It Off"],"picked":"SKIP","floor":20}],"player_experience":1071826,"relics_obtained":[{"floor":7,"key":"Blood Vial"},{"floor":9,"key":"Oddly Smooth Stone"},{"floor":14,"key":"Blue Candle"}],"event_choices":[{"cards_removed":["Strike_R"],"damage_healed":0,"gold_gain":0,"player_choice":"Card Removal","damage_taken":7,"max_hp_gain":0,"max_hp_loss":0,"event_name":"Golden Wing","floor":2,"gold_loss":0},{"damage_healed":0,"gold_gain":0,"player_choice":"Grow","damage_taken":0,"max_hp_gain":0,"max_hp_loss":0,"event_name":"Living Wall","floor":3,"gold_loss":0,"cards_upgraded":["Shockwave"]},{"cards_removed":["Strike_R"],"damage_healed":0,"gold_gain":0,"player_choice":"Card Removal","damage_taken":0,"max_hp_gain":0,"max_hp_loss":0,"event_name":"The Cleric","floor":13,"gold_loss":75},{"damage_healed":15,"gold_gain":0,"player_choice":"Heal","damage_taken":0,"max_hp_gain":0,"max_hp_loss":0,"event_name":"The Library","floor":19,"gold_loss":0},{"cards_removed":["Defend_R"],"damage_healed":0,"gold_gain":0,"player_choice":"Gave Gold","damage_taken":0,"max_hp_gain":0,"max_hp_loss":0,"event_name":"Beggar","floor":21,"gold_loss":75},{"damage_healed":0,"gold_gain":0,"player_choice":"Became a Ghost","damage_taken":0,"max_hp_gain":0,"max_hp_loss":38,"event_name":"Ghosts","floor":22,"gold_loss":0,"cards_obtained":["Ghostly","Ghostly","Ghostly"]}],"is_beta":false,"boss_relics":[{"not_picked":["White Beast Statue","Coffee Dripper"],"picked":"Orrery"}],"items_purged_floors":[],"is_endless":false,"potions_floor_spawned":[5,11,12],"killed_by":"Book of Stabbing","ascension_level":18}