{"gold_per_floor":[114,126,144,68,86,86,101,129,202,202,202,212,212,67,67,172,172,184,39,139,39,54,54,54,54,54,54,81,98,111,123,123,220,220,238,338,338,351,368,368,18,0,55,68,81,81,81,100,100,100,100,100,25,55,55],"floor_reached":55,"playtime":2627,"items_purged":["Parasite","Strike_G","Defend_G"],"score":664,"play_id":"6a725e44-a863-43c1-b615-f013ff65f17c","local_time":"20190615082235","is_ascension_mode":false,"campfire_choices":[{"data":"Catalyst","floor":6.0,"key":"SMITH"},{"floor":13.0,"key":"REST"},{"data":"Bouncing Flask","floor":15.0,"key":"SMITH"},{"data":"Cloak And Dagger","floor":23.0,"key":"SMITH"},{"floor":25.0,"key":"REST"},{"floor":32.0,"key":"REST"},{"floor":40.0,"key":"REST"},{"data":"Acrobatics","floor":46.0,"key":"SMITH"},{"floor":49.0,"key":"RECALL"},{"data":"Survivor","floor":52,"key":"SMITH"}],"neow_cost":"NONE","seed_source_timestamp":0,"circlet_count":0,"master_deck":["Defend_G","Defend_G","Defend_G","Defend_G","Strike_G","Strike_G","Strike_G","Strike_G","Survivor+1","Neutralize+1","Acrobatics+1","Cloak And Dagger+1","Catalyst+1","Bouncing Flask+1","Corpse Explosion+1","Outmaneuver+1","Deflect+1","Footwork+1","Backstab+1","PiercingWail+1","Bullet Time+1","Deflect+1","Bullet Time+1","Backflip+1","Adrenaline+1","Parasite","Master of Strategy+1","Bouncing Flask+1","Cloak And Dagger+1"],"special_seed":0,"relics":["Ring of the Snake","Boot","PreservedInsect","Toxic Egg 2","WristBlade","Bag of Marbles","StoneCalendar","Mummified Hand","MutagenicStrength","Kunai","Turnip","Lizard Tail","Thread and Needle","Oddly Smooth Stone","Red Mask","Snake Skull"],"potions_floor_usage":[50,50,55],"damage_taken":[{"damage":1.0,"enemies":"Cultist","floor":1.0,"turns":5.0},{"damage":0.0,"enemies":"2 Louse","floor":2.0,"turns":3.0},{"damage":3.0,"enemies":"Jaw Worm","floor":3.0,"turns":3.0},{"damage":8.0,"enemies":"Exordium Wildlife","floor":5.0,"turns":6.0},{"damage":0.0,"enemies":"2 Fungi Beasts","floor":7.0,"turns":4.0},{"damage":18.0,"enemies":"3 Sentries","floor":8.0,"turns":9.0},{"damage":38.0,"enemies":"Exordium Thugs","floor":12.0,"turns":6.0},{"damage":2.0,"enemies":"The Guardian","floor":16.0,"turns":5.0},{"damage":0.0,"enemies":"Spheric Guardian","floor":18.0,"turns":2.0},{"damage":14.0,"enemies":"Colosseum Slavers","floor":20.0,"turns":2.0},{"damage":0.0,"enemies":"Colosseum Nobs","floor":20.0,"turns":2.0},{"damage":5.0,"enemies":"3 Byrds","floor":22.0,"turns":3.0},{"damage":13.0,"enemies":"Book of Stabbing","floor":28.0,"turns":5.0},{"damage":6.0,"enemies":"Cultist and Chosen","floor":29.0,"turns":4.0},{"damage":3.0,"enemies":"Snake Plant","floor":30.0,"turns":3.0},{"damage":0.0,"enemies":"3 Cultists","floor":31.0,"turns":4.0},{"damage":31.0,"enemies":"Collector","floor":33.0,"turns":6.0},{"damage":1.0,"enemies":"3 Darklings","floor":35.0,"turns":4.0},{"damage":0.0,"enemies":"Mind Bloom Boss Battle","floor":36.0,"turns":7.0},{"damage":0.0,"enemies":"Orb Walker","floor":38.0,"turns":1.0},{"damage":19.0,"enemies":"Transient","floor":39.0,"turns":5.0},{"damage":0.0,"enemies":"Writhing Mass","floor":44.0,"turns":3.0},{"damage":5.0,"enemies":"Jaw Worm Horde","floor":45.0,"turns":3.0},{"damage":0.0,"enemies":"Sphere and 2 Shapes","floor":48.0,"turns":3.0},{"damage":74,"enemies":"Time Eater","floor":50,"turns":16},{"damage":22,"enemies":"Shield and Spear","floor":54,"turns":3},{"damage":50,"enemies":"The Heart","floor":55,"turns":5}],"seed_played":"-2490259841063668415","potions_obtained":[{"floor":3.0,"key":"Explosive Potion"},{"floor":5.0,"key":"GhostInAJar"},{"floor":16.0,"key":"SkillPotion"},{"floor":18.0,"key":"Dexterity Potion"},{"floor":28.0,"key":"EssenceOfSteel"},{"floor":29.0,"key":"Energy Potion"},{"floor":30.0,"key":"GhostInAJar"},{"floor":39.0,"key":"Strength Potion"},{"floor":45.0,"key":"Ancient Potion"}],"is_trial":false,"path_per_floor":["M","M","M","$","M","R","M","E","T","?","?","M","R","$","R","B",null,"M","$","?","$","M","R","?","R","T","?","E","M","M","M","R","B",null,"M","?","?","M","M","R","$","?","T","M","M","R","?","M","R","B",null,"R","$","E","B"],"character_chosen":"THE_SILENT","items_purchased":["Catalyst","Corpse Explosion+1","Bag of Marbles","Adrenaline+1","Oddly Smooth Stone","Bouncing Flask+1"],"campfire_rested":4,"item_purchase_floors":[4,14,19,41,41,53],"current_hp_per_floor":[69,69,66,66,58,58,58,40,40,57,57,19,40,40,40,38,67,67,67,53,53,48,48,48,67,67,67,54,48,45,45,65,34,67,66,66,66,66,47,67,67,67,67,67,62,62,62,62,62,33,67,67,67,45,0],"gold":55,"neow_bonus":"RANDOM_COMMON_RELIC","is_prod":false,"is_daily":false,"chose_seed":false,"campfire_upgraded":5,"win_rate":0,"timestamp":1560579755,"path_taken":["M","M","M","$","?","R","M","E","T","?","?","M","R","$","R","BOSS","M","$","?","$","M","R","?","R","T","?","E","M","?","M","R","BOSS","M","?","?","?","M","R","$","?","T","M","M","R","?","M","R","BOSS","R","$","E","BOSS"],"build_version":"2019-01-23","purchased_purges":3,"victory":false,"max_hp_per_floor":[70,70,70,70,70,70,70,70,70,70,70,70,70,67,67,67,67,67,67,67,67,67,67,67,67,67,67,67,67,67,67,67,67,67,67,67,67,67,67,67,67,67,67,67,67,67,67,67,67,67,67,67,67,67,67],"card_choices":[{"not_picked":["Dagger Throw","Quick Slash"],"picked":"Acrobatics","floor":1.0},{"not_picked":["Choke","Blade Dance"],"picked":"Cloak And Dagger","floor":2.0},{"not_picked":["Underhanded Strike","Quick Slash","Tactician"],"picked":"SKIP","floor":3.0},{"not_picked":["PiercingWail","Concentrate","Doppelganger"],"picked":"SKIP","floor":5.0},{"not_picked":["Slice","PiercingWail"],"picked":"Bouncing Flask","floor":7.0},{"not_picked":["Slice","Acrobatics","Bane"],"picked":"SKIP","floor":8.0},{"not_picked":["Poisoned Stab","Infinite Blades","Underhanded Strike"],"picked":"SKIP","floor":12.0},{"not_picked":["Leg Sweep+1","Flechettes"],"picked":"Outmaneuver+1","floor":18.0},{"not_picked":["Predator","Quick Slash"],"picked":"Deflect+1","floor":20.0},{"not_picked":["Choke","Deflect+1","All Out Attack"],"picked":"SKIP","floor":22.0},{"not_picked":["Caltrops","Sucker Punch"],"picked":"Footwork+1","floor":28.0},{"not_picked":["Predator","Terror+1","Quick Slash"],"picked":"SKIP","floor":29.0},{"not_picked":["Acrobatics+1","Doppelganger+1"],"picked":"Backstab+1","floor":30.0},{"not_picked":["Bane+1","Footwork"],"picked":"PiercingWail+1","floor":31.0},{"not_picked":["Unload","After Image"],"picked":"Bullet Time+1","floor":33.0},{"not_picked":["Crippling Poison+1","Dagger Throw","Flying Knee+1"],"picked":"SKIP","floor":35.0},{"not_picked":["Terror+1","Blade Dance+1"],"picked":"Deflect+1","floor":36.0},{"not_picked":["Eviscerate","Leg Sweep+1","Finisher"],"picked":"SKIP","floor":38.0},{"not_picked":["Deflect+1","Eviscerate+1"],"picked":"Backflip+1","floor":39.0},{"not_picked":["Blade Dance+1","PiercingWail+1","Blur+1"],"picked":"SKIP","floor":44.0},{"not_picked":["Doppelganger+1","Caltrops","Flying Knee+1"],"picked":"SKIP","floor":45.0},{"not_picked":["Forethought+1","Trip+1"],"picked":"Master of Strategy+1","floor":47.0},{"not_picked":["Tactician+1","Sucker Punch","Well Laid Plans+1"],"picked":"SKIP","floor":48.0},{"not_picked":["Dash","Bane+1"],"picked":"Cloak And Dagger+1","floor":54}],"player_experience":266339,"relics_obtained":[{"floor":8.0,"key":"PreservedInsect"},{"floor":9.0,"key":"Toxic Egg 2"},{"floor":20.0,"key":"StoneCalendar"},{"floor":20.0,"key":"Mummified Hand"},{"floor":26.0,"key":"Kunai"},{"floor":28.0,"key":"Turnip"},{"floor":36.0,"key":"Thread and Needle"},{"floor":54,"key":"Snake Skull"}],"event_choices":[{"damage_healed":17.0,"max_hp_gain":0.0,"max_hp_loss":0.0,"gold_gain":0.0,"event_name":"Mushrooms","player_choice":"Healed and dodged fight","floor":10.0,"gold_loss":0.0,"damage_taken":0.0,"cards_obtained":["Parasite"]},{"damage_healed":0.0,"max_hp_gain":0.0,"max_hp_loss":0.0,"gold_gain":0.0,"event_name":"Dead Adventurer","player_choice":"Searched \u00270\u0027 times","floor":11.0,"gold_loss":0.0,"damage_taken":0.0},{"damage_healed":0.0,"max_hp_gain":0.0,"max_hp_loss":0.0,"gold_gain":0.0,"event_name":"Colosseum","player_choice":"Fight","floor":20.0,"gold_loss":0.0,"damage_taken":0.0},{"damage_healed":0.0,"max_hp_gain":0.0,"max_hp_loss":0.0,"gold_gain":0.0,"event_name":"Colosseum","player_choice":"Fought Nobs","floor":20.0,"gold_loss":0.0,"damage_taken":0.0},{"damage_healed":0.0,"max_hp_gain":0.0,"max_hp_loss":0.0,"gold_gain":0.0,"event_name":"Drug Dealer","player_choice":"Inject Mutagens","floor":24.0,"gold_loss":0.0,"damage_taken":0.0,"relics_obtained":["MutagenicStrength"]},{"damage_healed":0.0,"max_hp_gain":0.0,"max_hp_loss":0.0,"gold_gain":0.0,"event_name":"Upgrade Shrine","player_choice":"Upgraded","floor":27.0,"gold_loss":0.0,"damage_taken":0.0,"cards_upgraded":["Neutralize"]},{"damage_healed":0.0,"max_hp_gain":0.0,"max_hp_loss":0.0,"gold_gain":0.0,"event_name":"MindBloom","player_choice":"Fight","floor":36.0,"gold_loss":0.0,"damage_taken":0.0},{"damage_healed":0.0,"max_hp_gain":0.0,"max_hp_loss":0.0,"gold_gain":0.0,"event_name":"Duplicator","player_choice":"Copied","floor":37.0,"gold_loss":0.0,"damage_taken":0.0,"cards_obtained":["Bullet Time"]},{"damage_healed":0.0,"max_hp_gain":0.0,"max_hp_loss":0.0,"gold_gain":0.0,"event_name":"Tomb of Lord Red Mask","player_choice":"Paid","floor":42.0,"gold_loss":18.0,"damage_taken":0.0,"relics_obtained":["Red Mask"]},{"damage_healed":0.0,"max_hp_gain":0.0,"max_hp_loss":0.0,"gold_gain":0.0,"event_name":"SensoryStone","player_choice":"Memory 1","floor":47.0,"gold_loss":0.0,"damage_taken":0.0}],"is_beta":false,"boss_relics":[{"not_picked":["Ectoplasm","Astrolabe"],"picked":"WristBlade"},{"not_picked":["Calling Bell","Runic Pyramid"],"picked":"Lizard Tail"}],"items_purged_floors":[14,21,41],"is_endless":false,"potions_floor_spawned":[3,5,16,18,28,29,30,39,45,48],"killed_by":"The Heart","ascension_level":0}