{"gold_per_floor":[112,62,78,78,94,94,123,123,150,178,14,34,34,60,60,155,155,165,177,177],"floor_reached":20,"playtime":996,"items_purged":["Strike_G"],"score":221,"play_id":"d8ad843b-74e8-4e73-a2fb-30870f7c772f","local_time":"20190515213434","is_ascension_mode":true,"campfire_choices":[{"data":"Deadly Poison","floor":6,"key":"SMITH"},{"floor":8,"key":"REST"},{"floor":15,"key":"REST"}],"neow_cost":"NONE","seed_source_timestamp":3011917551154256,"circlet_count":0,"master_deck":["Defend_G","Defend_G","Defend_G","Defend_G","Strike_G","Survivor","Neutralize","Accuracy","Prepared","Predator","Deadly Poison+1","Blade Dance","Bandage Up","Distraction","Adrenaline","Catalyst+1","Deflect+1"],"relics":["Ring of the Snake","NeowsBlessing","Art of War","Potion Belt","Bottled Tornado","Molten Egg 2","Empty Cage"],"potions_floor_usage":[7,16,16],"damage_taken":[{"damage":0,"enemies":"Jaw Worm","floor":1,"turns":1},{"damage":0,"enemies":"Cultist","floor":3,"turns":1},{"damage":0,"enemies":"Small Slimes","floor":5,"turns":1},{"damage":27,"enemies":"3 Sentries","floor":7,"turns":9},{"damage":28,"enemies":"Gremlin Nob","floor":10,"turns":4},{"damage":0,"enemies":"Blue Slaver","floor":12,"turns":3},{"damage":28,"enemies":"Lagavulin","floor":14,"turns":7},{"damage":33,"enemies":"Hexaghost","floor":16,"turns":10},{"damage":36,"enemies":"3 Byrds","floor":18,"turns":8},{"damage":16,"enemies":"2 Thieves","floor":19,"turns":5},{"damage":33,"enemies":"3 Cultists","floor":20,"turns":4}],"seed_played":"1634956834331040685","potions_obtained":[{"floor":1,"key":"SteroidPotion"},{"floor":3,"key":"LiquidBronze"},{"floor":14,"key":"LiquidBronze"}],"is_trial":false,"path_per_floor":["M","?","M","?","M","R","E","R","T","E","$","M","?","E","R","B",null,"M","M","M"],"character_chosen":"THE_SILENT","items_purchased":["Bandage Up"],"campfire_rested":2,"item_purchase_floors":[11],"current_hp_per_floor":[70,70,70,70,70,70,43,64,64,36,36,40,63,39,60,31,70,38,26,0],"gold":177,"neow_bonus":"THREE_ENEMY_KILL","is_prod":false,"is_daily":false,"chose_seed":false,"campfire_upgraded":1,"win_rate":0,"timestamp":1557948874,"path_taken":["M","?","M","?","?","R","E","R","T","E","?","M","?","E","R","BOSS","M","M","M"],"build_version":"2019-01-23","purchased_purges":1,"victory":false,"max_hp_per_floor":[70,70,70,70,70,70,70,70,70,70,70,70,70,70,70,70,70,70,70,70],"card_choices":[{"not_picked":["Flechettes","All Out Attack"],"picked":"Accuracy","floor":1},{"not_picked":["Dagger Spray","Underhanded Strike"],"picked":"Prepared","floor":3},{"not_picked":["Prepared","Flying Knee"],"picked":"Deadly Poison","floor":5},{"not_picked":["Deadly Poison","Dodge and Roll","Bane"],"picked":"SKIP","floor":7},{"not_picked":["Backflip","Deflect"],"picked":"Blade Dance","floor":10},{"not_picked":["Choke","Doppelganger","Deflect"],"picked":"SKIP","floor":12},{"not_picked":["Skewer","Noxious Fumes"],"picked":"Distraction","floor":14},{"not_picked":["Storm of Steel","A Thousand Cuts"],"picked":"Adrenaline","floor":16},{"not_picked":["Poisoned Stab+1","Slice+1"],"picked":"Catalyst+1","floor":18},{"not_picked":["Flying Knee+1","Outmaneuver+1"],"picked":"Deflect+1","floor":19}],"player_experience":193984,"relics_obtained":[{"floor":7,"key":"Art of War"},{"floor":9,"key":"Potion Belt"},{"floor":10,"key":"Bottled Tornado"},{"floor":14,"key":"Molten Egg 2"}],"event_choices":[{"cards_removed":["Strike_G"],"damage_healed":0,"gold_gain":0,"player_choice":"Card Removal","damage_taken":0,"max_hp_gain":0,"max_hp_loss":0,"event_name":"The Cleric","floor":2,"gold_loss":50},{"damage_healed":0,"gold_gain":0,"cards_transformed":["Strike_G"],"player_choice":"Transformed","damage_taken":0,"max_hp_gain":0,"max_hp_loss":0,"event_name":"Transmorgrifier","floor":4,"gold_loss":0,"cards_obtained":["Predator"]},{"damage_healed":23,"gold_gain":0,"player_choice":"Banana","damage_taken":0,"max_hp_gain":0,"max_hp_loss":0,"event_name":"Big Fish","floor":13,"gold_loss":0}],"is_beta":false,"boss_relics":[{"not_picked":["Sozu","Velvet Choker"],"picked":"Empty Cage"}],"items_purged_floors":[11],"is_endless":false,"potions_floor_spawned":[1,3,14],"killed_by":"3 Cultists","ascension_level":3}