{"gold_per_floor":[369,215,215,215,215,215,247,247,317,342,352,55,55,68,68,171,171,181,106,205,48,48,80,80,80,103,137,137,166,182,31,31,31],"floor_reached":33,"playtime":1768,"items_purged":[],"score":366,"play_id":"5b674f35-2c00-4013-a79f-ac7fb1c02ec5","local_time":"20190601194153","is_ascension_mode":true,"campfire_choices":[{"floor":6,"key":"REST"},{"data":"Conserve Battery","floor":8,"key":"SMITH"},{"data":"Zap","floor":15,"key":"SMITH"},{"data":"Rainbow","floor":24,"key":"SMITH"},{"data":"Dualcast","floor":28,"key":"SMITH"},{"data":"Redo","floor":32,"key":"SMITH"}],"neow_cost":"PERCENT_DAMAGE","seed_source_timestamp":1251721460514572,"circlet_count":0,"master_deck":["Strike_B+1","Strike_B","Strike_B+1","Defend_B","Defend_B+1","Defend_B","Defend_B+1","Zap+1","Dualcast+1","Ball Lightning","Conserve Battery+1","Sunder+1","Self Repair","Electrodynamics","Rainbow+1","Ball Lightning+1","Shame","Coolheaded+1","Redo+1","Static Discharge+1"],"relics":["Cracked Core","War Paint","Cables","Bag of Marbles","Molten Egg 2","Bottled Flame","Potion Belt","Bronze Scales","Philosopher\u0027s Stone","Anchor","Boot","PreservedInsect","Centennial Puzzle","Ancient Tea Set","DataDisk"],"potions_floor_usage":[10,14,23,27,33,33],"damage_taken":[{"damage":4,"enemies":"Small Slimes","floor":1,"turns":3},{"damage":17,"enemies":"3 Sentries","floor":7,"turns":6},{"damage":7,"enemies":"Lagavulin","floor":10,"turns":5},{"damage":0,"enemies":"Jaw Worm","floor":11,"turns":2},{"damage":0,"enemies":"2 Louse","floor":14,"turns":2},{"damage":16,"enemies":"The Guardian","floor":16,"turns":9},{"damage":0,"enemies":"3 Byrds","floor":18,"turns":2},{"damage":11,"enemies":"Gremlin Leader","floor":23,"turns":4},{"damage":18,"enemies":"Book of Stabbing","floor":27,"turns":4},{"damage":29,"enemies":"Gremlin Leader","floor":29,"turns":3},{"damage":7,"enemies":"Spheric Guardian","floor":30,"turns":3},{"damage":33,"enemies":"Collector","floor":33,"turns":5}],"seed_played":"-3443603302941382980","potions_obtained":[{"floor":7,"key":"Poison Potion"},{"floor":11,"key":"Block Potion"},{"floor":16,"key":"Block Potion"},{"floor":23,"key":"Swift Potion"},{"floor":27,"key":"Energy Potion"},{"floor":30,"key":"GamblersBrew"}],"is_trial":false,"path_per_floor":["M","$","?","T","?","R","E","R","T","E","M","$","?","M","R","B",null,"M","?","?","$","?","E","R","?","T","E","R","E","M","$","R","B"],"character_chosen":"DEFECT","items_purchased":["War Paint","Bronze Scales","Electrodynamics","Anchor","DataDisk"],"campfire_rested":1,"item_purchase_floors":[2,12,12,21,31],"current_hp_per_floor":[50,50,35,35,28,50,33,33,33,26,26,26,26,26,26,17,75,75,75,75,75,75,71,71,71,71,53,53,31,31,31,31,0],"gold":31,"neow_bonus":"TWO_FIFTY_GOLD","is_prod":false,"is_daily":false,"chose_seed":false,"campfire_upgraded":5,"win_rate":0,"timestamp":1559428913,"path_taken":["M","$","?","?","?","R","E","R","T","E","M","?","?","?","R","BOSS","M","?","?","$","?","E","R","?","T","E","R","E","M","$","R","BOSS"],"build_version":"2019-01-23","purchased_purges":0,"victory":false,"max_hp_per_floor":[75,75,75,75,75,75,75,75,75,75,75,75,75,75,75,75,75,75,75,75,75,75,75,75,75,75,75,75,75,75,75,75,75],"card_choices":[{"not_picked":["Leap","Compile Driver"],"picked":"Ball Lightning","floor":1},{"not_picked":["Streamline","All For One"],"picked":"Conserve Battery","floor":7},{"not_picked":["BootSequence","Force Field"],"picked":"Sunder+1","floor":10},{"not_picked":["Ball Lightning+1","Consume"],"picked":"Self Repair","floor":11},{"not_picked":["Go for the Eyes+1","Stack","Reinforced Body"],"picked":"SKIP","floor":14},{"not_picked":["Amplify","Biased Cognition"],"picked":"Rainbow","floor":16},{"not_picked":["Skim","Hologram+1"],"picked":"Ball Lightning+1","floor":18},{"not_picked":["Loop","Reprogram","Electrodynamics"],"picked":"SKIP","floor":23},{"not_picked":["Gash+1","Chaos"],"picked":"Coolheaded+1","floor":27},{"not_picked":["Beam Cell+1","Hologram"],"picked":"Redo","floor":29},{"not_picked":["Turbo+1","Conserve Battery"],"picked":"Static Discharge+1","floor":30}],"player_experience":860126,"relics_obtained":[{"floor":4,"key":"Cables"},{"floor":7,"key":"Molten Egg 2"},{"floor":9,"key":"Bottled Flame"},{"floor":10,"key":"Potion Belt"},{"floor":23,"key":"PreservedInsect"},{"floor":27,"key":"Centennial Puzzle"},{"floor":29,"key":"Ancient Tea Set"}],"event_choices":[{"damage_healed":0,"gold_gain":0,"player_choice":"Entered Light","damage_taken":15,"max_hp_gain":0,"max_hp_loss":0,"event_name":"Shining Light","floor":3,"gold_loss":0,"cards_upgraded":["Strike_B","Strike_B"]},{"damage_healed":0,"gold_gain":0,"player_choice":"Success","damage_taken":7,"relics_obtained":["Bag of Marbles"],"max_hp_gain":0,"max_hp_loss":0,"event_name":"Scrap Ooze","floor":5,"gold_loss":0},{"damage_healed":0,"gold_gain":0,"player_choice":"Ignored","damage_taken":0,"max_hp_gain":0,"max_hp_loss":0,"event_name":"Golden Idol","floor":13,"gold_loss":0},{"cards_removed":["Strike_B"],"damage_healed":0,"gold_gain":0,"player_choice":"Gave Gold","damage_taken":0,"max_hp_gain":0,"max_hp_loss":0,"event_name":"Beggar","floor":19,"gold_loss":75},{"damage_healed":0,"gold_gain":99,"player_choice":"Stole From Cult","damage_taken":0,"max_hp_gain":0,"max_hp_loss":0,"event_name":"Nest","floor":20,"gold_loss":0},{"damage_healed":0,"gold_gain":0,"player_choice":"Stole Relic","damage_taken":0,"relics_obtained":["Boot"],"max_hp_gain":0,"max_hp_loss":0,"event_name":"Addict","floor":22,"gold_loss":0,"cards_obtained":["Shame"]},{"damage_healed":0,"gold_gain":0,"player_choice":"Ignored","damage_taken":0,"max_hp_gain":0,"max_hp_loss":0,"event_name":"Vampires","floor":25,"gold_loss":0}],"is_beta":false,"boss_relics":[{"not_picked":["Fusion Hammer","Orrery"],"picked":"Philosopher\u0027s Stone"}],"items_purged_floors":[],"is_endless":false,"potions_floor_spawned":[7,11,16,23,27,30],"killed_by":"Collector","ascension_level":4}