{"gold_per_floor":[115,190,202,202,213,241,254,103,103,103,120,154,154,154,154,255,255,271,271,271,283,302,302,312,312,312,227,137,157,191,201,201,304,304,318,363,375,375,125,125,137,171,171,189,208,222,235,253,253,253],"floor_reached":51,"playtime":3896,"items_purged":[],"score":1170,"play_id":"300c8726-e2f9-4c7d-a6bf-6b48cb0e0851","local_time":"20190616174329","is_ascension_mode":true,"campfire_choices":[{"floor":10,"key":"REST"},{"data":"Consume","floor":15,"key":"SMITH"},{"data":"Defragment","floor":23,"key":"SMITH"},{"floor":25,"key":"REST"},{"data":"Ghostly","floor":32,"key":"SMITH"},{"floor":40,"key":"REST"},{"floor":49,"key":"REST"}],"neow_cost":"NONE","seed_source_timestamp":2538463994759883,"circlet_count":0,"master_deck":["AscendersBane","Strike_B","Strike_B","Defend_B+1","Defend_B","Defend_B","Defend_B","Zap","Dualcast","Defragment+1","Coolheaded","Melter","Consume+1","Undo","Core Surge","Cold Snap","Ghostly+1","Ghostly","Ghostly","Ghostly","Ghostly","Recycle","Conserve Battery","Ball Lightning+1","Defragment","Echo Form","Hologram+1","Defragment+1","BootSequence","Multi-Cast","Loop"],"relics":["Cracked Core","NeowsBlessing","Regal Pillow","Gremlin Horn","Anchor","Art of War","Bottled Lightning","Incense Burner","Inserter","PreservedInsect","Pantograph","Mummified Hand","Philosopher\u0027s Stone","Calipers","Dodecahedron","The Courier"],"potions_floor_usage":[6,6,21,30,36,44],"damage_taken":[{"damage":0,"enemies":"Small Slimes","floor":1,"turns":1},{"damage":0,"enemies":"Jaw Worm","floor":3,"turns":1},{"damage":0,"enemies":"2 Louse","floor":5,"turns":1},{"damage":26,"enemies":"Gremlin Nob","floor":6,"turns":4},{"damage":7,"enemies":"2 Fungi Beasts","floor":7,"turns":4},{"damage":11,"enemies":"3 Louse","floor":11,"turns":4},{"damage":5,"enemies":"3 Sentries","floor":12,"turns":8},{"damage":2,"enemies":"The Guardian","floor":16,"turns":13},{"damage":19,"enemies":"2 Thieves","floor":18,"turns":5},{"damage":16,"enemies":"3 Byrds","floor":21,"turns":7},{"damage":1,"enemies":"Cultist and Chosen","floor":22,"turns":11},{"damage":8,"enemies":"Centurion and Healer","floor":24,"turns":9},{"damage":0,"enemies":"3 Cultists","floor":29,"turns":7},{"damage":0,"enemies":"Book of Stabbing","floor":30,"turns":6},{"damage":0,"enemies":"Snake Plant","floor":31,"turns":5},{"damage":9,"enemies":"Champ","floor":33,"turns":12},{"damage":0,"enemies":"3 Shapes","floor":35,"turns":7},{"damage":15,"enemies":"2 Orb Walkers","floor":36,"turns":7},{"damage":0,"enemies":"Orb Walker","floor":37,"turns":6},{"damage":0,"enemies":"4 Shapes","floor":41,"turns":6},{"damage":0,"enemies":"Reptomancer","floor":42,"turns":7},{"damage":2,"enemies":"Sphere and 2 Shapes","floor":44,"turns":6},{"damage":10,"enemies":"Transient","floor":45,"turns":5},{"damage":0,"enemies":"4 Shapes","floor":46,"turns":7},{"damage":7,"enemies":"Writhing Mass","floor":47,"turns":7},{"damage":5,"enemies":"Sphere and 2 Shapes","floor":48,"turns":6},{"damage":0,"enemies":"Awakened One","floor":50,"turns":14}],"seed_played":"1917322416213272811","potions_obtained":[{"floor":1,"key":"Swift Potion"},{"floor":3,"key":"FearPotion"},{"floor":11,"key":"Ancient Potion"},{"floor":18,"key":"SkillPotion"},{"floor":29,"key":"SpeedPotion"},{"floor":30,"key":"Weak Potion"},{"floor":36,"key":"Swift Potion"},{"floor":37,"key":"Poison Potion"},{"floor":44,"key":"Ancient Potion"}],"is_trial":false,"path_per_floor":["M","?","M","?","M","E","M","$","T","R","M","E","?","?","R","B",null,"M","?","?","M","M","R","M","R","T","?","?","M","E","M","R","B",null,"M","?","M","?","$","R","M","E","T","M","M","M","M","M","R","B",null],"character_chosen":"DEFECT","items_purchased":["Anchor","Dodecahedron"],"campfire_rested":4,"item_purchase_floors":[8,39],"current_hp_per_floor":[68,57,57,50,50,24,17,17,17,54,43,38,38,38,38,36,65,46,37,37,21,20,20,12,37,37,37,37,37,37,37,37,28,35,35,20,20,20,20,37,37,37,37,35,25,25,18,13,37,37],"gold":253,"neow_bonus":"THREE_ENEMY_KILL","is_prod":false,"is_daily":false,"chose_seed":false,"campfire_upgraded":3,"win_rate":0,"timestamp":1560717809,"path_taken":["M","?","M","?","M","E","M","$","T","R","M","E","?","?","R","BOSS","M","?","?","?","M","R","M","R","T","?","?","M","E","M","R","BOSS","M","?","M","?","?","R","M","E","T","M","M","M","M","M","R","BOSS"],"build_version":"2019-01-23","purchased_purges":0,"victory":true,"max_hp_per_floor":[75,75,75,75,75,75,75,75,75,75,75,75,75,75,75,75,75,75,37,37,37,37,37,37,37,37,37,37,37,37,37,37,37,37,37,37,37,37,37,37,37,37,37,37,37,37,37,37,37,37],"card_choices":[{"not_picked":["Fusion","Compile Driver"],"picked":"Defragment","floor":1},{"not_picked":["Leap","Ball Lightning"],"picked":"Coolheaded","floor":3},{"not_picked":["Leap","Ball Lightning"],"picked":"Melter","floor":5},{"not_picked":["Melter","Barrage"],"picked":"Consume","floor":6},{"not_picked":["Double Energy","Stack","Hologram"],"picked":"SKIP","floor":7},{"not_picked":["Multi-Cast","Steam"],"picked":"Undo","floor":11},{"not_picked":["Undo","Aggregate","Stack"],"picked":"SKIP","floor":12},{"not_picked":["All For One","Reboot"],"picked":"Core Surge","floor":16},{"not_picked":["Coolheaded","Steam Power+1"],"picked":"Cold Snap","floor":18},{"not_picked":["Beam Cell","Darkness+1"],"picked":"Conserve Battery","floor":21},{"not_picked":["Streamline","All For One"],"picked":"Ball Lightning+1","floor":22},{"not_picked":["Undo","Melter"],"picked":"Defragment","floor":24},{"not_picked":["Ball Lightning","Skim","Barrage"],"picked":"SKIP","floor":29},{"not_picked":["Sweeping Beam","Coolheaded+1","Undo"],"picked":"SKIP","floor":30},{"not_picked":["Gash","Compile Driver","Ball Lightning"],"picked":"SKIP","floor":31},{"not_picked":["Hyperbeam","Thunder Strike"],"picked":"Echo Form","floor":33},{"not_picked":["Conserve Battery","Auto Shields+1","Sweeping Beam"],"picked":"SKIP","floor":35},{"not_picked":["Turbo+1","Conserve Battery"],"picked":"Hologram+1","floor":36},{"not_picked":["Go for the Eyes","Genetic Algorithm","Rebound"],"picked":"SKIP","floor":37},{"not_picked":["Stack","Ball Lightning+1","Cold Snap+1"],"picked":"SKIP","floor":41},{"not_picked":["Gash","Cold Snap"],"picked":"Defragment+1","floor":42},{"not_picked":["Chaos","Turbo+1"],"picked":"BootSequence","floor":44},{"not_picked":["Gash","Rip and Tear+1"],"picked":"Multi-Cast","floor":45},{"not_picked":["Beam Cell+1","Gash+1","Streamline+1"],"picked":"SKIP","floor":46},{"not_picked":["Hologram+1","Coolheaded"],"picked":"Loop","floor":47},{"not_picked":["FTL+1","Tempest","Gash"],"picked":"SKIP","floor":48}],"player_experience":1064071,"relics_obtained":[{"floor":6,"key":"Gremlin Horn"},{"floor":9,"key":"Art of War"},{"floor":12,"key":"Bottled Lightning"},{"floor":26,"key":"PreservedInsect"},{"floor":30,"key":"Mummified Hand"},{"floor":36,"key":"Calipers"},{"floor":42,"key":"The Courier"}],"event_choices":[{"damage_healed":0,"gold_gain":75,"player_choice":"Gather Gold","damage_taken":11,"max_hp_gain":0,"max_hp_loss":0,"event_name":"World of Goop","floor":2,"gold_loss":0},{"damage_healed":0,"gold_gain":0,"player_choice":"Success","damage_taken":7,"relics_obtained":["Regal Pillow"],"max_hp_gain":0,"max_hp_loss":0,"event_name":"Scrap Ooze","floor":4,"gold_loss":0},{"damage_healed":0,"gold_gain":0,"player_choice":"Ignored","damage_taken":0,"max_hp_gain":0,"max_hp_loss":0,"event_name":"Liars Game","floor":13,"gold_loss":0},{"damage_healed":0,"gold_gain":0,"player_choice":"Searched \u00271\u0027 times","damage_taken":0,"relics_obtained":["Incense Burner"],"max_hp_gain":0,"max_hp_loss":0,"event_name":"Dead Adventurer","floor":14,"gold_loss":0},{"damage_healed":0,"gold_gain":0,"player_choice":"Became a Ghost","damage_taken":0,"max_hp_gain":0,"max_hp_loss":38,"event_name":"Ghosts","floor":19,"gold_loss":0,"cards_obtained":["Ghostly","Ghostly","Ghostly","Ghostly","Ghostly"]},{"damage_healed":0,"gold_gain":0,"cards_transformed":["Strike_B"],"player_choice":"Transformed","damage_taken":0,"max_hp_gain":0,"max_hp_loss":0,"event_name":"Transmorgrifier","floor":20,"gold_loss":0,"cards_obtained":["Recycle"]},{"damage_healed":0,"gold_gain":0,"player_choice":"Obtained Relic","damage_taken":0,"relics_obtained":["Pantograph"],"max_hp_gain":0,"max_hp_loss":0,"event_name":"Addict","floor":27,"gold_loss":85},{"cards_removed":["Strike_B"],"damage_healed":0,"gold_gain":0,"player_choice":"Upgrade and Remove","damage_taken":0,"max_hp_gain":0,"max_hp_loss":0,"event_name":"Designer","floor":28,"gold_loss":90,"cards_upgraded":["Defend_B"]},{"damage_healed":0,"gold_gain":0,"player_choice":"Fight","damage_taken":0,"max_hp_gain":0,"max_hp_loss":0,"event_name":"Mysterious Sphere","floor":36,"gold_loss":0},{"damage_healed":0,"gold_gain":0,"player_choice":"Memory 1","damage_taken":0,"max_hp_gain":0,"max_hp_loss":0,"event_name":"SensoryStone","floor":38,"gold_loss":0}],"is_beta":false,"boss_relics":[{"not_picked":["Ectoplasm","Velvet Choker"],"picked":"Inserter"},{"not_picked":["Calling Bell","Runic Pyramid"],"picked":"Philosopher\u0027s Stone"}],"items_purged_floors":[],"is_endless":false,"potions_floor_spawned":[1,3,11,18,29,30,36,37,42,44,48],"ascension_level":10}