{"gold_per_floor":[112,124,199,199,215,215,247,217,217,217,227,260,260,52,52,150,150,164,164,89,119,101,101,111,26,95,114,114,132,132,32,32,132,132,142,161,178,178,178,178,198,210,210,228,228,239,239,13,13,13,13,13,13,40,40],"floor_reached":55,"playtime":3042,"items_purged":["Writhe","Strike_B"],"score":652,"play_id":"fea17bef-8a50-43b3-9e39-043bffb4fc4e","local_time":"20190424115347","is_ascension_mode":false,"campfire_choices":[{"data":"Zap","floor":6,"key":"SMITH"},{"floor":10,"key":"REST"},{"data":"White Noise","floor":13,"key":"SMITH"},{"data":"Dualcast","floor":15,"key":"SMITH"},{"floor":23,"key":"REST"},{"floor":30,"key":"REST"},{"data":"Buffer","floor":32,"key":"SMITH"},{"floor":40,"key":"RECALL"},{"data":"Madness","floor":45,"key":"SMITH"},{"data":"Madness","floor":47,"key":"SMITH"},{"data":"Loop","floor":49,"key":"SMITH"},{"data":"Blind","floor":52,"key":"SMITH"}],"neow_cost":"NONE","seed_source_timestamp":505895555562731,"circlet_count":0,"master_deck":["Strike_B","Strike_B","Defend_B","Defend_B","Defend_B","Defend_B","Zap+1","Dualcast+1","Blind+1","Ball Lightning","Auto Shields","Cold Snap","Leap","White Noise+1","Machine Learning","Ball Lightning+1","FTL","Ball Lightning","Beam Cell+1","Tempest","Buffer+1","Echo Form","Conserve Battery+1","Barrage+1","Madness+1","Madness+1","Capacitor+1","Parasite","Loop+1","Cold Snap","Heatsinks+1"],"relics":["Cracked Core","Bird Faced Urn","PreservedInsect","MealTicket","Inserter","Art of War","Red Mask","Meat on the Bone","Cables","Nuclear Battery","Shuriken","Lee\u0027s Waffle","Vajra"],"potions_floor_usage":[7,7,7,12,16,21,33,33,33,39,50,54],"damage_taken":[{"damage":5,"enemies":"Jaw Worm","floor":1,"turns":4},{"damage":0,"enemies":"Small Slimes","floor":2,"turns":2},{"damage":0,"enemies":"Cultist","floor":5,"turns":2},{"damage":35,"enemies":"Gremlin Nob","floor":7,"turns":6},{"damage":0,"enemies":"Blue Slaver","floor":11,"turns":2},{"damage":3,"enemies":"3 Sentries","floor":12,"turns":10},{"damage":7,"enemies":"Hexaghost","floor":16,"turns":11},{"damage":16,"enemies":"Spheric Guardian","floor":18,"turns":6},{"damage":54,"enemies":"Masked Bandits","floor":21,"turns":6},{"damage":4,"enemies":"2 Thieves","floor":22,"turns":4},{"damage":13,"enemies":"Shelled Parasite and Fungi","floor":24,"turns":5},{"damage":2,"enemies":"Snake Plant","floor":27,"turns":3},{"damage":6,"enemies":"Chosen and Byrds","floor":29,"turns":5},{"damage":26,"enemies":"Automaton","floor":33,"turns":10},{"damage":15,"enemies":"Orb Walker","floor":35,"turns":4},{"damage":0,"enemies":"3 Shapes","floor":36,"turns":5},{"damage":14,"enemies":"Sphere and 2 Shapes","floor":37,"turns":6},{"damage":0,"enemies":"Transient","floor":41,"turns":5},{"damage":24,"enemies":"Maw","floor":42,"turns":7},{"damage":26,"enemies":"Writhing Mass","floor":44,"turns":7},{"damage":24,"enemies":"3 Darklings","floor":46,"turns":6},{"damage":49,"enemies":"Time Eater","floor":50,"turns":10},{"damage":62,"enemies":"Shield and Spear","floor":54,"turns":6},{"damage":58,"enemies":"The Heart","floor":55,"turns":3}],"seed_played":"3399860782513522563","potions_obtained":[{"floor":5,"key":"EntropicBrew"},{"floor":7,"key":"Energy Potion"},{"floor":8,"key":"EssenceOfSteel"},{"floor":12,"key":"Poison Potion"},{"floor":18,"key":"Strength Potion"},{"floor":24,"key":"Swift Potion"},{"floor":29,"key":"Dexterity Potion"},{"floor":35,"key":"SkillPotion"},{"floor":37,"key":"SteroidPotion"},{"floor":39,"key":"Fruit Juice"},{"floor":39,"key":"Poison Potion"},{"floor":44,"key":"Fire Potion"}],"is_trial":false,"path_per_floor":["M","M","?","?","M","R","E","?","T","R","M","E","R","$","R","B",null,"M","?","$","?","M","R","M","?","T","M","?","M","R","$","R","B",null,"M","M","M","?","?","R","M","M","T","M","R","M","R","$","R","B",null,"R","$","E","B"],"character_chosen":"DEFECT","items_purchased":["MealTicket","Lee\u0027s Waffle","Cold Snap"],"campfire_rested":3,"item_purchase_floors":[14,48,48],"current_hp_per_floor":[70,70,59,59,59,59,24,24,24,46,46,43,43,43,43,38,75,61,61,61,11,11,33,24,24,24,38,24,34,58,73,73,64,80,65,75,69,59,64,64,76,58,58,54,54,54,54,92,92,54,92,92,92,52,0],"gold":40,"neow_bonus":"RANDOM_COLORLESS","is_prod":false,"is_daily":false,"chose_seed":false,"campfire_upgraded":8,"win_rate":0,"timestamp":1556117627,"path_taken":["M","M","?","?","?","R","E","?","T","R","M","E","R","?","R","BOSS","M","?","?","?","M","R","M","?","T","M","?","M","R","$","R","BOSS","M","M","M","?","?","R","M","M","T","M","R","?","R","$","R","BOSS","R","$","E","BOSS"],"build_version":"2019-01-23","purchased_purges":2,"victory":false,"max_hp_per_floor":[75,75,75,75,75,75,75,75,75,75,75,75,75,75,75,75,75,75,75,75,75,75,75,75,75,75,75,80,80,80,80,80,80,80,80,80,80,80,85,85,85,85,85,85,85,85,85,92,92,92,92,92,92,92,92],"card_choices":[{"not_picked":["Hologram","Conserve Battery"],"picked":"Ball Lightning","floor":1},{"not_picked":["Rebound","Doom and Gloom","Redo"],"picked":"SKIP","floor":2},{"not_picked":["Double Energy","Hologram"],"picked":"Auto Shields","floor":5},{"not_picked":["Beam Cell","Rebound"],"picked":"Cold Snap","floor":7},{"not_picked":["Recycle","Thunder Strike"],"picked":"Leap","floor":11},{"not_picked":["Sunder","Stack"],"picked":"White Noise","floor":12},{"not_picked":["Meteor Strike","Seek"],"picked":"Machine Learning","floor":16},{"not_picked":["Gash","Barrage"],"picked":"Ball Lightning+1","floor":18},{"not_picked":["Rebound","Lockon"],"picked":"FTL","floor":21},{"not_picked":["Streamline+1","Hologram"],"picked":"Ball Lightning","floor":22},{"not_picked":["Storm","Melter"],"picked":"Beam Cell+1","floor":24},{"not_picked":["Double Energy","Melter"],"picked":"Tempest","floor":27},{"not_picked":["Stack","Turbo"],"picked":"Buffer","floor":29},{"not_picked":["Thunder Strike","Biased Cognition"],"picked":"Echo Form","floor":33},{"not_picked":["Stack","Sweeping Beam"],"picked":"Conserve Battery+1","floor":35},{"not_picked":["Hologram+1","Reinforced Body+1","Chaos"],"picked":"SKIP","floor":36},{"not_picked":["Hologram","Sweeping Beam+1"],"picked":"Barrage+1","floor":37},{"not_picked":["Go for the Eyes","Compile Driver+1","Meteor Strike"],"picked":"SKIP","floor":41},{"not_picked":["Conserve Battery","Hologram"],"picked":"Capacitor+1","floor":42},{"not_picked":["Compile Driver","Gash","Turbo+1"],"picked":"SKIP","floor":44},{"not_picked":["Conserve Battery","Stack"],"picked":"Loop","floor":46},{"not_picked":["Reprogram+1","Gash+1"],"picked":"Heatsinks+1","floor":54}],"player_experience":642828,"relics_obtained":[{"floor":7,"key":"Bird Faced Urn"},{"floor":12,"key":"PreservedInsect"},{"floor":21,"key":"Red Mask"},{"floor":26,"key":"Cables"},{"floor":43,"key":"Shuriken"},{"floor":54,"key":"Vajra"}],"event_choices":[{"damage_healed":0,"gold_gain":75,"player_choice":"Gather Gold","damage_taken":11,"max_hp_gain":0,"max_hp_loss":0,"event_name":"World of Goop","floor":3,"gold_loss":0},{"cards_removed":["Strike_B"],"damage_healed":0,"gold_gain":0,"player_choice":"Purged","damage_taken":0,"max_hp_gain":0,"max_hp_loss":0,"event_name":"Purifier","floor":4,"gold_loss":0},{"damage_healed":0,"gold_gain":0,"player_choice":"Bought 2 Potions","damage_taken":0,"max_hp_gain":0,"max_hp_loss":0,"event_name":"The Woman in Blue","floor":8,"gold_loss":0},{"damage_healed":0,"gold_gain":0,"player_choice":"Opened","damage_taken":0,"relics_obtained":["Art of War"],"max_hp_gain":0,"max_hp_loss":0,"event_name":"The Mausoleum","floor":19,"gold_loss":0,"cards_obtained":["Writhe"]},{"damage_healed":0,"gold_gain":0,"player_choice":"Fought Bandits","damage_taken":0,"max_hp_gain":0,"max_hp_loss":0,"event_name":"Masked Bandits","floor":21,"gold_loss":0},{"damage_healed":0,"gold_gain":0,"player_choice":"Obtained Relic","damage_taken":0,"relics_obtained":["Meat on the Bone"],"max_hp_gain":0,"max_hp_loss":0,"event_name":"Addict","floor":25,"gold_loss":85},{"damage_healed":0,"gold_gain":0,"player_choice":"Shed Blood","damage_taken":19,"max_hp_gain":5,"max_hp_loss":0,"event_name":"Forgotten Altar","floor":28,"gold_loss":0},{"damage_healed":0,"gold_gain":0,"player_choice":"Embrace Madness","damage_taken":10,"max_hp_gain":0,"max_hp_loss":0,"event_name":"Winding Halls","floor":38,"gold_loss":0,"cards_obtained":["Madness","Madness"]},{"damage_healed":0,"gold_gain":0,"player_choice":"Got Potions","damage_taken":0,"max_hp_gain":0,"max_hp_loss":0,"event_name":"Lab","floor":39,"gold_loss":0}],"is_beta":false,"boss_relics":[{"not_picked":["Pandora\u0027s Box","Snecko Eye"],"picked":"Inserter"},{"not_picked":["Runic Pyramid","Fusion Hammer"],"picked":"Nuclear Battery"}],"items_purged_floors":[20,31],"is_endless":false,"potions_floor_spawned":[5,7,12,18,24,27,29,35,37,44],"killed_by":"The Heart","ascension_level":0}