{"gold_per_floor":[119,6,81,92,107,107,118,118,118,131,31,44,60,73,73,73],"floor_reached":16,"playtime":608,"items_purged":["Strike_G","Strike_G"],"score":96,"play_id":"d4e4d4bc-f1d4-40ff-abbf-32496d8aa92e","local_time":"20190519084852","is_ascension_mode":false,"campfire_choices":[{"data":"Poisoned Stab","floor":6,"key":"SMITH"},{"data":"Catalyst","floor":8,"key":"SMITH"},{"floor":15,"key":"REST"}],"neow_cost":"NONE","seed_source_timestamp":271666713981491,"circlet_count":0,"master_deck":["Defend_G","Defend_G","Defend_G","Defend_G","Defend_G","Strike_G","Strike_G","Strike_G","Survivor","Neutralize+1","Poisoned Stab+1","Catalyst+1","PiercingWail","Burst","Cloak And Dagger"],"relics":["Ring of the Snake","Question Card"],"potions_floor_usage":[10,16],"damage_taken":[{"damage":1,"enemies":"Cultist","floor":1,"turns":4},{"damage":7,"enemies":"2 Louse","floor":4,"turns":3},{"damage":6,"enemies":"Small Slimes","floor":5,"turns":3},{"damage":0,"enemies":"Blue Slaver","floor":7,"turns":4},{"damage":0,"enemies":"3 Louse","floor":10,"turns":2},{"damage":0,"enemies":"Looter","floor":12,"turns":2},{"damage":1,"enemies":"Exordium Wildlife","floor":13,"turns":4},{"damage":0,"enemies":"Large Slime","floor":14,"turns":7},{"damage":71,"enemies":"Hexaghost","floor":16,"turns":16}],"seed_played":"3570929905100189921","potions_obtained":[{"floor":4,"key":"Ancient Potion"},{"floor":5,"key":"Ancient Potion"},{"floor":7,"key":"Explosive Potion"},{"floor":14,"key":"FearPotion"}],"is_trial":false,"path_per_floor":["M","$","?","M","M","R","M","R","T","M","$","M","M","M","R","B"],"character_chosen":"THE_SILENT","items_purchased":["Catalyst"],"campfire_rested":1,"item_purchase_floors":[2],"current_hp_per_floor":[69,69,62,55,49,49,49,49,49,49,49,49,48,48,69,0],"gold":73,"neow_bonus":"UPGRADE_CARD","is_prod":false,"is_daily":false,"chose_seed":false,"campfire_upgraded":2,"win_rate":0,"timestamp":1558248532,"path_taken":["M","?","?","?","M","R","M","R","T","M","$","M","M","M","R","BOSS"],"build_version":"2019-01-23","purchased_purges":2,"victory":false,"max_hp_per_floor":[70,70,70,70,70,70,70,70,70,70,70,70,70,70,70,70],"card_choices":[{"not_picked":["Quick Slash","Dodge and Roll"],"picked":"Poisoned Stab","floor":1},{"not_picked":["Endless Agony","Bane"],"picked":"PiercingWail","floor":4},{"not_picked":["PiercingWail","Caltrops","Prepared"],"picked":"SKIP","floor":5},{"not_picked":["Choke","Finisher"],"picked":"Burst","floor":7},{"not_picked":["Underhanded Strike","Skewer","Calculated Gamble"],"picked":"Cloak And Dagger","floor":10},{"not_picked":["Heel Hook","Dagger Spray","Prepared","Bouncing Flask"],"picked":"SKIP","floor":12},{"not_picked":["Prepared","Outmaneuver","Phantasmal Killer","Acrobatics"],"picked":"SKIP","floor":13},{"not_picked":["Blur","Underhanded Strike","Concentrate","PiercingWail"],"picked":"SKIP","floor":14}],"player_experience":203262,"relics_obtained":[{"floor":9,"key":"Question Card"}],"event_choices":[{"damage_healed":0,"gold_gain":75,"player_choice":"Touch","damage_taken":7,"max_hp_gain":0,"max_hp_loss":0,"event_name":"FaceTrader","floor":3,"gold_loss":0}],"is_beta":false,"boss_relics":[],"items_purged_floors":[2,11],"is_endless":false,"potions_floor_spawned":[4,5,7,14],"killed_by":"Hexaghost","ascension_level":0}