{"gold_per_floor":[116,116,116,132,151,151,161,177,177,177,197,197,147,160,160,263,263,275,275,295,307,370,370,383,358,383,308,358,113,125,141,141,246,246,256,141,155,205,267,267,317,328,379,442,442,503,310,360,360,360],"floor_reached":50,"playtime":1043,"items_purged":["Defend_R"],"score":490,"play_id":"36609644-6573-443f-89a2-82f31fbfabd6","local_time":"20190415203941","is_ascension_mode":false,"campfire_choices":[{"data":"Bash","floor":6.0,"key":"SMITH"},{"data":"Reaper","floor":10.0,"key":"SMITH"},{"data":"Inflame","floor":12.0,"key":"SMITH"},{"floor":15.0,"key":"REST"},{"floor":23.0,"key":"REST"},{"data":"Demon Form","floor":32.0,"key":"SMITH"},{"floor":40.0,"key":"REST"},{"floor":45.0,"key":"REST"},{"floor":49.0,"key":"REST"}],"neow_cost":"NONE","seed_source_timestamp":416499341464286,"circlet_count":0,"master_deck":["Strike_R","Strike_R","Strike_R","Strike_R","Strike_R","Bash+1","Reaper+1","Inflame+1","Anger","Heavy Blade+1","Demon Form+1","Anger+1","Flex","Double Tap","Heavy Blade+1"],"special_seed":0,"relics":["Burning Blood","Blood Vial","Philosopher\u0027s Stone","SsserpentHead","Pen Nib","Singing Bowl","Fusion Hammer","Tiny Chest","Question Card","Bag of Marbles","Shuriken"],"potions_floor_usage":[],"damage_taken":[{"damage":6.0,"enemies":"Small Slimes","floor":1.0,"turns":4.0},{"damage":7.0,"enemies":"2 Louse","floor":4.0,"turns":3.0},{"damage":6.0,"enemies":"Cultist","floor":5.0,"turns":3.0},{"damage":27.0,"enemies":"Large Slime","floor":7.0,"turns":6.0},{"damage":12.0,"enemies":"Blue Slaver","floor":8.0,"turns":2.0},{"damage":13.0,"enemies":"Red Slaver","floor":11.0,"turns":2.0},{"damage":37.0,"enemies":"Exordium Wildlife","floor":14.0,"turns":4.0},{"damage":14.0,"enemies":"Slime Boss","floor":16.0,"turns":9.0},{"damage":23.0,"enemies":"Chosen","floor":18.0,"turns":4.0},{"damage":11.0,"enemies":"Spheric Guardian","floor":20.0,"turns":3.0},{"damage":31.0,"enemies":"Cultist and Chosen","floor":21.0,"turns":5.0},{"damage":13.0,"enemies":"Centurion and Healer","floor":22.0,"turns":4.0},{"damage":29.0,"enemies":"Chosen and Byrds","floor":24.0,"turns":5.0},{"damage":9.0,"enemies":"Snecko","floor":30.0,"turns":3.0},{"damage":34.0,"enemies":"Shelled Parasite and Fungi","floor":31.0,"turns":3.0},{"damage":55.0,"enemies":"Champ","floor":33.0,"turns":5.0},{"damage":40.0,"enemies":"3 Darklings","floor":35.0,"turns":5.0},{"damage":57.0,"enemies":"3 Shapes","floor":37.0,"turns":4.0},{"damage":39.0,"enemies":"Jaw Worm Horde","floor":39.0,"turns":4.0},{"damage":21.0,"enemies":"3 Darklings","floor":42.0,"turns":4.0},{"damage":63.0,"enemies":"Writhing Mass","floor":44.0,"turns":4.0},{"damage":19.0,"enemies":"Transient","floor":46.0,"turns":5.0},{"damage":105,"enemies":"Awakened One","floor":50,"turns":4}],"seed_played":"-9001398060409840616","potions_obtained":[{"floor":4.0,"key":"EssenceOfSteel"},{"floor":5.0,"key":"Dexterity Potion"},{"floor":11.0,"key":"Energy Potion"},{"floor":14.0,"key":"SpeedPotion"},{"floor":18.0,"key":"Ancient Potion"},{"floor":24.0,"key":"Energy Potion"},{"floor":30.0,"key":"SteroidPotion"},{"floor":35.0,"key":"Poison Potion"},{"floor":42.0,"key":"PowerPotion"}],"is_trial":false,"path_per_floor":["M","?","?","M","M","R","M","M","T","R","M","R","?","M","R","B",null,"M","?","M","M","M","R","M","?","T","$","?","$","M","M","R","B",null,"M","$","M","T","M","R","?","M","T","M","R","M","$","?","R","B"],"character_chosen":"IRONCLAD","items_purchased":["Singing Bowl","Tiny Chest","Shuriken"],"campfire_rested":5,"item_purchase_floors":[29,36,47],"current_hp_per_floor":[80,80,80,80,80,80,65,59,59,59,54,54,54,35,59,63,80,73,73,70,52,55,79,64,64,64,64,64,64,65,51,51,16,84,52,52,26,26,15,41,41,70,70,30,57,72,72,72,94,0],"gold":360,"neow_bonus":"ONE_RANDOM_RARE_CARD","is_prod":false,"is_daily":false,"chose_seed":false,"campfire_upgraded":4,"win_rate":0,"timestamp":1555353581,"path_taken":["M","?","?","M","?","R","M","M","T","R","M","R","?","M","R","BOSS","M","?","M","M","?","R","M","?","T","$","?","$","M","M","R","BOSS","M","$","M","?","?","R","?","M","T","?","R","?","?","?","R","BOSS"],"build_version":"2019-01-23","purchased_purges":1,"victory":false,"max_hp_per_floor":[80,80,80,80,80,80,80,80,80,80,80,80,80,80,80,80,80,80,80,80,80,80,80,80,80,80,80,80,80,82,84,84,84,84,86,86,88,88,88,88,88,90,90,92,92,94,94,94,94,94],"card_choices":[{"not_picked":["Anger","Pommel Strike","Evolve"],"picked":"SKIP","floor":1.0},{"not_picked":["Entrench","Rage","Searing Blow"],"picked":"SKIP","floor":4.0},{"not_picked":["Combust","Clothesline"],"picked":"Inflame","floor":5.0},{"not_picked":["Havoc","Thunderclap"],"picked":"Anger","floor":7.0},{"not_picked":["Carnage","Evolve","Dropkick"],"picked":"SKIP","floor":8.0},{"not_picked":["Burning Pact","Shrug It Off","Sword Boomerang"],"picked":"SKIP","floor":11.0},{"not_picked":["Entrench","Sword Boomerang"],"picked":"Heavy Blade","floor":14.0},{"not_picked":["Juggernaut","Limit Break"],"picked":"Demon Form","floor":16.0},{"not_picked":["Twin Strike","Sever Soul","Thunderclap"],"picked":"SKIP","floor":18.0},{"not_picked":["Disarm+1","Searing Blow"],"picked":"Anger+1","floor":20.0},{"not_picked":["Havoc","Twin Strike"],"picked":"Flex","floor":21.0},{"not_picked":["Iron Wave","Twin Strike","Cleave"],"picked":"SKIP","floor":22.0},{"not_picked":["Sword Boomerang","Thunderclap","Ghostly Armor"],"picked":"SKIP","floor":24.0},{"not_picked":["Pommel Strike","Wild Strike","Body Slam"],"picked":"Singing Bowl","floor":30.0},{"not_picked":["Sever Soul+1","Corruption","Evolve+1"],"picked":"Singing Bowl","floor":31.0},{"not_picked":["Barricade","Bludgeon"],"picked":"Double Tap","floor":33.0},{"not_picked":["Anger","Thunderclap+1","Clothesline+1"],"picked":"Singing Bowl","floor":35.0},{"not_picked":["Perfected Strike","Battle Trance+1","Spot Weakness+1"],"picked":"Singing Bowl","floor":37.0},{"not_picked":["Flame Barrier","Wild Strike","Iron Wave+1"],"picked":"Heavy Blade+1","floor":39.0},{"not_picked":["Rage+1","Juggernaut","Seeing Red","Twin Strike"],"picked":"Singing Bowl","floor":42.0},{"not_picked":["Burning Pact+1","Second Wind","Flex","Metallicize+1"],"picked":"Singing Bowl","floor":44.0},{"not_picked":["Anger+1","True Grit+1","Berserk","Headbutt"],"picked":"Singing Bowl","floor":46.0}],"player_experience":116037,"relics_obtained":[{"floor":9.0,"key":"Blood Vial"},{"floor":26.0,"key":"Pen Nib"},{"floor":38.0,"key":"Question Card"},{"floor":43.0,"key":"Bag of Marbles"}],"event_choices":[{"damage_healed":0.0,"max_hp_gain":0.0,"max_hp_loss":0.0,"gold_gain":0.0,"event_name":"Liars Game","player_choice":"Ignored","floor":2.0,"gold_loss":0.0,"damage_taken":0.0},{"cards_removed":["Defend_R"],"damage_healed":0.0,"max_hp_gain":0.0,"max_hp_loss":0.0,"gold_gain":0.0,"event_name":"Bonfire Elementals","player_choice":"Offered Basic","floor":3.0,"gold_loss":0.0,"damage_taken":0.0},{"cards_removed":["Defend_R"],"damage_healed":0.0,"max_hp_gain":0.0,"max_hp_loss":0.0,"gold_gain":0.0,"event_name":"The Cleric","player_choice":"Card Removal","floor":13.0,"gold_loss":50.0,"damage_taken":0.0},{"damage_healed":0.0,"max_hp_gain":0.0,"max_hp_loss":0.0,"gold_gain":0.0,"event_name":"FaceTrader","player_choice":"Trade","floor":19.0,"gold_loss":0.0,"damage_taken":0.0,"relics_obtained":["SsserpentHead"]},{"cards_removed":["Defend_R"],"damage_healed":0.0,"max_hp_gain":0.0,"max_hp_loss":0.0,"gold_gain":0.0,"event_name":"Beggar","player_choice":"Gave Gold","floor":25.0,"gold_loss":75.0,"damage_taken":0.0},{"damage_healed":0.0,"max_hp_gain":0.0,"max_hp_loss":0.0,"gold_gain":0.0,"event_name":"N\u0027loth","player_choice":"Ignored","floor":28.0,"gold_loss":0.0,"damage_taken":0.0},{"damage_healed":0.0,"max_hp_gain":0.0,"max_hp_loss":0.0,"gold_gain":0.0,"event_name":"Duplicator","player_choice":"Ignored","floor":41.0,"gold_loss":0.0,"damage_taken":0.0},{"damage_healed":0.0,"max_hp_gain":0.0,"max_hp_loss":0.0,"gold_gain":0.0,"event_name":"Accursed Blacksmith","player_choice":"Forge","floor":48.0,"gold_loss":0.0,"damage_taken":0.0,"cards_upgraded":["Heavy Blade"]}],"is_beta":false,"boss_relics":[{"not_picked":["Runic Pyramid","Mark of Pain"],"picked":"Philosopher\u0027s Stone"},{"not_picked":["Orrery","Cursed Key"],"picked":"Fusion Hammer"}],"items_purged_floors":[27],"is_endless":false,"potions_floor_spawned":[4,5,11,14,18,24,30,35,42,46],"killed_by":"Awakened One","ascension_level":0}