{"gold_per_floor":[110,37,49,49,63,63,82,110,122,134,159,206,218,240,252,264],"floor_reached":16,"playtime":657,"items_purged":[],"score":162,"play_id":"fedf5310-b902-4fbe-a8ea-114eb8004f80","local_time":"20190511135637","is_ascension_mode":true,"campfire_choices":[{"data":"Bash","floor":6,"key":"SMITH"},{"floor":10,"key":"REST"},{"floor":15,"key":"REST"}],"neow_cost":"NONE","seed_source_timestamp":1105456637979700,"circlet_count":0,"master_deck":["Strike_R","Strike_R","Strike_R","Strike_R","Strike_R","Defend_R","Defend_R","Defend_R","Defend_R","Bash+1","Havoc","Metallicize","Anger","Thunderclap","Dual Wield","Fiend Fire","Whirlwind","Uppercut","Ghostly Armor+1"],"relics":["Burning Blood","MawBank","Bottled Lightning","Toxic Egg 2"],"potions_floor_usage":[12,12,16],"damage_taken":[{"damage":13,"enemies":"Jaw Worm","floor":1,"turns":5},{"damage":3,"enemies":"Cultist","floor":3,"turns":4},{"damage":10,"enemies":"2 Louse","floor":5,"turns":3},{"damage":8,"enemies":"Blue Slaver","floor":7,"turns":5},{"damage":48,"enemies":"3 Sentries","floor":8,"turns":9},{"damage":11,"enemies":"Looter","floor":11,"turns":2},{"damage":18,"enemies":"Gremlin Nob","floor":12,"turns":4},{"damage":29,"enemies":"Lots of Slimes","floor":14,"turns":3},{"damage":41,"enemies":"Hexaghost","floor":16,"turns":9}],"seed_played":"7833910589710460849","potions_obtained":[{"floor":5,"key":"Weak Potion"},{"floor":8,"key":"Strength Potion"},{"floor":14,"key":"Weak Potion"}],"is_trial":false,"path_per_floor":["M","$","M","?","M","R","M","E","T","R","M","E","?","M","R","B"],"character_chosen":"IRONCLAD","items_purchased":["Metallicize"],"campfire_rested":2,"item_purchase_floors":[2],"current_hp_per_floor":[73,73,76,76,72,72,70,28,28,54,49,37,37,14,40,0],"gold":264,"neow_bonus":"TEN_PERCENT_HP_BONUS","is_prod":false,"is_daily":false,"chose_seed":false,"campfire_upgraded":1,"win_rate":0,"timestamp":1557608197,"path_taken":["M","$","M","?","M","R","M","E","T","R","M","E","?","?","R","BOSS"],"build_version":"2019-01-23","purchased_purges":0,"victory":false,"max_hp_per_floor":[88,88,88,88,88,88,88,88,88,88,88,88,88,88,88,88],"card_choices":[{"not_picked":["Wild Strike","Rage"],"picked":"Havoc","floor":1},{"not_picked":["Uppercut","Clash"],"picked":"Anger","floor":3},{"not_picked":["Sword Boomerang","Body Slam"],"picked":"Thunderclap","floor":5},{"not_picked":["Headbutt","Second Wind"],"picked":"Dual Wield","floor":7},{"not_picked":["Twin Strike","Uppercut"],"picked":"Fiend Fire","floor":8},{"not_picked":["Metallicize","Perfected Strike"],"picked":"Whirlwind","floor":11},{"not_picked":["Entrench","True Grit"],"picked":"Uppercut","floor":12},{"not_picked":["Intimidate+1","Havoc+1"],"picked":"Ghostly Armor+1","floor":14}],"player_experience":743522,"relics_obtained":[{"floor":8,"key":"MawBank"},{"floor":9,"key":"Bottled Lightning"},{"floor":12,"key":"Toxic Egg 2"}],"event_choices":[{"damage_healed":0,"gold_gain":0,"player_choice":"Ignored","damage_taken":0,"max_hp_gain":0,"max_hp_loss":0,"event_name":"Liars Game","floor":4,"gold_loss":0},{"damage_healed":0,"gold_gain":0,"player_choice":"0 cards matched","damage_taken":0,"max_hp_gain":0,"max_hp_loss":0,"event_name":"Match and Keep!","floor":13,"gold_loss":0,"cards_obtained":[]}],"is_beta":false,"boss_relics":[],"items_purged_floors":[],"is_endless":false,"potions_floor_spawned":[5,8,14],"killed_by":"Hexaghost","ascension_level":9}