{"gold_per_floor":[111,126,139,64,139,139,168,168,168,182,193,221,277,277,277,349,399,415,415,431,90,5,5,35,35,61,92,92,109,119,119,119,196,196,212,223,223,15,15],"floor_reached":39,"playtime":1971,"items_purged":["Strike_R","Strike_R"],"score":859,"play_id":"e14773c9-7337-4d8f-9571-a9e85a8485b8","local_time":"20190615092359","is_ascension_mode":true,"campfire_choices":[{"data":"Uppercut","floor":6,"key":"SMITH"},{"floor":8,"key":"REST"},{"floor":15,"key":"REST"},{"data":"Apotheosis","floor":23,"key":"SMITH"},{"floor":25,"key":"REST"},{"floor":32,"key":"REST"}],"neow_cost":"PERCENT_DAMAGE","seed_source_timestamp":2424034855540976,"circlet_count":0,"master_deck":["AscendersBane","Strike_R+1","Defend_R","Defend_R","Defend_R","Defend_R","Bash+1","Headbutt","Uppercut+1","Inflame","Heavy Blade","Battle Trance","Sword Boomerang+1","Impervious","Warcry","Metallicize","Apotheosis+1","Inflame+1","Finesse"],"relics":["Burning Blood","Du-Vu Doll","Magic Flower","Bronze Scales","Bag of Marbles","Tiny House","Vajra","Ancient Tea Set","Pantograph","Whetstone","Happy Flower","MutagenicStrength","Snecko Eye"],"potions_floor_usage":[7,11,12,13,16,18,27,33],"damage_taken":[{"damage":7,"enemies":"Cultist","floor":1,"turns":4},{"damage":9,"enemies":"Small Slimes","floor":2,"turns":4},{"damage":6,"enemies":"Jaw Worm","floor":3,"turns":5},{"damage":35,"enemies":"3 Sentries","floor":7,"turns":7},{"damage":6,"enemies":"2 Fungi Beasts","floor":10,"turns":4},{"damage":15,"enemies":"3 Louse","floor":11,"turns":4},{"damage":6,"enemies":"Gremlin Nob","floor":12,"turns":3},{"damage":25,"enemies":"3 Sentries","floor":13,"turns":5},{"damage":39,"enemies":"Slime Boss","floor":16,"turns":8},{"damage":30,"enemies":"2 Thieves","floor":18,"turns":4},{"damage":0,"enemies":"Chosen","floor":20,"turns":3},{"damage":52,"enemies":"Book of Stabbing","floor":24,"turns":5},{"damage":0,"enemies":"Gremlin Leader","floor":27,"turns":5},{"damage":20,"enemies":"Snake Plant","floor":29,"turns":4},{"damage":6,"enemies":"Centurion and Healer","floor":30,"turns":5},{"damage":71,"enemies":"Collector","floor":33,"turns":11},{"damage":0,"enemies":"3 Shapes","floor":35,"turns":6},{"damage":59,"enemies":"3 Darklings","floor":36,"turns":4},{"damage":26,"enemies":"4 Shapes","floor":39,"turns":1}],"seed_played":"307814762919454609","potions_obtained":[{"floor":3,"key":"Regen Potion"},{"floor":7,"key":"GamblersBrew"},{"floor":10,"key":"Poison Potion"},{"floor":12,"key":"LiquidBronze"},{"floor":13,"key":"GamblersBrew"},{"floor":17,"key":"Dexterity Potion"},{"floor":20,"key":"Poison Potion"},{"floor":29,"key":"LiquidBronze"},{"floor":30,"key":"FearPotion"}],"is_trial":false,"path_per_floor":["M","M","M","$","?","R","E","R","T","M","M","E","?","?","R","B",null,"M","?","M","$","?","R","E","R","T","E","?","M","M","?","R","B",null,"M","M","?","$","M"],"character_chosen":"IRONCLAD","items_purchased":["Vajra","Apotheosis","Finesse"],"campfire_rested":4,"item_purchase_floors":[21,21,38],"current_hp_per_floor":[49,46,46,46,35,35,21,43,43,46,40,43,27,27,49,19,66,45,45,54,54,54,54,11,35,35,44,44,33,36,36,60,18,65,74,24,24,24,0],"gold":15,"neow_bonus":"REMOVE_TWO","is_prod":false,"is_daily":false,"chose_seed":false,"campfire_upgraded":2,"win_rate":0,"timestamp":1560601439,"path_taken":["M","M","M","$","?","R","E","R","T","M","M","E","?","?","R","BOSS","M","?","M","$","?","R","E","R","T","E","?","?","M","?","R","BOSS","M","M","?","$","M"],"build_version":"2019-01-23","purchased_purges":2,"victory":false,"max_hp_per_floor":[75,75,75,75,75,75,75,75,75,75,75,75,75,75,75,75,80,80,80,80,80,80,80,80,80,80,80,80,80,80,80,80,80,80,80,80,80,80,80],"card_choices":[{"not_picked":["True Grit","Sentinel"],"picked":"Headbutt","floor":1},{"not_picked":["Sword Boomerang","Havoc"],"picked":"Uppercut","floor":2},{"not_picked":["Headbutt","Limit Break"],"picked":"Inflame","floor":3},{"not_picked":["Cleave","Infernal Blade"],"picked":"Heavy Blade","floor":7},{"not_picked":["Wild Strike","Clothesline","Pommel Strike"],"picked":"SKIP","floor":10},{"not_picked":["Wild Strike","Pommel Strike"],"picked":"Battle Trance","floor":11},{"not_picked":["Reckless Charge","Hemokinesis"],"picked":"Sword Boomerang","floor":12},{"not_picked":["Limit Break","Feed"],"picked":"Impervious","floor":16},{"not_picked":["Rupture","Combust"],"picked":"Warcry","floor":17},{"not_picked":["Entrench","Flex"],"picked":"Metallicize","floor":18},{"not_picked":["Sever Soul+1","Infernal Blade","Blood for Blood"],"picked":"SKIP","floor":20},{"not_picked":["Flex","Corruption","Iron Wave"],"picked":"SKIP","floor":24},{"not_picked":["Juggernaut","Sword Boomerang","Flex"],"picked":"SKIP","floor":27},{"not_picked":["Body Slam","Infernal Blade","Evolve"],"picked":"SKIP","floor":29},{"not_picked":["Reckless Charge","Whirlwind","Sword Boomerang"],"picked":"SKIP","floor":30},{"not_picked":["Rampage","Evolve"],"picked":"Inflame+1","floor":35},{"not_picked":["Perfected Strike","Sword Boomerang","Shrug It Off"],"picked":"SKIP","floor":36}],"player_experience":1048397,"relics_obtained":[{"floor":7,"key":"Du-Vu Doll"},{"floor":9,"key":"Magic Flower"},{"floor":12,"key":"Bronze Scales"},{"floor":13,"key":"Bag of Marbles"},{"floor":24,"key":"Pantograph"},{"floor":26,"key":"Whetstone"},{"floor":27,"key":"Happy Flower"}],"event_choices":[{"damage_healed":0,"gold_gain":75,"player_choice":"Gather Gold","damage_taken":11,"max_hp_gain":0,"max_hp_loss":0,"event_name":"World of Goop","floor":5,"gold_loss":0},{"damage_healed":0,"gold_gain":0,"player_choice":"Searched \u00271\u0027 times","damage_taken":0,"max_hp_gain":0,"max_hp_loss":0,"event_name":"Dead Adventurer","floor":13,"gold_loss":0},{"damage_healed":0,"gold_gain":0,"player_choice":"Ignored","damage_taken":0,"max_hp_gain":0,"max_hp_loss":0,"event_name":"Liars Game","floor":14,"gold_loss":0},{"damage_healed":0,"gold_gain":0,"player_choice":"Ignored","damage_taken":0,"max_hp_gain":0,"max_hp_loss":0,"event_name":"Ghosts","floor":19,"gold_loss":0},{"damage_healed":0,"gold_gain":0,"player_choice":"Obtained Relic","damage_taken":0,"relics_obtained":["Ancient Tea Set"],"max_hp_gain":0,"max_hp_loss":0,"event_name":"Addict","floor":22,"gold_loss":85},{"damage_healed":0,"gold_gain":0,"player_choice":"Ignored","damage_taken":0,"max_hp_gain":0,"max_hp_loss":0,"event_name":"Beggar","floor":28,"gold_loss":0},{"damage_healed":0,"gold_gain":0,"player_choice":"Inject Mutagens","damage_taken":0,"relics_obtained":["MutagenicStrength"],"max_hp_gain":0,"max_hp_loss":0,"event_name":"Drug Dealer","floor":31,"gold_loss":0},{"damage_healed":0,"gold_gain":0,"player_choice":"Ignored","damage_taken":0,"max_hp_gain":0,"max_hp_loss":0,"event_name":"Mysterious Sphere","floor":37,"gold_loss":0}],"is_beta":false,"boss_relics":[{"not_picked":["White Beast Statue","Runic Dome"],"picked":"Tiny House"},{"not_picked":["Pandora\u0027s Box","Philosopher\u0027s Stone"],"picked":"Snecko Eye"}],"items_purged_floors":[4,38],"is_endless":false,"potions_floor_spawned":[3,7,10,12,13,20,29,30],"killed_by":"4 Shapes","ascension_level":18}