{"gold_per_floor":[147,166,166,177,177,177,203,223,223,6,37,54,89,106,106,211,211,225,225,240,252,266,266,73,106,133,144,173,193,69,94,94,195,195,208,228,228,128,138,170,180,214,267,267,299,299,314,325,325,325,325,325,43,74,74],"floor_reached":56,"playtime":6650,"items_purged":["Defend_B","Strike_B"],"score":1577,"play_id":"3125c9ff-2761-4bcc-86b8-f436b154a729","local_time":"20190605103953","is_ascension_mode":true,"campfire_choices":[{"data":"Static Discharge","floor":6.0,"key":"SMITH"},{"floor":15.0,"key":"REST"},{"floor":23,"key":"REST"},{"floor":32,"key":"REST"},{"floor":46,"key":"REST"},{"floor":49,"key":"RECALL"},{"floor":52,"key":"REST"}],"neow_cost":"NONE","seed_source_timestamp":0,"circlet_count":0,"master_deck":["Strike_B","Strike_B+1","Defend_B","Defend_B","Zap","Dualcast","Coolheaded","Static Discharge+1","Glacier","Compile Driver+1","Defragment","Defragment","Steam","Loop","Seek","Echo Form","Defragment","Aggregate+1","Redo+1","Apotheosis+1","Redo+1","Conserve Battery+1","White Noise","Creative AI","Reinforced Body","Coolheaded+1","Mayhem","Madness+1","Undo+1"],"special_seed":0,"relics":["FrozenCore","Tiny Chest","Bronze Scales","Meat on the Bone","Oddly Smooth Stone","Emotion Chip","Regal Pillow","Fusion Hammer","Blue Candle","Whetstone","PreservedInsect","Ancient Tea Set","Anchor","Bird Faced Urn","Toxic Egg 2","Pen Nib"],"potions_floor_usage":[25,25,25,25,27,28,28,36,39,41,45,55],"damage_taken":[{"damage":8.0,"enemies":"2 Louse","floor":1.0,"turns":3.0},{"damage":0.0,"enemies":"Cultist","floor":2.0,"turns":3.0},{"damage":12.0,"enemies":"Small Slimes","floor":4.0,"turns":4.0},{"damage":11.0,"enemies":"Lagavulin","floor":7.0,"turns":13.0},{"damage":0.0,"enemies":"Blue Slaver","floor":8.0,"turns":4.0},{"damage":9.0,"enemies":"Gremlin Nob","floor":11.0,"turns":4.0},{"damage":8.0,"enemies":"Gremlin Gang","floor":12.0,"turns":3.0},{"damage":2.0,"enemies":"3 Sentries","floor":13.0,"turns":6.0},{"damage":7.0,"enemies":"Looter","floor":14.0,"turns":4.0},{"damage":21.0,"enemies":"Slime Boss","floor":16.0,"turns":8.0},{"damage":2.0,"enemies":"Shell Parasite","floor":18.0,"turns":6.0},{"damage":5.0,"enemies":"3 Byrds","floor":20.0,"turns":4.0},{"damage":7,"enemies":"Sentry and Sphere","floor":21,"turns":5},{"damage":18,"enemies":"Snake Plant","floor":22,"turns":4},{"damage":12,"enemies":"Gremlin Leader","floor":25,"turns":4},{"damage":0,"enemies":"Centurion and Healer","floor":27,"turns":8},{"damage":6,"enemies":"Book of Stabbing","floor":28,"turns":6},{"damage":0,"enemies":"3 Cultists","floor":29,"turns":6},{"damage":29,"enemies":"Slavers","floor":31,"turns":4},{"damage":43,"enemies":"Collector","floor":33,"turns":12},{"damage":0,"enemies":"Orb Walker","floor":35,"turns":5},{"damage":11,"enemies":"3 Darklings","floor":36,"turns":8},{"damage":4,"enemies":"Spire Growth","floor":39,"turns":8},{"damage":0,"enemies":"Nemesis","floor":40,"turns":7},{"damage":3,"enemies":"4 Shapes","floor":41,"turns":6},{"damage":2,"enemies":"Giant Head","floor":42,"turns":6},{"damage":47,"enemies":"Reptomancer","floor":45,"turns":6},{"damage":0,"enemies":"Jaw Worm Horde","floor":47,"turns":6},{"damage":9,"enemies":"Spire Growth","floor":48,"turns":7},{"damage":8,"enemies":"Donu and Deca","floor":50,"turns":12},{"damage":9,"enemies":"Shield and Spear","floor":54,"turns":6},{"damage":57,"enemies":"The Heart","floor":55,"turns":10}],"seed_played":"5511657157236199446","potions_obtained":[{"floor":4.0,"key":"AttackPotion"},{"floor":7.0,"key":"GamblersBrew"},{"floor":8.0,"key":"FearPotion"},{"floor":12.0,"key":"Energy Potion"},{"floor":18.0,"key":"LiquidBronze"},{"floor":20.0,"key":"EntropicBrew"},{"floor":25,"key":"SkillPotion"},{"floor":36,"key":"Weak Potion"},{"floor":40,"key":"Weak Potion"},{"floor":42,"key":"SpeedPotion"},{"floor":48,"key":"Regen Potion"}],"is_trial":false,"path_per_floor":["M","M","?","M","?","R","E","M","T","$","E","M","E","M","R","B",null,"M","?","M","M","M","R","$","E","T","M","E","M","$","E","R","B",null,"M","M","?","$","M","E","M","E","T","?","E","R","M","M","R","B",null,"R","$","E","B",null],"character_chosen":"DEFECT","items_purchased":["Oddly Smooth Stone","Defragment","Apotheosis","Energy Potion","Mayhem","Madness+1"],"campfire_rested":5,"item_purchase_floors":[10,10,24,30,53,53],"current_hp_per_floor":[60,60,60,48,48,48,37,37,37,37,40,44,42,47,75,54,70,68,68,63,56,38,75,75,63,63,63,71,71,71,42,75,44,67,67,56,56,56,52,52,49,47,47,47,24,61,75,72,72,75,75,75,75,70,63],"gold":74,"neow_bonus":"RANDOM_COMMON_RELIC","is_prod":false,"is_daily":false,"chose_seed":false,"campfire_upgraded":1,"win_rate":0,"timestamp":1559741993,"path_taken":["M","M","?","?","?","R","E","M","T","$","E","M","E","M","R","BOSS","M","?","M","?","M","R","$","E","T","M","E","M","$","E","R","BOSS","M","M","?","$","?","E","M","E","T","?","E","R","?","M","R","BOSS","R","$","E","BOSS"],"build_version":"2019-01-23","purchased_purges":2,"victory":true,"max_hp_per_floor":[75,75,75,75,75,75,75,75,75,75,75,75,75,75,75,75,75,75,75,75,75,75,75,75,75,75,75,75,75,75,75,75,75,75,75,75,75,75,75,75,75,75,75,75,75,75,75,75,75,75,75,75,75,75,75],"card_choices":[{"not_picked":["Loop","Go for the Eyes"],"picked":"Coolheaded","floor":1.0},{"not_picked":["Chaos","Leap"],"picked":"Static Discharge","floor":2.0},{"not_picked":["Reinforced Body","Melter"],"picked":"Glacier","floor":4.0},{"not_picked":["Beam Cell","Conserve Battery"],"picked":"Compile Driver","floor":7.0},{"not_picked":["Gash","Hologram"],"picked":"Defragment","floor":8.0},{"not_picked":["Multi-Cast","Lockon"],"picked":"Steam","floor":11.0},{"not_picked":["Cold Snap","Go for the Eyes"],"picked":"Loop","floor":12.0},{"not_picked":["Lockon","Beam Cell","Coolheaded"],"picked":"SKIP","floor":13.0},{"not_picked":["Chaos","Cold Snap"],"picked":"Seek","floor":14.0},{"not_picked":["Amplify","Buffer"],"picked":"Echo Form","floor":16.0},{"not_picked":["Conserve Battery","Aggregate","Barrage+1"],"picked":"SKIP","floor":18.0},{"not_picked":["Gash+1","Undo"],"picked":"Aggregate+1","floor":20.0},{"not_picked":["Cold Snap","Aggregate","Rebound"],"picked":"SKIP","floor":21},{"not_picked":["Consume+1","Hologram"],"picked":"Redo+1","floor":22},{"not_picked":["Undo","Turbo"],"picked":"Redo+1","floor":25},{"not_picked":["Ball Lightning","Chill"],"picked":"Conserve Battery+1","floor":27},{"not_picked":["Rebound","Gash","Beam Cell+1"],"picked":"SKIP","floor":28},{"not_picked":["Hyperbeam","Consume","Redo"],"picked":"SKIP","floor":29},{"not_picked":["Turbo","Reprogram"],"picked":"White Noise","floor":31},{"not_picked":["Hyperbeam","All For One"],"picked":"Creative AI","floor":33},{"not_picked":["Stack","Hologram","Barrage"],"picked":"SKIP","floor":35},{"not_picked":["Sweeping Beam+1","Hologram+1","Go for the Eyes"],"picked":"SKIP","floor":36},{"not_picked":["Genetic Algorithm+1","Aggregate"],"picked":"Reinforced Body","floor":39},{"not_picked":["Genetic Algorithm","Blizzard+1","Force Field"],"picked":"SKIP","floor":40},{"not_picked":["Turbo+1","Storm","Stack+1"],"picked":"SKIP","floor":41},{"not_picked":["Streamline+1","Loop+1","Rebound+1"],"picked":"SKIP","floor":42},{"not_picked":["Skim+1","Thunder Strike","Undo+1"],"picked":"SKIP","floor":45},{"not_picked":["Beam Cell","Rebound+1"],"picked":"Coolheaded+1","floor":47},{"not_picked":["Go for the Eyes","Skim+1","Gash"],"picked":"SKIP","floor":48},{"not_picked":["Static Discharge+1","Turbo+1"],"picked":"Undo+1","floor":54}],"player_experience":909966,"relics_obtained":[{"floor":7.0,"key":"Bronze Scales"},{"floor":9.0,"key":"Meat on the Bone"},{"floor":11.0,"key":"Emotion Chip"},{"floor":13.0,"key":"Regal Pillow"},{"floor":25,"key":"Blue Candle"},{"floor":26,"key":"Whetstone"},{"floor":28,"key":"PreservedInsect"},{"floor":31,"key":"Ancient Tea Set"},{"floor":40,"key":"Anchor"},{"floor":42,"key":"Bird Faced Urn"},{"floor":45,"key":"Toxic Egg 2"},{"floor":54,"key":"Pen Nib"}],"event_choices":[{"cards_removed":["Strike_B"],"damage_healed":0.0,"max_hp_gain":0.0,"max_hp_loss":0.0,"gold_gain":0.0,"event_name":"Purifier","player_choice":"Purged","floor":3.0,"gold_loss":0.0,"damage_taken":0.0},{"damage_healed":0.0,"max_hp_gain":0.0,"max_hp_loss":0.0,"gold_gain":0.0,"event_name":"Golden Idol","player_choice":"Ignored","floor":5.0,"gold_loss":0.0,"damage_taken":0.0},{"damage_healed":0.0,"max_hp_gain":0.0,"max_hp_loss":0.0,"gold_gain":0.0,"event_name":"Duplicator","player_choice":"Copied","floor":19.0,"gold_loss":0.0,"damage_taken":0.0,"cards_obtained":["Defragment"]},{"damage_healed":0,"gold_gain":0,"player_choice":"Upgraded","damage_taken":0,"max_hp_gain":0,"max_hp_loss":0,"event_name":"Upgrade Shrine","floor":37,"gold_loss":0,"cards_upgraded":["Apotheosis"]},{"cards_removed":["Defend_B"],"damage_healed":0,"gold_gain":0,"player_choice":"Offered Basic","damage_taken":0,"max_hp_gain":0,"max_hp_loss":0,"event_name":"Bonfire Elementals","floor":44,"gold_loss":0}],"is_beta":false,"boss_relics":[{"not_picked":["Cursed Key","Eternal Feather"],"picked":"Fusion Hammer"},{"not_picked":["Nuclear Battery","Runic Pyramid"],"picked":"FrozenCore"}],"items_purged_floors":[30,38],"is_endless":false,"potions_floor_spawned":[4,7,8,11,12,18,20,22,25,36,40,42,48],"ascension_level":6}