{"gold_per_floor":[112,112,130,130,148,175,175,48,48,48,48,74,90,103,103,202,202,221,232,32,32,32],"floor_reached":22,"playtime":1689,"items_purged":[],"score":213,"play_id":"6d9e639f-c66d-48cc-897d-ebdfdf26d62d","local_time":"20190406152449","is_ascension_mode":true,"campfire_choices":[{"data":"Armaments","floor":7.0,"key":"SMITH"},{"floor":15.0,"key":"REST"}],"neow_cost":"NONE","seed_source_timestamp":2035184249127103,"circlet_count":0,"master_deck":["Strike_R","Strike_R","Strike_R","Strike_R","Strike_R","Defend_R","Defend_R","Defend_R","Defend_R","Bash+1","Limit Break","Flex","Clash","Headbutt","Armaments+1","Demon Form+1","Shrug It Off","Pommel Strike","Berserk+1","Pommel Strike","Berserk+1","Shockwave"],"special_seed":0,"relics":["Burning Blood","Frozen Egg 2","Bronze Scales","NlothsMask","Bird Faced Urn","White Beast Statue","Toy Ornithopter"],"potions_floor_usage":[22],"damage_taken":[{"damage":13.0,"enemies":"Jaw Worm","floor":1.0,"turns":4.0},{"damage":0.0,"enemies":"Small Slimes","floor":3.0,"turns":3.0},{"damage":0.0,"enemies":"Cultist","floor":5.0,"turns":2.0},{"damage":26.0,"enemies":"3 Sentries","floor":6.0,"turns":7.0},{"damage":25.0,"enemies":"Gremlin Nob","floor":12.0,"turns":5.0},{"damage":13.0,"enemies":"Large Slime","floor":13.0,"turns":5.0},{"damage":5.0,"enemies":"2 Fungi Beasts","floor":14.0,"turns":4.0},{"damage":38.0,"enemies":"Hexaghost","floor":16.0,"turns":7.0},{"damage":35.0,"enemies":"Shell Parasite","floor":18.0,"turns":4.0},{"damage":34.0,"enemies":"Spheric Guardian","floor":19.0,"turns":4.0},{"damage":51.0,"enemies":"Colosseum Slavers","floor":21.0,"turns":4.0},{"damage":42,"enemies":"Shelled Parasite and Fungi","floor":22,"turns":4}],"seed_played":"-6152231991661029846","potions_obtained":[{"floor":1.0,"key":"LiquidBronze"},{"floor":12.0,"key":"GamblersBrew"},{"floor":13.0,"key":"Regen Potion"},{"floor":14.0,"key":"SpeedPotion"},{"floor":18.0,"key":"Dexterity Potion"},{"floor":19.0,"key":"FearPotion"}],"is_trial":false,"path_per_floor":["M","?","M","$","M","E","R","$","T","?","?","E","M","M","R","B",null,"M","M","$","?","M"],"character_chosen":"IRONCLAD","items_purchased":["Demon Form+1","Shrug It Off","Toy Ornithopter"],"campfire_rested":1,"item_purchase_floors":[8,8,20],"current_hp_per_floor":[73,73,79,79,80,60,60,60,60,60,60,41,36,39,63,35,80,55,33,33,16,0],"gold":32,"neow_bonus":"ONE_RANDOM_RARE_CARD","is_prod":false,"is_daily":false,"chose_seed":false,"campfire_upgraded":1,"win_rate":0,"timestamp":1554557089,"path_taken":["M","?","M","$","M","E","R","$","T","?","?","E","?","M","R","BOSS","M","M","$","?","M"],"build_version":"2019-01-23","purchased_purges":0,"victory":false,"max_hp_per_floor":[80,80,80,80,80,80,80,80,80,80,80,80,80,80,80,80,80,80,80,80,80,80],"card_choices":[{"not_picked":["Whirlwind","Clothesline"],"picked":"Flex","floor":1.0},{"not_picked":["Carnage","Anger"],"picked":"Clash","floor":3.0},{"not_picked":["Twin Strike","Bloodletting"],"picked":"Headbutt","floor":5.0},{"not_picked":["Flex","Infernal Blade"],"picked":"Armaments","floor":6.0},{"not_picked":["Battle Trance","Heavy Blade"],"picked":"Pommel Strike","floor":12.0},{"not_picked":["Clothesline","Perfected Strike"],"picked":"Berserk+1","floor":13.0},{"not_picked":["Headbutt","Power Through"],"picked":"Pommel Strike","floor":14.0},{"not_picked":["Feed","Bludgeon"],"picked":"Berserk+1","floor":16.0},{"not_picked":["Shrug It Off","Twin Strike"],"picked":"Shockwave","floor":18.0},{"not_picked":["Burning Pact","Pommel Strike","Armaments"],"picked":"SKIP","floor":19.0}],"player_experience":91951,"relics_obtained":[{"floor":6.0,"key":"Frozen Egg 2"},{"floor":9.0,"key":"Bronze Scales"},{"floor":12.0,"key":"Bird Faced Urn"}],"event_choices":[{"damage_healed":0.0,"max_hp_gain":0.0,"max_hp_loss":0.0,"gold_gain":0.0,"event_name":"Living Wall","player_choice":"Grow","floor":2.0,"gold_loss":0.0,"damage_taken":0.0,"cards_upgraded":["Bash"]},{"damage_healed":0.0,"max_hp_gain":0.0,"max_hp_loss":0.0,"gold_gain":0.0,"event_name":"Dead Adventurer","player_choice":"Searched \u00270\u0027 times","floor":10.0,"gold_loss":0.0,"damage_taken":0.0},{"damage_healed":0.0,"max_hp_gain":0.0,"max_hp_loss":0.0,"gold_gain":0.0,"event_name":"FaceTrader","player_choice":"Trade","floor":11.0,"gold_loss":0.0,"damage_taken":0.0,"relics_obtained":["NlothsMask"]},{"damage_healed":0.0,"max_hp_gain":0.0,"max_hp_loss":0.0,"gold_gain":0.0,"event_name":"Colosseum","player_choice":"Fight","floor":21.0,"gold_loss":0.0,"damage_taken":0.0},{"damage_healed":0.0,"max_hp_gain":0.0,"max_hp_loss":0.0,"gold_gain":0.0,"event_name":"Colosseum","player_choice":"Fled From Nobs","floor":21.0,"gold_loss":0.0,"damage_taken":0.0}],"is_beta":false,"boss_relics":[{"not_picked":["Tiny House","Orrery"],"picked":"White Beast Statue"}],"items_purged_floors":[],"is_endless":false,"potions_floor_spawned":[1,12,13,14,18,19,21],"killed_by":"Shelled Parasite and Fungi","ascension_level":2}