{"gold_per_floor":[117,117,184,184,196,225,225,251,251,283,61,73,73,86,86,163,163,176,176,194,194,194,194,206,206],"floor_reached":25,"playtime":1427,"items_purged":[],"score":464,"play_id":"615647de-e491-4b9a-9263-e0c1084a0341","local_time":"20190613094501","is_ascension_mode":true,"campfire_choices":[{"data":"Feel No Pain","floor":7,"key":"SMITH"},{"data":"Seeing Red","floor":13,"key":"SMITH"},{"data":"Shockwave","floor":15,"key":"SMITH"},{"data":"Barricade","floor":23,"key":"SMITH"}],"neow_cost":"NONE","seed_source_timestamp":2253041029455532,"circlet_count":0,"master_deck":["AscendersBane","Strike_R+1","Strike_R+1","Strike_R+1","Strike_R+1","Strike_R+1","Defend_R+1","Defend_R+1","Defend_R+1","Defend_R+1","Bash","Headbutt+1","Feel No Pain+1","Iron Wave+1","Feel No Pain","Seeing Red+1","Intimidate","Shockwave+1","Barricade+1","Havoc","Pummel+1","Writhe","Warcry+1"],"relics":["Burning Blood","NeowsBlessing","Molten Egg 2","Bird Faced Urn","Singing Bowl","Darkstone Periapt","Vajra","Eternal Feather","Orichalcum"],"potions_floor_usage":[4,6,16,16,25,25],"damage_taken":[{"damage":0,"enemies":"2 Louse","floor":1,"turns":1},{"damage":0,"enemies":"Small Slimes","floor":5,"turns":1},{"damage":0,"enemies":"Gremlin Nob","floor":6,"turns":1},{"damage":53,"enemies":"Lagavulin","floor":8,"turns":9},{"damage":13,"enemies":"3 Sentries","floor":10,"turns":13},{"damage":0,"enemies":"Cultist","floor":12,"turns":4},{"damage":6,"enemies":"3 Louse","floor":14,"turns":5},{"damage":24,"enemies":"The Guardian","floor":16,"turns":14},{"damage":28,"enemies":"3 Byrds","floor":18,"turns":12},{"damage":27,"enemies":"Spheric Guardian","floor":20,"turns":6},{"damage":25,"enemies":"Cultist and Chosen","floor":24,"turns":12},{"damage":58,"enemies":"Book of Stabbing","floor":25,"turns":5}],"seed_played":"-6299582258986709176","potions_obtained":[{"floor":4,"key":"Fruit Juice"},{"floor":4,"key":"Strength Potion"},{"floor":8,"key":"SneckoOil"},{"floor":14,"key":"Block Potion"},{"floor":18,"key":"Regen Potion"},{"floor":24,"key":"Poison Potion"}],"is_trial":false,"path_per_floor":["M","?","?","?","M","E","R","E","T","E","$","M","R","M","R","B",null,"M","?","M","?","?","R","M","E"],"character_chosen":"IRONCLAD","items_purchased":["Vajra","Energy Potion"],"campfire_rested":0,"item_purchase_floors":[11,11],"current_hp_per_floor":[74,74,74,79,80,80,80,33,33,30,30,38,38,42,42,28,67,51,51,34,40,40,52,39,0],"gold":206,"neow_bonus":"THREE_ENEMY_KILL","is_prod":false,"is_daily":false,"chose_seed":false,"campfire_upgraded":4,"win_rate":0,"timestamp":1560429901,"path_taken":["M","?","?","?","?","E","R","E","T","E","$","M","R","M","R","BOSS","M","?","M","?","?","R","M","E"],"build_version":"2019-01-23","purchased_purges":0,"victory":false,"max_hp_per_floor":[75,75,75,80,80,80,80,80,80,80,80,80,80,80,80,80,80,80,80,80,86,86,86,86,86],"card_choices":[{"not_picked":["Thunderclap","Flex"],"picked":"Headbutt","floor":1},{"not_picked":["Searing Blow","Clash"],"picked":"Feel No Pain","floor":5},{"not_picked":["Sentinel","Rampage"],"picked":"Iron Wave","floor":6},{"not_picked":["Flex","Flame Barrier"],"picked":"Feel No Pain","floor":8},{"not_picked":["Hemokinesis+1","Shrug It Off"],"picked":"Seeing Red","floor":10},{"not_picked":["Pommel Strike+1","Power Through"],"picked":"Intimidate","floor":12},{"not_picked":["Second Wind","Searing Blow+1"],"picked":"Shockwave","floor":14},{"not_picked":["Fiend Fire+1","Berserk"],"picked":"Barricade","floor":16},{"not_picked":["Hemokinesis+1","Twin Strike+1"],"picked":"Havoc","floor":18},{"not_picked":["Rampage+1","Havoc"],"picked":"Pummel+1","floor":20},{"not_picked":["Flex","Intimidate"],"picked":"Warcry+1","floor":24}],"player_experience":1016168,"relics_obtained":[{"floor":6,"key":"Molten Egg 2"},{"floor":8,"key":"Bird Faced Urn"},{"floor":9,"key":"Singing Bowl"},{"floor":10,"key":"Darkstone Periapt"}],"event_choices":[{"damage_healed":0,"gold_gain":0,"player_choice":"Grow","damage_taken":0,"max_hp_gain":0,"max_hp_loss":0,"event_name":"Living Wall","floor":2,"gold_loss":0,"cards_upgraded":["Headbutt"]},{"damage_healed":0,"gold_gain":67,"player_choice":"Gained Gold","damage_taken":0,"max_hp_gain":0,"max_hp_loss":0,"event_name":"Golden Wing","floor":3,"gold_loss":0},{"damage_healed":0,"gold_gain":0,"player_choice":"Got Potions","damage_taken":0,"max_hp_gain":0,"max_hp_loss":0,"event_name":"Lab","floor":4,"gold_loss":0},{"damage_healed":0,"gold_gain":0,"player_choice":"Simplicity","damage_taken":0,"max_hp_gain":0,"max_hp_loss":0,"event_name":"Back to Basics","floor":19,"gold_loss":0,"cards_upgraded":["Strike_R","Strike_R","Strike_R","Strike_R","Strike_R","Defend_R","Defend_R","Defend_R","Defend_R"]},{"damage_healed":0,"gold_gain":0,"player_choice":"Opened","damage_taken":0,"relics_obtained":["Orichalcum"],"max_hp_gain":0,"max_hp_loss":0,"event_name":"The Mausoleum","floor":21,"gold_loss":0,"cards_obtained":["Writhe"]},{"damage_healed":0,"gold_gain":0,"player_choice":"Ignored","damage_taken":0,"max_hp_gain":0,"max_hp_loss":0,"event_name":"Cursed Tome","floor":22,"gold_loss":0}],"is_beta":false,"boss_relics":[{"not_picked":["Calling Bell","Pandora\u0027s Box"],"picked":"Eternal Feather"}],"items_purged_floors":[],"is_endless":false,"potions_floor_spawned":[8,12,14,18,24],"killed_by":"Book of Stabbing","ascension_level":18}