{"gold_per_floor":[115,132,207,225,127,127,102,102,102,120,120,132,132,132,132,237,237,248,248,52,62,62,75,101,101,175,175],"floor_reached":27,"playtime":570,"items_purged":[],"score":221,"play_id":"980777c1-52a0-4cd2-ab4c-ebce8776de9f","local_time":"20190414191900","is_ascension_mode":false,"campfire_choices":[{"data":"Bash","floor":6,"key":"SMITH"},{"data":"Armaments","floor":8,"key":"SMITH"},{"data":"Juggernaut","floor":15,"key":"SMITH"},{"floor":25,"key":"REST"}],"neow_cost":"NONE","seed_source_timestamp":325841419632164,"circlet_count":0,"master_deck":["Strike_R","Strike_R","Strike_R","Strike_R","Strike_R","Defend_R","Defend_R","Defend_R","Defend_R","Bash+1","Clash","Iron Wave","Iron Wave","Armaments+1","Entrench","Juggernaut+1","Seeing Red","Limit Break","Iron Wave","Cleave+1","Demon Form+1"],"relics":["Burning Blood","NeowsBlessing","Charon\u0027s Ashes","Prayer Wheel","Vajra","Frozen Egg 2","Toolbox","Nloth\u0027s Gift","Blue Candle","Ornamental Fan"],"potions_floor_usage":[12,23,24,24],"damage_taken":[{"damage":0,"enemies":"Jaw Worm","floor":1,"turns":1},{"damage":0,"enemies":"2 Louse","floor":2,"turns":1},{"damage":0,"enemies":"Cultist","floor":4,"turns":1},{"damage":5,"enemies":"Large Slime","floor":10,"turns":6},{"damage":10,"enemies":"Exordium Wildlife","floor":12,"turns":5},{"damage":43,"enemies":"Hexaghost","floor":16,"turns":9},{"damage":36,"enemies":"2 Thieves","floor":18,"turns":4},{"damage":0,"enemies":"Spheric Guardian","floor":21,"turns":3},{"damage":17,"enemies":"Shelled Parasite and Fungi","floor":23,"turns":6},{"damage":25,"enemies":"Book of Stabbing","floor":24,"turns":4},{"damage":43,"enemies":"Gremlin Leader","floor":27,"turns":4}],"seed_played":"500869657574997302","potions_obtained":[{"floor":1,"key":"SkillPotion"},{"floor":10,"key":"Fruit Juice"},{"floor":16,"key":"Energy Potion"},{"floor":21,"key":"LiquidBronze"}],"is_trial":false,"path_per_floor":["M","M","?","M","?","R","$","R","T","M","$","M","?","T","R","B",null,"M","?","$","M","?","M","E","R","T","E"],"character_chosen":"IRONCLAD","items_purchased":["Armaments","Toolbox"],"campfire_rested":1,"item_purchase_floors":[7,20],"current_hp_per_floor":[80,80,69,75,75,75,75,75,75,76,76,77,74,74,74,37,85,55,39,39,45,45,34,15,42,42,0],"gold":175,"neow_bonus":"THREE_ENEMY_KILL","is_prod":false,"is_daily":false,"chose_seed":false,"campfire_upgraded":3,"win_rate":0,"timestamp":1555262340,"path_taken":["M","M","?","M","?","R","$","R","T","?","$","M","?","?","R","BOSS","M","?","$","M","?","M","E","R","T","E"],"build_version":"2019-01-23","purchased_purges":0,"victory":false,"max_hp_per_floor":[80,80,80,80,80,80,80,80,80,80,80,85,85,85,85,85,85,85,90,90,90,90,90,90,90,90,90],"card_choices":[{"not_picked":["Burning Pact","Sentinel"],"picked":"Clash","floor":1},{"not_picked":["Perfected Strike","Clothesline"],"picked":"Iron Wave","floor":2},{"not_picked":["Shrug It Off","Dual Wield"],"picked":"Iron Wave","floor":4},{"not_picked":["Thunderclap","Heavy Blade"],"picked":"Entrench","floor":10},{"not_picked":["Second Wind","Clash"],"picked":"Juggernaut","floor":10},{"not_picked":["Havoc","Headbutt"],"picked":"Seeing Red","floor":12},{"not_picked":["Fire Breathing","Twin Strike","Armaments"],"picked":"SKIP","floor":12},{"not_picked":["Berserk+1","Fiend Fire"],"picked":"Limit Break","floor":16},{"not_picked":["True Grit","Anger","Uppercut"],"picked":"SKIP","floor":18},{"not_picked":["Anger+1","Warcry","Havoc+1"],"picked":"SKIP","floor":18},{"not_picked":["Thunderclap+1","Havoc"],"picked":"Iron Wave","floor":21},{"not_picked":["Hemokinesis","Feel No Pain+1","Intimidate"],"picked":"SKIP","floor":21},{"not_picked":["Battle Trance","Armaments"],"picked":"Cleave+1","floor":23},{"not_picked":["Thunderclap","Brutality+1","Havoc"],"picked":"SKIP","floor":23},{"not_picked":["Sword Boomerang+1","Clash"],"picked":"Demon Form+1","floor":24}],"player_experience":113613,"relics_obtained":[{"floor":9,"key":"Prayer Wheel"},{"floor":14,"key":"Frozen Egg 2"},{"floor":24,"key":"Blue Candle"},{"floor":26,"key":"Ornamental Fan"}],"event_choices":[{"damage_healed":0,"gold_gain":75,"player_choice":"Gather Gold","damage_taken":11,"max_hp_gain":0,"max_hp_loss":0,"event_name":"World of Goop","floor":3,"gold_loss":0},{"damage_healed":0,"gold_gain":0,"player_choice":"Paid Gold","damage_taken":0,"relics_obtained":["Charon\u0027s Ashes"],"max_hp_gain":0,"max_hp_loss":0,"event_name":"WeMeetAgain","floor":5,"gold_loss":98},{"damage_healed":0,"gold_gain":0,"player_choice":"Success","damage_taken":3,"relics_obtained":["Vajra"],"max_hp_gain":0,"max_hp_loss":0,"event_name":"Scrap Ooze","floor":13,"gold_loss":0},{"damage_healed":0,"gold_gain":0,"player_choice":"Shed Blood","damage_taken":21,"max_hp_gain":5,"max_hp_loss":0,"event_name":"Forgotten Altar","floor":19,"gold_loss":0},{"damage_healed":0,"gold_gain":0,"player_choice":"Traded Relic","damage_taken":0,"relics_obtained":["Nloth\u0027s Gift"],"max_hp_gain":0,"max_hp_loss":0,"event_name":"N\u0027loth","floor":22,"relics_lost":["Fusion Hammer"],"gold_loss":0}],"is_beta":false,"boss_relics":[{"not_picked":["Eternal Feather","Mark of Pain"],"picked":"Fusion Hammer"}],"items_purged_floors":[],"is_endless":false,"potions_floor_spawned":[1,10,16,21],"killed_by":"Gremlin Leader","ascension_level":0}