{"gold_per_floor":[114,126,126,49,68,102,102,119,119,131,148,180,180,180,180,283,283,294,313,327,352,277,277,306,150,176,201,201,215,215,215,215,320,320,339,391,402,418,434,468,482,482,482,482,462,474,484,495,495,495],"floor_reached":51,"playtime":3085,"items_purged":["Strike_B"],"score":1081,"play_id":"64b93c51-edc1-4b72-ba71-529304d8e5c4","local_time":"20190622085707","is_ascension_mode":true,"campfire_choices":[{"data":"Defragment","floor":7,"key":"SMITH"},{"data":"Zap","floor":15,"key":"SMITH"},{"data":"Fission","floor":23,"key":"SMITH"},{"floor":30,"key":"REST"},{"floor":32,"key":"REST"},{"data":"Dualcast","floor":42,"key":"SMITH"},{"floor":44,"key":"RECALL"},{"data":"Coolheaded","floor":49,"key":"SMITH"}],"neow_cost":"NONE","seed_source_timestamp":407830046373896,"circlet_count":0,"master_deck":["AscendersBane","Strike_B+1","Strike_B+1","Defend_B+1","Defend_B+1","Defend_B+1","Defend_B+1","Zap+1","Dualcast+1","Defragment+1","Sunder","Coolheaded+1","Ball Lightning","Compile Driver","Hologram+1","Buffer+1","Fission+1","Storm+1","Loop+1","BootSequence+1","Rebound","Capacitor+1","Electrodynamics+1","Self Repair+1","Echo Form+1","Fusion+1","Go for the Eyes+1","Storm+1"],"relics":["FrozenCore","Whetstone","Orichalcum","Frozen Egg 2","Unceasing Top","CultistMask","Philosopher\u0027s Stone","Boot","Torii","Oddly Smooth Stone","Darkstone Periapt","Enchiridion","Bird Faced Urn","DataDisk","Bottled Tornado"],"potions_floor_usage":[6,12,19,20,24,27,36,40,50],"damage_taken":[{"damage":10,"enemies":"2 Louse","floor":1,"turns":3},{"damage":1,"enemies":"Cultist","floor":2,"turns":3},{"damage":0,"enemies":"Small Slimes","floor":5,"turns":2},{"damage":14,"enemies":"3 Sentries","floor":6,"turns":7},{"damage":3,"enemies":"Red Slaver","floor":8,"turns":3},{"damage":4,"enemies":"Exordium Wildlife","floor":10,"turns":4},{"damage":7,"enemies":"2 Fungi Beasts","floor":11,"turns":3},{"damage":3,"enemies":"Gremlin Nob","floor":12,"turns":4},{"damage":23,"enemies":"Hexaghost","floor":16,"turns":10},{"damage":0,"enemies":"Chosen","floor":18,"turns":4},{"damage":0,"enemies":"Shell Parasite","floor":19,"turns":6},{"damage":0,"enemies":"Snecko","floor":20,"turns":4},{"damage":22,"enemies":"Gremlin Leader","floor":24,"turns":6},{"damage":1,"enemies":"Slavers","floor":27,"turns":4},{"damage":8,"enemies":"3 Cultists","floor":29,"turns":4},{"damage":22,"enemies":"Champ","floor":33,"turns":9},{"damage":1,"enemies":"Orb Walker","floor":35,"turns":3},{"damage":1,"enemies":"2 Orb Walkers","floor":36,"turns":3},{"damage":8,"enemies":"3 Shapes","floor":37,"turns":3},{"damage":1,"enemies":"Transient","floor":38,"turns":5},{"damage":19,"enemies":"4 Shapes","floor":39,"turns":3},{"damage":45,"enemies":"Nemesis","floor":40,"turns":5},{"damage":10,"enemies":"Sphere and 2 Shapes","floor":41,"turns":2},{"damage":17,"enemies":"Spire Growth","floor":46,"turns":4},{"damage":0,"enemies":"3 Darklings","floor":47,"turns":1},{"damage":0,"enemies":"Maw","floor":48,"turns":6},{"damage":13,"enemies":"Donu and Deca","floor":50,"turns":6}],"seed_played":"478314768954508068","potions_obtained":[{"floor":1,"key":"Swift Potion"},{"floor":3,"key":"Energy Potion"},{"floor":6,"key":"Weak Potion"},{"floor":12,"key":"GamblersBrew"},{"floor":19,"key":"Block Potion"},{"floor":24,"key":"Strength Potion"},{"floor":33,"key":"SkillPotion"},{"floor":35,"key":"SteroidPotion"},{"floor":36,"key":"Ancient Potion"},{"floor":37,"key":"Regen Potion"},{"floor":45,"key":"SpeedPotion"}],"is_trial":false,"path_per_floor":["M","M","?","$","M","E","R","M","T","M","M","E","?","?","R","B",null,"M","M","M","T","?","R","E","$","T","E","?","M","R","?","R","B",null,"M","?","M","M","M","E","M","R","T","R","?","M","M","M","R","B",null],"character_chosen":"DEFECT","items_purchased":["Sunder","Capacitor+1"],"campfire_rested":2,"item_purchase_floors":[4,25],"current_hp_per_floor":[58,57,57,57,57,43,43,40,40,36,29,26,26,26,26,3,57,57,57,57,57,57,57,35,35,35,34,18,10,32,32,54,42,67,75,74,75,75,75,61,63,63,63,63,63,62,70,75,75,75],"gold":495,"neow_bonus":"RANDOM_COMMON_RELIC","is_prod":false,"is_daily":false,"chose_seed":false,"campfire_upgraded":5,"win_rate":0,"timestamp":1561204627,"path_taken":["M","M","?","$","M","E","R","M","T","M","?","E","?","?","R","BOSS","M","M","M","?","?","R","E","$","T","E","?","?","R","?","R","BOSS","M","?","M","M","M","E","M","R","T","R","?","M","M","M","R","BOSS"],"build_version":"2019-01-23","purchased_purges":1,"victory":true,"max_hp_per_floor":[75,75,75,75,75,75,75,75,75,75,75,75,75,75,75,75,75,75,75,75,75,75,75,75,75,75,75,75,75,75,75,75,75,75,75,75,75,75,75,75,75,75,75,75,75,75,75,75,75,75],"card_choices":[{"not_picked":["Steam","Doom and Gloom"],"picked":"Defragment","floor":1},{"not_picked":["Recycle","Blizzard","Skim"],"picked":"SKIP","floor":2},{"not_picked":["Chaos","Hologram"],"picked":"Coolheaded","floor":5},{"not_picked":["Seek","Leap"],"picked":"Ball Lightning","floor":6},{"not_picked":["Turbo","Gash"],"picked":"Compile Driver","floor":8},{"not_picked":["Barrage","Compile Driver"],"picked":"Hologram","floor":10},{"not_picked":["Turbo","Stack","Hologram"],"picked":"SKIP","floor":11},{"not_picked":["White Noise","Ball Lightning"],"picked":"Buffer+1","floor":12},{"not_picked":["Multi-Cast","Amplify"],"picked":"Fission","floor":16},{"not_picked":["Force Field","Scrape"],"picked":"Storm+1","floor":18},{"not_picked":["Sunder+1","Compile Driver"],"picked":"Loop+1","floor":19},{"not_picked":["Sweeping Beam","Go for the Eyes"],"picked":"BootSequence+1","floor":20},{"not_picked":["Genetic Algorithm","Chaos"],"picked":"Rebound","floor":24},{"not_picked":["Cold Snap","Recycle+1"],"picked":"Electrodynamics+1","floor":27},{"not_picked":["Steam","Chill"],"picked":"Self Repair+1","floor":29},{"not_picked":["Electrodynamics+1","Machine Learning+1"],"picked":"Echo Form+1","floor":33},{"not_picked":["Turbo+1","Chill","Blizzard"],"picked":"SKIP","floor":35},{"not_picked":["Chaos","Go for the Eyes"],"picked":"Fusion+1","floor":36},{"not_picked":["Conserve Battery","Loop+1"],"picked":"Go for the Eyes+1","floor":37},{"not_picked":["Hello World+1","Thunder Strike"],"picked":"Storm+1","floor":38},{"not_picked":["Conserve Battery","Tempest+1","Turbo"],"picked":"SKIP","floor":39},{"not_picked":["Storm+1","Reinforced Body","Conserve Battery+1"],"picked":"SKIP","floor":40},{"not_picked":["Leap+1","Scrape","Chill"],"picked":"SKIP","floor":41},{"not_picked":["Coolheaded","Beam Cell","Fission"],"picked":"SKIP","floor":46},{"not_picked":["Steam+1","Rebound+1","White Noise"],"picked":"SKIP","floor":47},{"not_picked":["Aggregate","Skim+1","Coolheaded"],"picked":"SKIP","floor":48}],"player_experience":1130979,"relics_obtained":[{"floor":6,"key":"Orichalcum"},{"floor":9,"key":"Frozen Egg 2"},{"floor":12,"key":"Unceasing Top"},{"floor":21,"key":"Boot"},{"floor":24,"key":"Torii"},{"floor":26,"key":"Oddly Smooth Stone"},{"floor":27,"key":"Darkstone Periapt"},{"floor":28,"key":"Enchiridion"},{"floor":36,"key":"Bird Faced Urn"},{"floor":40,"key":"DataDisk"},{"floor":43,"key":"Bottled Tornado"}],"event_choices":[{"damage_healed":0,"gold_gain":0,"player_choice":"Got Potions","damage_taken":0,"max_hp_gain":0,"max_hp_loss":0,"event_name":"Lab","floor":3,"gold_loss":0},{"damage_healed":0,"gold_gain":0,"player_choice":"Grow","damage_taken":0,"max_hp_gain":0,"max_hp_loss":0,"event_name":"Living Wall","floor":13,"gold_loss":0,"cards_upgraded":["Hologram"]},{"damage_healed":0,"gold_gain":0,"player_choice":"Trade","damage_taken":0,"relics_obtained":["CultistMask"],"max_hp_gain":0,"max_hp_loss":0,"event_name":"FaceTrader","floor":14,"gold_loss":0},{"cards_removed":["Strike_B"],"damage_healed":0,"gold_gain":0,"player_choice":"Gave Gold","damage_taken":0,"max_hp_gain":0,"max_hp_loss":0,"event_name":"Beggar","floor":22,"gold_loss":75},{"damage_healed":0,"gold_gain":0,"player_choice":"Obtained Book","damage_taken":16,"max_hp_gain":0,"max_hp_loss":0,"event_name":"Cursed Tome","floor":28,"gold_loss":0},{"damage_healed":0,"gold_gain":0,"player_choice":"Simplicity","damage_taken":0,"max_hp_gain":0,"max_hp_loss":0,"event_name":"Back to Basics","floor":31,"gold_loss":0,"cards_upgraded":["Defend_B","Defend_B","Defend_B","Defend_B"]},{"damage_healed":0,"gold_gain":0,"player_choice":"Fight","damage_taken":0,"max_hp_gain":0,"max_hp_loss":0,"event_name":"Mysterious Sphere","floor":36,"gold_loss":0},{"damage_healed":0,"gold_gain":0,"player_choice":"Bought 1 Potion","damage_taken":0,"max_hp_gain":0,"max_hp_loss":0,"event_name":"The Woman in Blue","floor":45,"gold_loss":0}],"is_beta":false,"boss_relics":[{"not_picked":["Calling Bell","Inserter"],"picked":"Philosopher\u0027s Stone"},{"not_picked":["White Beast Statue","Nuclear Battery"],"picked":"FrozenCore"}],"items_purged_floors":[25],"is_endless":false,"potions_floor_spawned":[1,5,6,12,16,19,24,33,35,36,37,46],"ascension_level":11}