{"gold_per_floor":[17,28,28,44,96,96,124,124,124,141,171,187,187,221,221,317,317,332,247,259,259],"floor_reached":21,"playtime":1337,"items_purged":[],"score":229,"play_id":"2c6409fa-7af3-429b-a8a0-f76c5ba225a4","local_time":"20190601081206","is_ascension_mode":true,"campfire_choices":[{"data":"Zap","floor":6,"key":"SMITH"},{"floor":8,"key":"REST"},{"floor":13,"key":"REST"},{"data":"Blizzard","floor":15,"key":"SMITH"}],"neow_cost":"NO_GOLD","seed_source_timestamp":1210765364835893,"circlet_count":0,"master_deck":["Strike_B","Strike_B","Strike_B","Strike_B","Defend_B","Defend_B","Defend_B","Defend_B","Zap+1","Dualcast","Creative AI+1","Cold Snap","Blizzard+1","Conserve Battery","Coolheaded","Streamline","Sunder","Reboot","Shame","Pain","Injury","Reinforced Body+1","Glacier"],"relics":["Cracked Core","Strawberry","Bag of Preparation","Blue Candle","Lantern","Kunai","Calling Bell","Happy Flower","Sundial","Pocketwatch","Molten Egg 2"],"potions_floor_usage":[7,11],"damage_taken":[{"damage":16,"enemies":"Small Slimes","floor":1,"turns":3},{"damage":9,"enemies":"Cultist","floor":2,"turns":5},{"damage":7,"enemies":"Jaw Worm","floor":4,"turns":3},{"damage":26,"enemies":"Gremlin Nob","floor":7,"turns":6},{"damage":0,"enemies":"Large Slime","floor":10,"turns":7},{"damage":12,"enemies":"Lagavulin","floor":11,"turns":11},{"damage":5,"enemies":"3 Louse","floor":12,"turns":3},{"damage":8,"enemies":"Gremlin Nob","floor":14,"turns":5},{"damage":26,"enemies":"Slime Boss","floor":16,"turns":9},{"damage":26,"enemies":"2 Thieves","floor":18,"turns":4},{"damage":24,"enemies":"Shell Parasite","floor":20,"turns":6},{"damage":38,"enemies":"3 Cultists","floor":21,"turns":5}],"seed_played":"-3650614923588077908","potions_obtained":[{"floor":2,"key":"Dexterity Potion"},{"floor":4,"key":"Weak Potion"},{"floor":14,"key":"Poison Potion"},{"floor":20,"key":"Dexterity Potion"}],"is_trial":false,"path_per_floor":["M","M","?","M","T","R","E","R","T","M","E","M","R","E","R","B",null,"M","?","M","M"],"character_chosen":"DEFECT","items_purchased":[],"campfire_rested":2,"item_purchase_floors":[],"current_hp_per_floor":[59,50,50,43,50,50,24,48,48,48,36,31,55,47,47,21,82,56,56,32,0],"gold":259,"neow_bonus":"THREE_RARE_CARDS","is_prod":false,"is_daily":false,"chose_seed":false,"campfire_upgraded":2,"win_rate":0,"timestamp":1559387526,"path_taken":["M","M","?","?","?","R","E","R","T","M","E","M","R","E","R","BOSS","M","?","M","M"],"build_version":"2019-01-23","purchased_purges":0,"victory":false,"max_hp_per_floor":[75,75,75,75,82,82,82,82,82,82,82,82,82,82,82,82,82,82,82,82,82],"card_choices":[{"not_picked":["Biased Cognition","Seek"],"picked":"Creative AI","floor":0},{"not_picked":["Hologram","Beam Cell","Recycle"],"picked":"SKIP","floor":1},{"not_picked":["Hologram","Stack"],"picked":"Cold Snap","floor":2},{"not_picked":["Heatsinks","Reprogram"],"picked":"Blizzard","floor":4},{"not_picked":["Sweeping Beam","Hyperbeam"],"picked":"Conserve Battery","floor":7},{"not_picked":["Darkness","Compile Driver"],"picked":"Coolheaded","floor":10},{"not_picked":["Compile Driver","Steam"],"picked":"Streamline","floor":11},{"not_picked":["Lockon","Beam Cell"],"picked":"Sunder","floor":12},{"not_picked":["Doom and Gloom","Barrage","Turbo"],"picked":"SKIP","floor":14},{"not_picked":["Echo Form","Creative AI"],"picked":"Reboot","floor":16},{"not_picked":["Beam Cell","Steam"],"picked":"Reinforced Body+1","floor":18},{"not_picked":["Ball Lightning+1","Consume"],"picked":"Glacier","floor":20}],"player_experience":841689,"relics_obtained":[{"floor":5,"key":"Strawberry"},{"floor":7,"key":"Bag of Preparation"},{"floor":9,"key":"Blue Candle"},{"floor":11,"key":"Lantern"},{"floor":14,"key":"Kunai"},{"floor":17,"key":"Happy Flower"},{"floor":17,"key":"Sundial"},{"floor":17,"key":"Pocketwatch"}],"event_choices":[{"damage_healed":0,"gold_gain":0,"player_choice":"Forge","damage_taken":0,"max_hp_gain":0,"max_hp_loss":0,"event_name":"Accursed Blacksmith","floor":3,"gold_loss":0,"cards_upgraded":["Creative AI"]},{"damage_healed":0,"gold_gain":0,"player_choice":"Obtained Relic","damage_taken":0,"relics_obtained":["Molten Egg 2"],"max_hp_gain":0,"max_hp_loss":0,"event_name":"Addict","floor":19,"gold_loss":85}],"is_beta":false,"boss_relics":[{"not_picked":["Eternal Feather","Philosopher\u0027s Stone"],"picked":"Calling Bell"}],"items_purged_floors":[],"is_endless":false,"potions_floor_spawned":[2,4,14,20],"killed_by":"3 Cultists","ascension_level":3}