{"gold_per_floor":[109,120,134,53,2,28,43,43,70,70,101,101,116,129,129,224,224,242,257,273,299,316,316,351,351,351,377,377,69,80,32,32,133,133,152,74,174,174,69,69,79,89,114,114],"floor_reached":44,"playtime":4823,"items_purged":[],"score":598,"play_id":"09815334-ed2a-4348-b591-a1d0906b2c55","local_time":"20190522224803","is_ascension_mode":true,"campfire_choices":[{"data":"Auto Shields","floor":8.0,"key":"SMITH"},{"data":"Static Discharge","floor":10.0,"key":"SMITH"},{"data":"Zap","floor":12.0,"key":"SMITH"},{"floor":15.0,"key":"REST"},{"floor":23.0,"key":"REST"},{"floor":28.0,"key":"REST"},{"data":"Turbo","floor":32.0,"key":"SMITH"},{"data":"Hologram","floor":40,"key":"SMITH"}],"neow_cost":"NONE","seed_source_timestamp":0,"circlet_count":0,"master_deck":["Zap+1","Dualcast","Compile Driver","Auto Shields+1","FTL","Static Discharge+1","Cold Snap","Cold Snap","Skim","Go for the Eyes","All For One","Seek","Compile Driver","Creative AI","Ball Lightning","Ball Lightning","Storm","Reprogram","Capacitor","Turbo+1","Fusion+1","Chill","Coolheaded","Consume","Hologram+1","Necronomicurse","Lockon+1","Meteor Strike","Machine Learning","Chill","Capacitor","Madness","Madness","Doom and Gloom","Double Energy","Tempest","Coolheaded"],"special_seed":0,"relics":["Cracked Core","Strawberry","Happy Flower","DataDisk","Dodecahedron","Pandora\u0027s Box","Red Mask","Juzu Bracelet","Necronomicon","Matryoshka","Anchor","Centennial Puzzle","Runic Pyramid","Ice Cream","Oddly Smooth Stone","Boot"],"potions_floor_usage":[42],"damage_taken":[{"damage":2.0,"enemies":"Jaw Worm","floor":1.0,"turns":3.0},{"damage":1.0,"enemies":"Cultist","floor":2.0,"turns":3.0},{"damage":8.0,"enemies":"Small Slimes","floor":3.0,"turns":3.0},{"damage":35.0,"enemies":"3 Sentries","floor":6.0,"turns":7.0},{"damage":0.0,"enemies":"2 Fungi Beasts","floor":7.0,"turns":4.0},{"damage":8.0,"enemies":"Gremlin Nob","floor":11.0,"turns":3.0},{"damage":0.0,"enemies":"Exordium Wildlife","floor":13.0,"turns":3.0},{"damage":3.0,"enemies":"Looter","floor":14.0,"turns":3.0},{"damage":25.0,"enemies":"Slime Boss","floor":16.0,"turns":7.0},{"damage":6.0,"enemies":"3 Byrds","floor":18.0,"turns":1.0},{"damage":7.0,"enemies":"Shell Parasite","floor":19.0,"turns":4.0},{"damage":4.0,"enemies":"Snecko","floor":20.0,"turns":4.0},{"damage":9.0,"enemies":"Masked Bandits","floor":21.0,"turns":3.0},{"damage":3.0,"enemies":"Snake Plant","floor":22.0,"turns":3.0},{"damage":19.0,"enemies":"Slavers","floor":24.0,"turns":5.0},{"damage":15.0,"enemies":"Gremlin Leader","floor":27.0,"turns":7.0},{"damage":2.0,"enemies":"3 Cultists","floor":30.0,"turns":4.0},{"damage":18.0,"enemies":"Automaton","floor":33.0,"turns":7.0},{"damage":8.0,"enemies":"3 Darklings","floor":35.0,"turns":4.0},{"damage":0,"enemies":"Mind Bloom Boss Battle","floor":37,"turns":3},{"damage":0,"enemies":"3 Shapes","floor":41,"turns":5},{"damage":15,"enemies":"Maw","floor":42,"turns":7},{"damage":58,"enemies":"Reptomancer","floor":44,"turns":5}],"seed_played":"3412609519398718394","potions_obtained":[{"floor":7.0,"key":"PowerPotion"},{"floor":11.0,"key":"Block Potion"},{"floor":14.0,"key":"Dexterity Potion"},{"floor":16.0,"key":"Explosive Potion"},{"floor":33.0,"key":"Block Potion"},{"floor":41,"key":"EssenceOfSteel"},{"floor":42,"key":"Strength Potion"}],"is_trial":false,"path_per_floor":["M","M","M","$","?","E","M","R","T","R","E","R","M","M","R","B",null,"M","M","M","?","M","R","E","?","T","E","R","$","M","$","R","B",null,"M","$","?","?","$","R","M","M","T","E"],"character_chosen":"DEFECT","items_purchased":["Static Discharge","Meteor Strike","Centennial Puzzle","Weak Potion","Capacitor","Doom and Gloom","Double Energy"],"campfire_rested":3,"item_purchase_floors":[4,29,29,31,36,39,39],"current_hp_per_floor":[80,79,71,71,78,43,43,43,43,43,35,35,35,32,58,33,75,69,62,58,49,46,72,53,37,37,22,48,48,46,46,46,28,74,66,66,66,55,55,55,55,40,40,0],"gold":114,"neow_bonus":"TEN_PERCENT_HP_BONUS","is_prod":false,"is_daily":false,"chose_seed":false,"campfire_upgraded":5,"win_rate":0,"timestamp":1558590483,"path_taken":["M","M","M","$","?","E","M","R","T","R","E","R","?","M","R","BOSS","M","?","M","?","M","R","E","?","T","E","R","?","M","$","R","BOSS","M","$","?","?","$","R","M","M","T","E"],"build_version":"2019-01-23","purchased_purges":0,"victory":false,"max_hp_per_floor":[82,82,82,82,89,89,89,89,89,89,89,89,89,89,89,89,89,89,89,89,89,89,89,89,89,89,89,89,89,89,89,89,89,89,89,89,89,89,89,89,89,89,89,89],"card_choices":[{"not_picked":["Go for the Eyes","Barrage"],"picked":"Compile Driver","floor":1.0},{"not_picked":["Force Field","Rebound"],"picked":"Auto Shields","floor":2.0},{"not_picked":["Hologram","Conserve Battery"],"picked":"FTL","floor":3.0},{"not_picked":["Double Energy","Redo","Conserve Battery"],"picked":"SKIP","floor":6.0},{"not_picked":["Compile Driver","Gash"],"picked":"Cold Snap","floor":7.0},{"not_picked":["Hologram","Undo"],"picked":"Cold Snap","floor":11.0},{"not_picked":["Steam","Beam Cell"],"picked":"Skim","floor":13.0},{"not_picked":["Gash","Ball Lightning"],"picked":"Go for the Eyes","floor":14.0},{"not_picked":["Meteor Strike","Fission"],"picked":"All For One","floor":16.0},{"not_picked":["Scrape","Hologram"],"picked":"Turbo","floor":18.0},{"not_picked":["Turbo+1","Sunder"],"picked":"Fusion+1","floor":19.0},{"not_picked":["Rip and Tear","Rebound+1"],"picked":"Chill","floor":20.0},{"not_picked":["Stack","Leap+1"],"picked":"Coolheaded","floor":21.0},{"not_picked":["Storm","Static Discharge"],"picked":"Consume","floor":22.0},{"not_picked":["Streamline+1","Rebound"],"picked":"Hologram","floor":24.0},{"not_picked":["Gash","Fusion"],"picked":"Lockon+1","floor":27.0},{"not_picked":["Reprogram","Chaos+1","Cold Snap"],"picked":"SKIP","floor":30.0},{"not_picked":["Multi-Cast","All For One"],"picked":"Machine Learning","floor":33.0},{"not_picked":["Steam","Turbo+1"],"picked":"Chill","floor":35.0},{"not_picked":["Redo+1","Streamline"],"picked":"Tempest","floor":41},{"not_picked":["Genetic Algorithm+1","White Noise+1"],"picked":"Coolheaded","floor":42}],"player_experience":762933,"relics_obtained":[{"floor":6.0,"key":"Happy Flower"},{"floor":9.0,"key":"DataDisk"},{"floor":11.0,"key":"Dodecahedron"},{"floor":21.0,"key":"Red Mask"},{"floor":24.0,"key":"Juzu Bracelet"},{"floor":25.0,"key":"Necronomicon"},{"floor":26.0,"key":"Matryoshka"},{"floor":27.0,"key":"Anchor"},{"floor":37,"key":"Ice Cream"},{"floor":43,"key":"Oddly Smooth Stone"},{"floor":43,"key":"Boot"}],"event_choices":[{"damage_healed":0.0,"max_hp_gain":0.0,"max_hp_loss":0.0,"gold_gain":0.0,"event_name":"WeMeetAgain","player_choice":"Paid Gold","floor":5.0,"gold_loss":51.0,"damage_taken":0.0,"relics_obtained":["Strawberry"]},{"damage_healed":0.0,"max_hp_gain":0.0,"max_hp_loss":0.0,"gold_gain":0.0,"event_name":"Masked Bandits","player_choice":"Fought Bandits","floor":21.0,"gold_loss":0.0,"damage_taken":0.0},{"damage_healed":0.0,"max_hp_gain":0.0,"max_hp_loss":0.0,"gold_gain":0.0,"event_name":"Cursed Tome","player_choice":"Obtained Book","floor":25.0,"gold_loss":0.0,"damage_taken":16.0},{"damage_healed":0,"gold_gain":0,"player_choice":"Fight","damage_taken":0,"max_hp_gain":0,"max_hp_loss":0,"event_name":"MindBloom","floor":37,"gold_loss":0},{"damage_healed":0,"gold_gain":0,"player_choice":"Embrace Madness","damage_taken":11,"max_hp_gain":0,"max_hp_loss":0,"event_name":"Winding Halls","floor":38,"gold_loss":0,"cards_obtained":["Madness","Madness"]}],"is_beta":false,"boss_relics":[{"not_picked":["Runic Dome","Eternal Feather"],"picked":"Pandora\u0027s Box"},{"not_picked":["Black Star","Philosopher\u0027s Stone"],"picked":"Runic Pyramid"}],"items_purged_floors":[],"is_endless":false,"potions_floor_spawned":[7,11,14,16,18,19,33,41,42],"killed_by":"Reptomancer","ascension_level":5}