{"gold_per_floor":[110,122,140,154,168,168,194,207,232,232,232,232,262,276,276,352,352,366,383,298,51,51,51,78,78],"floor_reached":25,"playtime":1553,"items_purged":["Perfected Strike"],"score":468,"play_id":"1bfe0967-14df-4a6a-b8dc-c36a0ae24be5","local_time":"20190614162555","is_ascension_mode":true,"campfire_choices":[{"floor":6,"key":"REST"},{"floor":10,"key":"REST"},{"data":"Rampage","floor":12,"key":"SMITH"},{"data":"Perfected Strike","floor":15,"key":"SMITH"},{"data":"Juggernaut","floor":23,"key":"SMITH"}],"neow_cost":"PERCENT_DAMAGE","seed_source_timestamp":2363368399189624,"circlet_count":0,"master_deck":["AscendersBane","Defend_R+1","Defend_R","Defend_R","Defend_R+1","Bash","Twin Strike","Headbutt","Perfected Strike+1","Clothesline","Shrug It Off","Rampage+1","Impervious","Dual Wield","Juggernaut+1","Battle Trance","Shockwave+1","Bite","Bite","Bite","Bite","Bite","Metallicize"],"relics":["Burning Blood","Bronze Scales","Dream Catcher","Unceasing Top","Runic Dome","Pen Nib","War Paint","Smiling Mask"],"potions_floor_usage":[5,7,13,13,19,25],"damage_taken":[{"damage":1,"enemies":"Cultist","floor":1,"turns":3},{"damage":0,"enemies":"2 Louse","floor":2,"turns":3},{"damage":9,"enemies":"Jaw Worm","floor":3,"turns":3},{"damage":42,"enemies":"Exordium Thugs","floor":4,"turns":5},{"damage":24,"enemies":"Large Slime","floor":5,"turns":5},{"damage":6,"enemies":"Gremlin Nob","floor":7,"turns":3},{"damage":11,"enemies":"Looter","floor":8,"turns":2},{"damage":22,"enemies":"3 Sentries","floor":13,"turns":7},{"damage":11,"enemies":"2 Fungi Beasts","floor":14,"turns":3},{"damage":38,"enemies":"Hexaghost","floor":16,"turns":11},{"damage":27,"enemies":"Shell Parasite","floor":18,"turns":6},{"damage":11,"enemies":"Spheric Guardian","floor":19,"turns":3},{"damage":45,"enemies":"Book of Stabbing","floor":24,"turns":6},{"damage":28,"enemies":"Shelled Parasite and Fungi","floor":25,"turns":3}],"seed_played":"1922154156444529171","potions_obtained":[{"floor":4,"key":"Swift Potion"},{"floor":5,"key":"Energy Potion"},{"floor":7,"key":"SkillPotion"},{"floor":8,"key":"EssenceOfSteel"},{"floor":18,"key":"AttackPotion"},{"floor":19,"key":"Regen Potion"}],"is_trial":false,"path_per_floor":["M","M","M","M","M","R","E","M","T","R","?","R","E","M","R","B",null,"M","M","?","$","?","R","E","M"],"character_chosen":"IRONCLAD","items_purchased":["War Paint"],"campfire_rested":2,"item_purchase_floors":[21],"current_hp_per_floor":[69,75,72,36,18,44,44,39,39,65,65,65,49,44,44,12,70,49,44,44,44,44,44,15,0],"gold":78,"neow_bonus":"TWENTY_PERCENT_HP_BONUS","is_prod":false,"is_daily":false,"chose_seed":false,"campfire_upgraded":3,"win_rate":0,"timestamp":1560540355,"path_taken":["M","M","M","?","M","R","E","M","T","R","?","R","E","M","R","BOSS","M","M","?","$","?","R","E","M"],"build_version":"2019-01-23","purchased_purges":1,"victory":false,"max_hp_per_floor":[89,89,89,89,89,89,89,89,89,89,89,89,89,89,89,89,89,89,89,89,89,62,62,62,62],"card_choices":[{"not_picked":["Heavy Blade","Havoc"],"picked":"Twin Strike","floor":1},{"not_picked":["Second Wind","Intimidate"],"picked":"Headbutt","floor":2},{"not_picked":["Heavy Blade","Pummel"],"picked":"Perfected Strike","floor":3},{"not_picked":["Clash","Wild Strike"],"picked":"Clothesline","floor":4},{"not_picked":["Anger","Metallicize"],"picked":"Shrug It Off","floor":5},{"not_picked":["Warcry","Carnage"],"picked":"Perfected Strike","floor":7},{"not_picked":["Shrug It Off","Burning Pact"],"picked":"Rampage","floor":8},{"not_picked":["Shrug It Off","Bloodletting"],"picked":"Impervious","floor":10},{"not_picked":["Carnage","Pummel","Headbutt"],"picked":"SKIP","floor":13},{"not_picked":["Blood for Blood","Burning Pact","Iron Wave"],"picked":"SKIP","floor":14},{"not_picked":["Brutality","Offering"],"picked":"Juggernaut","floor":16},{"not_picked":["Hemokinesis","Rupture"],"picked":"Battle Trance","floor":18},{"not_picked":["Combust","Warcry"],"picked":"Shockwave+1","floor":19},{"not_picked":["Rage","Sentinel+1"],"picked":"Metallicize","floor":24}],"player_experience":1039069,"relics_obtained":[{"floor":7,"key":"Bronze Scales"},{"floor":9,"key":"Dream Catcher"},{"floor":13,"key":"Unceasing Top"},{"floor":24,"key":"Smiling Mask"}],"event_choices":[{"damage_healed":0,"gold_gain":0,"cards_transformed":["Strike_R"],"player_choice":"Transformed","damage_taken":0,"max_hp_gain":0,"max_hp_loss":0,"event_name":"Transmorgrifier","floor":11,"gold_loss":0,"cards_obtained":["Dual Wield"]},{"damage_healed":0,"gold_gain":0,"player_choice":"Obtained Relic","damage_taken":0,"relics_obtained":["Pen Nib"],"max_hp_gain":0,"max_hp_loss":0,"event_name":"Addict","floor":20,"gold_loss":85},{"damage_healed":0,"gold_gain":0,"player_choice":"Became a vampire","damage_taken":0,"max_hp_gain":0,"max_hp_loss":27,"event_name":"Vampires","floor":22,"gold_loss":0,"cards_obtained":["Bite","Bite","Bite","Bite","Bite"]}],"is_beta":false,"boss_relics":[{"not_picked":["Philosopher\u0027s Stone","Eternal Feather"],"picked":"Runic Dome"}],"items_purged_floors":[21],"is_endless":false,"potions_floor_spawned":[4,5,7,8,18,19],"killed_by":"Shelled Parasite and Fungi","ascension_level":18}