{"gold_per_floor":[111,111,111,111,124,160,160,194,194,194,210,210],"floor_reached":12,"playtime":389,"items_purged":[],"score":211,"play_id":"c8ab1538-3b6a-4712-9cc9-81ee1d0892c6","local_time":"20190612192506","is_ascension_mode":true,"campfire_choices":[{"data":"Flame Barrier","floor":7,"key":"SMITH"}],"neow_cost":"NONE","seed_source_timestamp":2202484555452427,"circlet_count":0,"master_deck":["AscendersBane","Strike_R","Strike_R","Strike_R","Strike_R","Strike_R","Defend_R","Defend_R","Defend_R","Defend_R","Bash","Feel No Pain","Anger+1","Flame Barrier+1","Iron Wave","Ghostly Armor"],"relics":["Burning Blood","NeowsBlessing","Golden Idol","Ginger","Calipers","Blue Candle"],"potions_floor_usage":[8],"damage_taken":[{"damage":0,"enemies":"Cultist","floor":1,"turns":1},{"damage":0,"enemies":"Jaw Worm","floor":5,"turns":1},{"damage":0,"enemies":"3 Sentries","floor":6,"turns":1},{"damage":59,"enemies":"Gremlin Nob","floor":8,"turns":6},{"damage":0,"enemies":"2 Louse","floor":11,"turns":3},{"damage":35,"enemies":"Lagavulin","floor":12,"turns":8}],"seed_played":"8351191513347097825","potions_obtained":[{"floor":1,"key":"Regen Potion"}],"is_trial":false,"path_per_floor":["M","?","?","?","M","E","R","E","T","?","M","E"],"character_chosen":"IRONCLAD","items_purchased":[],"campfire_rested":0,"item_purchase_floors":[],"current_hp_per_floor":[74,74,79,51,57,63,63,24,24,24,30,0],"gold":210,"neow_bonus":"THREE_ENEMY_KILL","is_prod":false,"is_daily":false,"chose_seed":false,"campfire_upgraded":1,"win_rate":0,"timestamp":1560378306,"path_taken":["M","?","?","?","?","E","R","E","T","?","?","E"],"build_version":"2019-01-23","purchased_purges":0,"victory":false,"max_hp_per_floor":[75,75,80,80,80,80,80,80,80,80,80,80],"card_choices":[{"not_picked":["Seeing Red","Thunderclap"],"picked":"Feel No Pain","floor":1},{"not_picked":["Searing Blow","Headbutt"],"picked":"Anger","floor":5},{"not_picked":["Pommel Strike","Shrug It Off"],"picked":"Flame Barrier","floor":6},{"not_picked":["Wild Strike","Clothesline"],"picked":"Iron Wave","floor":8},{"not_picked":["Anger","True Grit"],"picked":"Ghostly Armor","floor":11}],"player_experience":1013434,"relics_obtained":[{"floor":6,"key":"Ginger"},{"floor":8,"key":"Calipers"},{"floor":9,"key":"Blue Candle"}],"event_choices":[{"damage_healed":0,"gold_gain":0,"player_choice":"Leave","damage_taken":0,"max_hp_gain":0,"max_hp_loss":0,"event_name":"The Cleric","floor":2,"gold_loss":0},{"damage_healed":0,"gold_gain":0,"player_choice":"Donut","damage_taken":0,"max_hp_gain":5,"max_hp_loss":0,"event_name":"Big Fish","floor":3,"gold_loss":0},{"damage_healed":0,"gold_gain":0,"player_choice":"Take Damage","damage_taken":28,"relics_obtained":["Golden Idol"],"max_hp_gain":0,"max_hp_loss":0,"event_name":"Golden Idol","floor":4,"gold_loss":0},{"damage_healed":0,"gold_gain":0,"player_choice":"Forge","damage_taken":0,"max_hp_gain":0,"max_hp_loss":0,"event_name":"Accursed Blacksmith","floor":10,"gold_loss":0,"cards_upgraded":["Anger"]}],"is_beta":false,"boss_relics":[],"items_purged_floors":[],"is_endless":false,"potions_floor_spawned":[1],"killed_by":"Lagavulin","ascension_level":18}