{"gold_per_floor":[111,127,127,143,93,93,128,3,3,3,36,36,54,72,72,175,175,190,190,203,203,220,220,247,147,147,147,147,165,175,50,50,155,155,166,184,34,46,346,360,185,185,185,204,223,223,23,38,38,38],"floor_reached":50,"playtime":1015,"items_purged":["Defend_R","Defend_R","Defend_R","Bash+1","Strike_R","Strike_R"],"score":474,"play_id":"4f05ea92-9022-401d-abac-a86c8e99f939","local_time":"20190418133931","is_ascension_mode":false,"campfire_choices":[{"data":"Thunderclap","floor":6.0,"key":"SMITH"},{"data":"Flex","floor":12.0,"key":"SMITH"},{"floor":15.0,"key":"REST"},{"floor":23.0,"key":"REST"},{"data":"Whirlwind","floor":27.0,"key":"SMITH"},{"data":"Flex","floor":32.0,"key":"SMITH"},{"data":"Reaper","floor":42.0,"key":"SMITH"},{"data":"Strike_R","floor":46.0,"key":"SMITH"},{"floor":49.0,"key":"REST"}],"neow_cost":"NONE","seed_source_timestamp":650473376632328,"circlet_count":0,"master_deck":["Strike_R","Strike_R+1","Strike_R","Thunderclap+1","Whirlwind+1","Flex+1","Flex+1","Reaper+1","Infernal Blade+1"],"special_seed":0,"relics":["Burning Blood","Kunai","Bag of Preparation","Happy Flower","Busted Crown","Nunchaku","Bottled Lightning","Black Star","Old Coin","Ornamental Fan"],"potions_floor_usage":[50],"damage_taken":[{"damage":11.0,"enemies":"Jaw Worm","floor":1.0,"turns":2.0},{"damage":6.0,"enemies":"Cultist","floor":2.0,"turns":3.0},{"damage":2.0,"enemies":"2 Louse","floor":4.0,"turns":2.0},{"damage":14.0,"enemies":"Gremlin Nob","floor":7.0,"turns":4.0},{"damage":11.0,"enemies":"3 Sentries","floor":11.0,"turns":3.0},{"damage":22.0,"enemies":"Exordium Thugs","floor":13.0,"turns":3.0},{"damage":2.0,"enemies":"Large Slime","floor":14.0,"turns":3.0},{"damage":74.0,"enemies":"The Guardian","floor":16.0,"turns":9.0},{"damage":34.0,"enemies":"Spheric Guardian","floor":18.0,"turns":4.0},{"damage":10.0,"enemies":"3 Byrds","floor":20.0,"turns":3.0},{"damage":23.0,"enemies":"Snecko","floor":22.0,"turns":4.0},{"damage":7.0,"enemies":"Slavers","floor":24.0,"turns":2.0},{"damage":30.0,"enemies":"Shelled Parasite and Fungi","floor":29.0,"turns":3.0},{"damage":10.0,"enemies":"Cultist and Chosen","floor":30.0,"turns":2.0},{"damage":79.0,"enemies":"Automaton","floor":33.0,"turns":7.0},{"damage":12.0,"enemies":"3 Shapes","floor":35.0,"turns":1.0},{"damage":0.0,"enemies":"3 Darklings","floor":36.0,"turns":1.0},{"damage":9.0,"enemies":"4 Shapes","floor":38.0,"turns":1.0},{"damage":6.0,"enemies":"Sphere and 2 Shapes","floor":40.0,"turns":1.0},{"damage":27.0,"enemies":"Writhing Mass","floor":44.0,"turns":3.0},{"damage":0.0,"enemies":"3 Darklings","floor":45.0,"turns":2.0},{"damage":27.0,"enemies":"Maw","floor":48.0,"turns":5.0},{"damage":110,"enemies":"Time Eater","floor":50,"turns":6}],"seed_played":"8340565486903987355","potions_obtained":[{"floor":1.0,"key":"Swift Potion"},{"floor":3.0,"key":"EntropicBrew"},{"floor":3.0,"key":"Weak Potion"},{"floor":7.0,"key":"Explosive Potion"},{"floor":11.0,"key":"Swift Potion"},{"floor":16.0,"key":"EssenceOfSteel"},{"floor":33.0,"key":"Block Potion"},{"floor":40.0,"key":"SteroidPotion"},{"floor":44.0,"key":"Swift Potion"},{"floor":45.0,"key":"Regen Potion"}],"is_trial":false,"path_per_floor":["M","M","?","M","?","R","E","$","T","?","E","R","M","M","R","B",null,"M","?","M","?","M","R","E","$","T","R","?","M","M","$","R","B",null,"M","M","$","M","?","M","$","R","T","M","M","R","$","M","R","B"],"character_chosen":"IRONCLAD","items_purchased":["Flex"],"campfire_rested":3,"item_purchase_floors":[8],"current_hp_per_floor":[75,75,75,79,79,79,71,71,71,71,66,66,50,54,78,10,80,57,57,71,71,58,80,79,79,79,79,79,56,76,76,76,11,80,74,80,80,77,77,80,80,80,80,59,80,80,80,77,80,0],"gold":38,"neow_bonus":"UPGRADE_CARD","is_prod":false,"is_daily":false,"chose_seed":false,"campfire_upgraded":6,"win_rate":0,"timestamp":1555587571,"path_taken":["M","M","?","?","?","R","E","$","T","?","E","R","?","M","R","BOSS","M","?","?","?","?","R","E","$","T","R","?","?","M","$","R","BOSS","M","M","$","M","?","M","?","R","T","?","M","R","$","M","R","BOSS"],"build_version":"2019-01-23","purchased_purges":6,"victory":false,"max_hp_per_floor":[80,80,80,80,80,80,80,80,80,80,80,80,80,80,80,80,80,80,80,80,80,80,80,80,80,80,80,80,80,80,80,80,80,80,80,80,80,80,80,80,80,80,80,80,80,80,80,80,80,80],"card_choices":[{"not_picked":["Sentinel","Warcry","Entrench"],"picked":"SKIP","floor":1.0},{"not_picked":["Rage","Pommel Strike"],"picked":"Thunderclap","floor":2.0},{"not_picked":["Corruption","Wild Strike","Clothesline"],"picked":"SKIP","floor":4.0},{"not_picked":["Cleave","Bloodletting"],"picked":"Whirlwind","floor":7.0},{"not_picked":["Disarm","Second Wind"],"picked":"Flex","floor":11.0},{"not_picked":["Armaments","Inflame","Metallicize"],"picked":"SKIP","floor":13.0},{"not_picked":["Iron Wave","Flex"],"picked":"Reaper","floor":14.0},{"not_picked":["Entrench"],"picked":"SKIP","floor":18.0},{"not_picked":[],"picked":"Infernal Blade+1","floor":20.0},{"not_picked":["Sentinel"],"picked":"SKIP","floor":22.0},{"not_picked":["Thunderclap"],"picked":"SKIP","floor":24.0},{"not_picked":["Battle Trance+1"],"picked":"SKIP","floor":29.0},{"not_picked":["Twin Strike"],"picked":"SKIP","floor":30.0},{"not_picked":["Carnage"],"picked":"SKIP","floor":35.0},{"not_picked":["Feel No Pain+1"],"picked":"SKIP","floor":36.0},{"not_picked":["Havoc"],"picked":"SKIP","floor":38.0},{"not_picked":["Blood for Blood+1"],"picked":"SKIP","floor":40.0},{"not_picked":["Searing Blow"],"picked":"SKIP","floor":44.0},{"not_picked":["Body Slam"],"picked":"SKIP","floor":45.0},{"not_picked":["Rupture+1"],"picked":"SKIP","floor":48.0}],"player_experience":121420,"relics_obtained":[{"floor":7.0,"key":"Kunai"},{"floor":9.0,"key":"Bag of Preparation"},{"floor":11.0,"key":"Happy Flower"},{"floor":24.0,"key":"Nunchaku"},{"floor":26.0,"key":"Bottled Lightning"},{"floor":43.0,"key":"Ornamental Fan"}],"event_choices":[{"damage_healed":0.0,"max_hp_gain":0.0,"max_hp_loss":0.0,"gold_gain":0.0,"event_name":"Lab","player_choice":"Got Potions","floor":3.0,"gold_loss":0.0,"damage_taken":0.0},{"cards_removed":["Defend_R"],"damage_healed":0.0,"max_hp_gain":0.0,"max_hp_loss":0.0,"gold_gain":0.0,"event_name":"The Cleric","player_choice":"Card Removal","floor":5.0,"gold_loss":50.0,"damage_taken":0.0},{"damage_healed":0.0,"max_hp_gain":0.0,"max_hp_loss":0.0,"gold_gain":0.0,"event_name":"Wheel of Change","player_choice":"Cursed","floor":10.0,"gold_loss":0.0,"damage_taken":0.0,"cards_obtained":["Decay"]},{"cards_removed":["Decay"],"damage_healed":0.0,"max_hp_gain":0.0,"max_hp_loss":0.0,"gold_gain":0.0,"event_name":"Fountain of Cleansing","player_choice":"Removed Curses","floor":19.0,"gold_loss":0.0,"damage_taken":0.0},{"damage_healed":0.0,"max_hp_gain":0.0,"max_hp_loss":0.0,"gold_gain":0.0,"event_name":"N\u0027loth","player_choice":"Ignored","floor":21.0,"gold_loss":0.0,"damage_taken":0.0},{"damage_healed":0.0,"max_hp_gain":0.0,"max_hp_loss":0.0,"gold_gain":0.0,"event_name":"FaceTrader","player_choice":"Leave","floor":28.0,"gold_loss":0.0,"damage_taken":0.0},{"damage_healed":0.0,"max_hp_gain":0.0,"max_hp_loss":0.0,"gold_gain":0.0,"event_name":"WeMeetAgain","player_choice":"Gave Potion","floor":39.0,"gold_loss":0.0,"damage_taken":0.0,"relics_obtained":["Old Coin"]}],"is_beta":false,"boss_relics":[{"not_picked":["Ectoplasm","Runic Dome"],"picked":"Busted Crown"},{"not_picked":["Calling Bell","Astrolabe"],"picked":"Black Star"}],"items_purged_floors":[8,25,31,37,41,47],"is_endless":false,"potions_floor_spawned":[1,7,11,16,18,29,33,40,44,45],"killed_by":"Time Eater","ascension_level":0}