{"gold_per_floor":[115,115,115,71,71,102,252,91,91,112,112,151,151,165,165,255,255,270,286,286,300,300,300],"floor_reached":23,"playtime":1076,"items_purged":["Doubt"],"score":426,"play_id":"dc3ae850-2c39-45eb-b18f-f7567fcc8b47","local_time":"20190618185811","is_ascension_mode":true,"campfire_choices":[{"data":"Armaments","floor":11.0,"key":"SMITH"},{"floor":13.0,"key":"REST"},{"floor":15.0,"key":"REST"}],"neow_cost":"NONE","seed_source_timestamp":0,"circlet_count":0,"master_deck":["AscendersBane","Strike_R","Strike_R","Strike_R","Strike_R","Defend_R","Defend_R","Defend_R","Defend_R","Bash","Flex+1","Metallicize","Immolate","Feel No Pain","Armaments+1","Intimidate","Double Tap","Intimidate+1","Feel No Pain"],"special_seed":0,"relics":["Burning Blood","NeowsBlessing","Golden Idol","Potion Belt","Unceasing Top","Dodecahedron","Bottled Flame","Busted Crown"],"potions_floor_usage":[18,19,21,22],"damage_taken":[{"damage":0.0,"enemies":"Jaw Worm","floor":1.0,"turns":1.0},{"damage":0.0,"enemies":"Gremlin Nob","floor":6.0,"turns":1.0},{"damage":0.0,"enemies":"Small Slimes","floor":10.0,"turns":2.0},{"damage":28.0,"enemies":"Lagavulin","floor":12.0,"turns":8.0},{"damage":0.0,"enemies":"Cultist","floor":14.0,"turns":4.0},{"damage":60.0,"enemies":"Slime Boss","floor":16.0,"turns":10.0},{"damage":6,"enemies":"Chosen","floor":18,"turns":7},{"damage":11,"enemies":"Shell Parasite","floor":19,"turns":6},{"damage":18,"enemies":"Snake Plant","floor":21,"turns":5},{"damage":0,"enemies":"Cultist and Chosen","floor":22,"turns":3},{"damage":57,"enemies":"Gremlin Leader","floor":23,"turns":8}],"seed_played":"-4482725931371187927","potions_obtained":[{"floor":10.0,"key":"EssenceOfSteel"},{"floor":14.0,"key":"SmokeBomb"},{"floor":16.0,"key":"Block Potion"},{"floor":18,"key":"Weak Potion"},{"floor":19,"key":"Fire Potion"}],"is_trial":false,"path_per_floor":["M","?","?","$","?","E","?","$","T","M","R","E","R","M","R","B",null,"M","M","?","M","M","E"],"character_chosen":"IRONCLAD","items_purchased":["Metallicize","Feel No Pain"],"campfire_rested":2,"item_purchase_floors":[4,8],"current_hp_per_floor":[74,74,48,48,37,43,43,43,43,49,49,27,49,55,75,21,62,62,57,57,45,51,0],"gold":300,"neow_bonus":"THREE_ENEMY_KILL","is_prod":false,"is_daily":false,"chose_seed":false,"campfire_upgraded":1,"win_rate":0,"timestamp":1560895091,"path_taken":["M","?","?","?","?","E","?","$","T","M","R","E","R","M","R","BOSS","M","M","?","?","?","E"],"build_version":"2019-01-23","purchased_purges":1,"victory":false,"max_hp_per_floor":[75,75,75,75,75,75,75,75,75,75,75,75,75,75,75,75,75,75,75,75,75,75,75],"card_choices":[{"not_picked":["Perfected Strike","Clash"],"picked":"Flex","floor":1.0},{"not_picked":["Limit Break","Ghostly Armor"],"picked":"Immolate","floor":6.0},{"not_picked":["Headbutt","Second Wind"],"picked":"Armaments","floor":10.0},{"not_picked":["Evolve","Spot Weakness"],"picked":"Intimidate","floor":12.0},{"not_picked":["Hemokinesis","Battle Trance","Twin Strike"],"picked":"SKIP","floor":14.0},{"not_picked":["Offering","Bludgeon"],"picked":"Double Tap","floor":16.0},{"not_picked":["Iron Wave"],"picked":"SKIP","floor":18},{"not_picked":[],"picked":"Intimidate+1","floor":19},{"not_picked":["Iron Wave+1"],"picked":"SKIP","floor":21}],"player_experience":1091578,"relics_obtained":[{"floor":6.0,"key":"Unceasing Top"},{"floor":9.0,"key":"Dodecahedron"},{"floor":12.0,"key":"Bottled Flame"}],"event_choices":[{"damage_healed":0.0,"max_hp_gain":0.0,"max_hp_loss":0.0,"gold_gain":0.0,"event_name":"Living Wall","player_choice":"Grow","floor":2.0,"gold_loss":0.0,"damage_taken":0.0,"cards_upgraded":["Flex"]},{"damage_healed":0.0,"max_hp_gain":0.0,"max_hp_loss":0.0,"gold_gain":0.0,"event_name":"Golden Idol","player_choice":"Take Damage","floor":3.0,"gold_loss":0.0,"damage_taken":26.0,"relics_obtained":["Golden Idol"]},{"damage_healed":0.0,"max_hp_gain":0.0,"max_hp_loss":0.0,"gold_gain":0.0,"event_name":"Scrap Ooze","player_choice":"Success","floor":5.0,"gold_loss":0.0,"damage_taken":11.0,"relics_obtained":["Potion Belt"]},{"damage_healed":0.0,"max_hp_gain":0.0,"max_hp_loss":0.0,"gold_gain":150.0,"event_name":"Liars Game","player_choice":"AGREE","floor":7.0,"gold_loss":0.0,"damage_taken":0.0,"cards_obtained":["Doubt"]},{"damage_healed":0,"gold_gain":0,"cards_transformed":["Strike_R"],"player_choice":"Transformed","damage_taken":0,"max_hp_gain":0,"max_hp_loss":0,"event_name":"Transmorgrifier","floor":20,"gold_loss":0,"cards_obtained":["Feel No Pain"]}],"is_beta":false,"boss_relics":[{"not_picked":["Velvet Choker","Ectoplasm"],"picked":"Busted Crown"}],"items_purged_floors":[8],"is_endless":false,"potions_floor_spawned":[10,14,16,18,19],"killed_by":"Gremlin Leader","ascension_level":18}