{"path_per_floor":["M","M","M","M","$","R","M","R","T","?","M","M","E","M","R","B",null,"M","?","M","?","M","R","T","R","T","M","R","M","M","M","R"],"character_chosen":"THE_SILENT","items_purchased":["Panache","PiercingWail"],"gold_per_floor":[211,231,248,264,31,31,45,45,45,45,58,68,401,417,417,522,522,536,536,547,547,558,558,611,611,611,627,627,637,653,663,663],"floor_reached":33,"campfire_rested":3,"playtime":3131,"current_hp_per_floor":[70,68,68,65,65,65,65,65,65,65,65,65,65,65,65,42,70,58,45,48,73,51,73,73,73,73,39,61,47,42,41,63],"items_purged":[],"gold":663,"score":294,"play_id":"8f27f5e2-0a45-4e45-9330-27cb7d3a5623","is_prod":false,"is_daily":false,"is_ascension_mode":true,"campfire_upgraded":4,"path_taken":["M","M","M","M","$","R","M","R","T","?","?","M","E","M","R","BOSS","M","?","M","?","M","R","?","R","T","M","R","M","M","?","R","BOSS"],"build_version":"2018-02-15-PROD1","purchased_purges":0,"victory":false,"master_deck":["Defend_G","Defend_G","Defend_G","Defend_G","Defend_G","Strike_G","Strike_G","Strike_G","Strike_G","Strike_G","Survivor","Neutralize","Poisoned Stab","Flying Knee","Skewer","Escape Plan","Panache+1","PiercingWail","Dagger Spray+1","Slice","Prepared","After Image+1","Deflect","After Image+1","Deadly Poison+1","Infinite Blades","Caltrops+1","Prepared","Catalyst","Well Laid Plans","Deflect"],"max_hp_per_floor":[70,70,70,70,70,70,70,70,70,70,70,70,70,70,70,70,70,70,75,75,75,75,75,75,75,75,75,75,75,75,75,75],"relics":["Ring of the Snake","Meat on the Bone","Old Coin","The Specimen","Oddly Smooth Stone","Girya"],"card_choices":[{"not_picked":["Outmaneuver","Deadly Poison"],"picked":"Poisoned Stab"},{"not_picked":["Wraith Form","Dodge and Roll"],"picked":"Flying Knee"},{"not_picked":["Deflect","Prepared"],"picked":"Skewer"},{"not_picked":["Underhanded Strike","Acrobatics"],"picked":"Escape Plan"},{"not_picked":["Backflip","Flying Knee"],"picked":"Dagger Spray"},{"not_picked":["Leg Sweep","Sucker Punch"],"picked":"Slice"},{"not_picked":["Masterful Stab","Flying Knee"],"picked":"Prepared"},{"not_picked":["Dodge and Roll","Escape Plan"],"picked":"After Image"},{"not_picked":["Acrobatics","Quick Slash"],"picked":"Deflect"},{"not_picked":["Corpse Explosion","Glass Knife"],"picked":"After Image"},{"not_picked":["Riddle With Holes","Heel Hook"],"picked":"Deadly Poison"},{"not_picked":["Deadly Poison","Acrobatics"],"picked":"Infinite Blades"},{"not_picked":["Backflip","Riddle With Holes"],"picked":"Caltrops"},{"not_picked":["Quick Slash","Sucker Punch"],"picked":"Prepared"},{"not_picked":["Bane","Die Die Die"],"picked":"Catalyst"},{"not_picked":["Leg Sweep","Terror"],"picked":"Well Laid Plans"},{"not_picked":["Dodge and Roll","Dagger Throw"],"picked":"Deflect"}],"player_experience":93665,"potions_floor_usage":[4,13,13,13,20,30,33],"damage_taken":[{"damage":0,"enemies":"2 Louse","floor":1,"turns":3},{"damage":2,"enemies":"Jaw Worm","floor":2,"turns":4},{"damage":0,"enemies":"Cultist","floor":3,"turns":3},{"damage":3,"enemies":"Red Slaver","floor":4,"turns":2},{"damage":0,"enemies":"Looter","floor":7,"turns":4},{"damage":0,"enemies":"Exordium Wildlife","floor":11,"turns":4},{"damage":0,"enemies":"Blue Slaver","floor":12,"turns":3},{"damage":0,"enemies":"Gremlin Nob","floor":13,"turns":3},{"damage":0,"enemies":"3 Louse","floor":14,"turns":3},{"damage":35,"enemies":"Slime Boss","floor":16,"turns":16},{"damage":12,"enemies":"Spheric Guardian","floor":18,"turns":8},{"damage":9,"enemies":"Shell Parasite","floor":20,"turns":5},{"damage":22,"enemies":"Snake Plant","floor":22,"turns":5},{"damage":34,"enemies":"Chosen and Byrds","floor":27,"turns":7},{"damage":26,"enemies":"Slaver and Parasite","floor":29,"turns":5},{"damage":5,"enemies":"Snake Plant","floor":30,"turns":5},{"damage":13,"enemies":"Centurion and Healer","floor":31,"turns":5},{"damage":64,"enemies":"Collector","floor":33,"turns":7}],"event_choices":[{"event_name":"The Cleric","player_choice":"Leave","floor":10,"damage_taken":0},{"event_name":"Forgotten Altar","player_choice":"Shed Blood","floor":19,"damage_taken":0},{"event_name":"The Library","player_choice":"Heal","floor":21,"damage_taken":0}],"boss_relics":[{"not_picked":["Tiny House","Cursed Key"],"picked":"The Specimen"}],"potions_floor_spawned":[2,3,7,12,18,29,31],"seed_played":"-807830713499498951","killed_by":"Collector","ascension_level":1,"is_trial":false}