{"gold_per_floor":[109,120,80,99,49,49,64,64,64,14,30,30,30,41,41,139,139,155,254,7,82,97,97,108,108,160,160,174,192,212,232,232,232],"floor_reached":33,"playtime":863,"items_purged":["Defend_R","Defend_R"],"score":241,"play_id":"821314a8-ff66-4352-8d5d-c2d3b41bbba2","local_time":"20190512195740","is_ascension_mode":false,"campfire_choices":[{"data":"Bash","floor":6.0,"key":"SMITH"},{"data":"Twin Strike","floor":8.0,"key":"SMITH"},{"data":"Defend_R","floor":13.0,"key":"SMITH"},{"floor":15.0,"key":"REST"},{"data":"Demon Form","floor":23.0,"key":"SMITH"},{"floor":25.0,"key":"REST"},{"floor":27.0,"key":"REST"},{"floor":32,"key":"REST"}],"neow_cost":"NONE","seed_source_timestamp":2747020609639843,"circlet_count":0,"master_deck":["Strike_R","Strike_R","Strike_R","Strike_R","Strike_R","Defend_R","Defend_R+1","Bash+1","Twin Strike+1","Pommel Strike","Cleave","Demon Form+1","Clash","Heavy Blade","Pommel Strike"],"special_seed":0,"relics":["Burning Blood","Smiling Mask","Bottled Lightning","Runic Dome","Meat on the Bone","Vajra"],"potions_floor_usage":[28,29],"damage_taken":[{"damage":5.0,"enemies":"Small Slimes","floor":1.0,"turns":3.0},{"damage":6.0,"enemies":"Cultist","floor":2.0,"turns":3.0},{"damage":0.0,"enemies":"2 Louse","floor":4.0,"turns":2.0},{"damage":10.0,"enemies":"Looter","floor":7.0,"turns":2.0},{"damage":21.0,"enemies":"Blue Slaver","floor":11.0,"turns":4.0},{"damage":15.0,"enemies":"Red Slaver","floor":14.0,"turns":4.0},{"damage":74.0,"enemies":"Hexaghost","floor":16.0,"turns":9.0},{"damage":25.0,"enemies":"3 Byrds","floor":18.0,"turns":5.0},{"damage":30.0,"enemies":"Spheric Guardian","floor":22.0,"turns":4.0},{"damage":38.0,"enemies":"Centurion and Healer","floor":24.0,"turns":4.0},{"damage":6,"enemies":"3 Cultists","floor":28,"turns":3},{"damage":0,"enemies":"Sentry and Sphere","floor":29,"turns":3},{"damage":33,"enemies":"Shelled Parasite and Fungi","floor":30,"turns":4},{"damage":13,"enemies":"3 Cultists","floor":31,"turns":4},{"damage":85,"enemies":"Automaton","floor":33,"turns":6}],"seed_played":"-6368573905063277827","potions_obtained":[{"floor":3.0,"key":"AttackPotion"},{"floor":3.0,"key":"Block Potion"},{"floor":3.0,"key":"Strength Potion"},{"floor":16.0,"key":"Swift Potion"},{"floor":22.0,"key":"Strength Potion"},{"floor":28,"key":"Block Potion"},{"floor":30,"key":"FearPotion"}],"is_trial":false,"path_per_floor":["M","M","?","M","$","R","M","R","T","$","M","?","R","M","R","B",null,"M","?","$","?","M","R","M","R","T","R","M","M","M","M","R","B"],"character_chosen":"IRONCLAD","items_purchased":["Meat on the Bone"],"campfire_rested":4,"item_purchase_floors":[20],"current_hp_per_floor":[80,80,80,80,80,80,76,76,76,76,61,61,61,52,76,8,80,61,61,61,53,41,41,21,45,45,69,69,75,48,53,77,0],"gold":232,"neow_bonus":"RANDOM_COMMON_RELIC","is_prod":false,"is_daily":false,"chose_seed":false,"campfire_upgraded":4,"win_rate":0,"timestamp":1557683860,"path_taken":["M","M","?","?","$","R","M","R","T","$","M","?","R","M","R","BOSS","M","?","$","?","M","R","M","R","T","R","M","M","?","M","R","BOSS"],"build_version":"2019-01-23","purchased_purges":2,"victory":false,"max_hp_per_floor":[80,80,80,80,80,80,80,80,80,80,80,80,80,80,80,80,80,80,80,80,80,80,80,80,80,80,80,80,80,80,80,80,80],"card_choices":[{"not_picked":["Combust","Seeing Red"],"picked":"Twin Strike","floor":1.0},{"not_picked":["Shrug It Off","Body Slam"],"picked":"Pommel Strike","floor":2.0},{"not_picked":["Whirlwind","Battle Trance"],"picked":"Cleave","floor":4.0},{"not_picked":["Rupture","Shockwave","Clothesline"],"picked":"SKIP","floor":7.0},{"not_picked":["True Grit","Uppercut","Armaments"],"picked":"SKIP","floor":11.0},{"not_picked":["Entrench","Searing Blow","Clothesline"],"picked":"SKIP","floor":14.0},{"not_picked":["Exhume","Fiend Fire"],"picked":"Demon Form","floor":16.0},{"not_picked":["Power Through","Anger+1","Inflame+1"],"picked":"SKIP","floor":18.0},{"not_picked":["Corruption","Flame Barrier+1"],"picked":"Clash","floor":22.0},{"not_picked":["Thunderclap","Body Slam","Entrench+1"],"picked":"SKIP","floor":24.0},{"not_picked":["Flex","Sword Boomerang","Shrug It Off"],"picked":"SKIP","floor":28},{"not_picked":["Dropkick","Shrug It Off","Exhume"],"picked":"SKIP","floor":29},{"not_picked":["Sentinel","True Grit"],"picked":"Heavy Blade","floor":30},{"not_picked":["Whirlwind","Havoc"],"picked":"Pommel Strike","floor":31}],"player_experience":188407,"relics_obtained":[{"floor":9.0,"key":"Bottled Lightning"},{"floor":26.0,"key":"Vajra"}],"event_choices":[{"damage_healed":0.0,"max_hp_gain":0.0,"max_hp_loss":0.0,"gold_gain":0.0,"event_name":"The Woman in Blue","player_choice":"Bought 3 Potions","floor":3.0,"gold_loss":0.0,"damage_taken":0.0},{"damage_healed":0.0,"max_hp_gain":0.0,"max_hp_loss":0.0,"gold_gain":0.0,"event_name":"The Cleric","player_choice":"Leave","floor":12.0,"gold_loss":0.0,"damage_taken":0.0},{"damage_healed":0.0,"max_hp_gain":0.0,"max_hp_loss":0.0,"gold_gain":99.0,"event_name":"Nest","player_choice":"Stole From Cult","floor":19.0,"gold_loss":0.0,"damage_taken":0.0},{"damage_healed":0.0,"max_hp_gain":0.0,"max_hp_loss":0.0,"gold_gain":75.0,"event_name":"FaceTrader","player_choice":"Touch","floor":21.0,"gold_loss":0.0,"damage_taken":8.0}],"is_beta":false,"boss_relics":[{"not_picked":["Orrery","Coffee Dripper"],"picked":"Runic Dome"}],"items_purged_floors":[5,10],"is_endless":false,"potions_floor_spawned":[11,14,16,22,28,30],"killed_by":"Automaton","ascension_level":0}