{"gold_per_floor":[119,69,244,263,263,263,276,294,363,373,205,205,205,221,221,319,319,336,246,265,276,375,375,375,375,375,275,330,341,354,369,369,369],"floor_reached":33,"playtime":1286,"items_purged":["Doubt","Defend_G"],"score":239,"play_id":"d2e79fde-6700-4ab1-a39c-53b2e2bad46f","local_time":"20190602121230","is_ascension_mode":false,"campfire_choices":[{"data":"Noxious Fumes","floor":6.0,"key":"SMITH"},{"floor":13.0,"key":"REST"},{"data":"Deadly Poison","floor":15.0,"key":"SMITH"},{"data":"Neutralize","floor":23.0,"key":"SMITH"},{"data":"Dramatic Entrance","floor":25.0,"key":"SMITH"},{"floor":32,"key":"REST"}],"neow_cost":"NONE","seed_source_timestamp":1492673621114026,"circlet_count":0,"master_deck":["Defend_G","Defend_G+1","Defend_G","Defend_G","Strike_G","Strike_G","Strike_G","Survivor+1","Neutralize+1","PiercingWail+1","Noxious Fumes+1","Bouncing Flask+1","Backflip","Dramatic Entrance+1","Deadly Poison+1","Poisoned Stab","J.A.X.","Underhanded Strike+1"],"special_seed":0,"relics":["White Beast Statue"],"potions_floor_usage":[30,30,30,30,30,30,31,31,31,31,31,31,33],"damage_taken":[{"damage":0.0,"enemies":"Jaw Worm","floor":1.0,"turns":4.0},{"damage":3.0,"enemies":"Small Slimes","floor":4.0,"turns":5.0},{"damage":0.0,"enemies":"2 Louse","floor":7.0,"turns":4.0},{"damage":3.0,"enemies":"Large Slime","floor":8.0,"turns":7.0},{"damage":12.0,"enemies":"Blue Slaver","floor":10.0,"turns":3.0},{"damage":0.0,"enemies":"Lots of Slimes","floor":14.0,"turns":3.0},{"damage":34.0,"enemies":"The Guardian","floor":16.0,"turns":8.0},{"damage":5.0,"enemies":"3 Byrds","floor":18.0,"turns":6.0},{"damage":0.0,"enemies":"Chosen","floor":20.0,"turns":4.0},{"damage":9.0,"enemies":"Centurion and Healer","floor":21.0,"turns":7.0},{"damage":18.0,"enemies":"Snake Plant","floor":29.0,"turns":4.0},{"damage":16,"enemies":"3 Cultists","floor":30,"turns":5},{"damage":8,"enemies":"Sentry and Sphere","floor":31,"turns":5},{"damage":40,"enemies":"Automaton","floor":33,"turns":6}],"seed_played":"3359764892942955506","potions_obtained":[{"floor":1.0,"key":"Poison Potion"},{"floor":4.0,"key":"SteroidPotion"},{"floor":7.0,"key":"GamblersBrew"},{"floor":8.0,"key":"Strength Potion"},{"floor":10.0,"key":"SpeedPotion"},{"floor":14.0,"key":"Ancient Potion"},{"floor":16.0,"key":"Strength Potion"},{"floor":18.0,"key":"FearPotion"},{"floor":20.0,"key":"EntropicBrew"},{"floor":21.0,"key":"Poison Potion"},{"floor":29.0,"key":"Dexterity Potion"},{"floor":31,"key":"AttackPotion"}],"is_trial":false,"path_per_floor":["M","?","?","M","?","R","M","M","T","M","$","?","R","M","R","B",null,"M","?","M","M","?","R","?","R","T","$","T","M","M","M","R","B"],"character_chosen":"THE_SILENT","items_purchased":["Dramatic Entrance"],"campfire_rested":2,"item_purchase_floors":[11],"current_hp_per_floor":[70,70,70,67,53,53,53,50,50,38,38,38,59,59,59,25,70,65,65,65,56,56,56,56,56,56,56,56,38,22,14,35,0],"gold":369,"neow_bonus":"BOSS_RELIC","is_prod":false,"is_daily":false,"chose_seed":false,"campfire_upgraded":4,"win_rate":0,"timestamp":1559470350,"path_taken":["M","?","?","M","?","R","M","M","T","M","$","?","R","?","R","BOSS","M","?","M","?","?","R","?","R","T","$","?","?","M","M","R","BOSS"],"build_version":"2019-01-23","purchased_purges":2,"victory":false,"max_hp_per_floor":[70,70,70,70,70,70,70,70,70,70,70,70,70,70,70,70,70,70,70,70,70,70,70,70,70,70,70,70,70,70,70,70,70],"card_choices":[{"not_picked":["Dagger Throw","Distraction"],"picked":"PiercingWail","floor":1.0},{"not_picked":["Reflex","Blade Dance"],"picked":"Noxious Fumes","floor":4.0},{"not_picked":["Choke","PiercingWail","Blade Dance"],"picked":"SKIP","floor":7.0},{"not_picked":["Escape Plan","Quick Slash"],"picked":"Bouncing Flask","floor":8.0},{"not_picked":["Prepared","Dagger Spray"],"picked":"Backflip","floor":10.0},{"not_picked":["Poisoned Stab","Crippling Poison"],"picked":"Deadly Poison","floor":14.0},{"not_picked":["Flechettes","Leg Sweep","Flying Knee"],"picked":"SKIP","floor":18.0},{"not_picked":["Dagger Throw","Expertise"],"picked":"Poisoned Stab","floor":20.0},{"not_picked":["All Out Attack","Flying Knee","Finisher"],"picked":"SKIP","floor":21.0},{"not_picked":["Tactician","Riddle With Holes","Skewer"],"picked":"SKIP","floor":29.0},{"not_picked":["Underhanded Strike","Quick Slash","Deflect+1"],"picked":"SKIP","floor":30},{"not_picked":["Malaise","Cloak And Dagger+1"],"picked":"Underhanded Strike+1","floor":31}],"player_experience":220928,"relics_obtained":[],"event_choices":[{"cards_removed":["Strike_G"],"damage_healed":0.0,"max_hp_gain":0.0,"max_hp_loss":0.0,"gold_gain":0.0,"event_name":"The Cleric","player_choice":"Card Removal","floor":2.0,"gold_loss":50.0,"damage_taken":0.0},{"damage_healed":0.0,"max_hp_gain":0.0,"max_hp_loss":0.0,"gold_gain":175.0,"event_name":"Liars Game","player_choice":"AGREE","floor":3.0,"gold_loss":0.0,"damage_taken":0.0,"cards_obtained":["Doubt"]},{"damage_healed":0.0,"max_hp_gain":0.0,"max_hp_loss":0.0,"gold_gain":0.0,"event_name":"Shining Light","player_choice":"Entered Light","floor":5.0,"gold_loss":0.0,"damage_taken":14.0,"cards_upgraded":["PiercingWail","Survivor"]},{"damage_healed":0.0,"max_hp_gain":0.0,"max_hp_loss":0.0,"gold_gain":0.0,"event_name":"Living Wall","player_choice":"Grow","floor":12.0,"gold_loss":0.0,"damage_taken":0.0,"cards_upgraded":["Bouncing Flask"]},{"cards_removed":["Strike_G"],"damage_healed":0.0,"max_hp_gain":0.0,"max_hp_loss":0.0,"gold_gain":0.0,"event_name":"Designer","player_choice":"Upgrade and Remove","floor":19.0,"gold_loss":90.0,"damage_taken":0.0,"cards_upgraded":["Defend_G"]},{"damage_healed":0.0,"max_hp_gain":0.0,"max_hp_loss":0.0,"gold_gain":99.0,"event_name":"Nest","player_choice":"Stole From Cult","floor":22.0,"gold_loss":0.0,"damage_taken":0.0},{"damage_healed":0.0,"max_hp_gain":0.0,"max_hp_loss":0.0,"gold_gain":0.0,"event_name":"Drug Dealer","player_choice":"Obtain J.A.X.","floor":24.0,"gold_loss":0.0,"damage_taken":0.0,"cards_obtained":["J.A.X."]}],"is_beta":false,"boss_relics":[{"not_picked":["Runic Dome","Black Star","Ectoplasm"]}],"items_purged_floors":[11,27],"is_endless":false,"potions_floor_spawned":[1,4,7,8,10,14,16,18,20,21,29,30,31],"killed_by":"Automaton","ascension_level":0}