{"gold_per_floor":[109,109,121,121,144,144,144,183,183,15,34,34,34,62,62,153,153,169,169,184,195,214,214,214],"floor_reached":24,"playtime":1298,"items_purged":[],"score":372,"play_id":"c40b7ad8-eff9-4cd4-aedd-df16a3b6d6d7","local_time":"20190614185051","is_ascension_mode":true,"campfire_choices":[{"floor":6,"key":"REST"},{"floor":12,"key":"REST"},{"floor":15,"key":"REST"},{"floor":23,"key":"REST"}],"neow_cost":"TEN_PERCENT_HP_LOSS","seed_source_timestamp":2372319552645775,"circlet_count":0,"master_deck":["AscendersBane","Bash","Sword Boomerang","Pummel","Iron Wave","Iron Wave","Anger","Inflame","Brutality","Intimidate","Shockwave","Flex","Barricade","Uppercut","Flex","Clothesline","Seeing Red","Flame Barrier","Ghostly Armor+1"],"relics":["Burning Blood","Bloody Idol","Boot","Matryoshka","Happy Flower","Odd Mushroom","Pandora\u0027s Box"],"potions_floor_usage":[8,14,14,18,22,24],"damage_taken":[{"damage":1,"enemies":"Cultist","floor":1,"turns":3},{"damage":4,"enemies":"Small Slimes","floor":3,"turns":3},{"damage":8,"enemies":"2 Louse","floor":5,"turns":2},{"damage":45,"enemies":"3 Sentries","floor":8,"turns":8},{"damage":6,"enemies":"Blue Slaver","floor":11,"turns":3},{"damage":5,"enemies":"The Mushroom Lair","floor":14,"turns":3},{"damage":33,"enemies":"Slime Boss","floor":16,"turns":6},{"damage":7,"enemies":"3 Byrds","floor":18,"turns":4},{"damage":10,"enemies":"Spheric Guardian","floor":20,"turns":3},{"damage":32,"enemies":"Snake Plant","floor":21,"turns":3},{"damage":33,"enemies":"Cultist and Chosen","floor":22,"turns":7},{"damage":44,"enemies":"Slavers","floor":24,"turns":4}],"seed_played":"-8649886932536816110","potions_obtained":[{"floor":1,"key":"EssenceOfSteel"},{"floor":5,"key":"Strength Potion"},{"floor":11,"key":"Fire Potion"},{"floor":16,"key":"Explosive Potion"},{"floor":21,"key":"Fire Potion"},{"floor":22,"key":"Poison Potion"}],"is_trial":false,"path_per_floor":["M","?","M","?","M","R","?","E","T","$","M","R","$","?","R","B",null,"M","?","M","M","M","R","E"],"character_chosen":"IRONCLAD","items_purchased":["Happy Flower"],"campfire_rested":4,"item_purchase_floors":[10],"current_hp_per_floor":[68,48,50,27,25,45,50,11,11,11,11,32,32,33,54,27,62,61,61,62,41,19,40,0],"gold":214,"neow_bonus":"REMOVE_TWO","is_prod":false,"is_daily":false,"chose_seed":false,"campfire_upgraded":0,"win_rate":0,"timestamp":1560549051,"path_taken":["M","?","M","?","M","R","?","E","T","?","?","R","$","?","R","BOSS","M","?","M","M","M","R","E"],"build_version":"2019-01-23","purchased_purges":0,"victory":false,"max_hp_per_floor":[68,68,68,68,68,68,73,73,73,73,73,73,73,73,73,73,73,73,73,73,73,73,73,73],"card_choices":[{"not_picked":["Burning Pact","Seeing Red"],"picked":"Sword Boomerang","floor":1},{"not_picked":["Twin Strike","Pommel Strike"],"picked":"Pummel","floor":3},{"not_picked":["Shrug It Off","Flex"],"picked":"Iron Wave","floor":5},{"not_picked":["Dropkick","Immolate"],"picked":"Iron Wave","floor":8},{"not_picked":["Heavy Blade","Pommel Strike"],"picked":"Anger","floor":11},{"not_picked":["Ghostly Armor","Perfected Strike"],"picked":"Inflame","floor":14},{"not_picked":["Offering","Dark Embrace"],"picked":"Brutality","floor":16},{"not_picked":["Iron Wave","Flex","Intimidate"],"picked":"SKIP","floor":18},{"not_picked":["Cleave+1","Heavy Blade"],"picked":"Seeing Red","floor":20},{"not_picked":["Iron Wave+1","Wild Strike"],"picked":"Flame Barrier","floor":21},{"not_picked":["Iron Wave","Entrench"],"picked":"Ghostly Armor+1","floor":22}],"player_experience":1042201,"relics_obtained":[{"floor":8,"key":"Boot"},{"floor":9,"key":"Matryoshka"},{"floor":14,"key":"Odd Mushroom"}],"event_choices":[{"damage_healed":0,"gold_gain":0,"player_choice":"Entered Light","damage_taken":20,"max_hp_gain":0,"max_hp_loss":0,"event_name":"Shining Light","floor":2,"gold_loss":0,"cards_upgraded":["Strike_R","Strike_R"]},{"damage_healed":0,"gold_gain":0,"player_choice":"Take Damage","damage_taken":23,"relics_obtained":["Golden Idol"],"max_hp_gain":0,"max_hp_loss":0,"event_name":"Golden Idol","floor":4,"gold_loss":0},{"damage_healed":0,"gold_gain":0,"player_choice":"Donut","damage_taken":0,"max_hp_gain":5,"max_hp_loss":0,"event_name":"Big Fish","floor":7,"gold_loss":0},{"damage_healed":0,"gold_gain":0,"player_choice":"Fought Mushrooms","damage_taken":0,"max_hp_gain":0,"max_hp_loss":0,"event_name":"Mushrooms","floor":14,"gold_loss":0},{"damage_healed":0,"gold_gain":0,"player_choice":"Gave Idol","damage_taken":0,"relics_obtained":["Bloody Idol"],"max_hp_gain":0,"max_hp_loss":0,"event_name":"Forgotten Altar","floor":19,"relics_lost":["Golden Idol"],"gold_loss":0}],"is_beta":false,"boss_relics":[{"not_picked":["Lizard Tail","Tiny House"],"picked":"Pandora\u0027s Box"}],"items_purged_floors":[],"is_endless":false,"potions_floor_spawned":[1,5,11,16,21,22],"killed_by":"Slavers","ascension_level":18}