{"path_per_floor":["M","?","$","M","M","R","E","R","T","$","?","M","?","$","R","B",null,"M","M","?","M","?","E","$","M","T","M","M","?","R","$","R","B",null,"M","M"],"character_chosen":"THE_SILENT","items_purchased":["Deadly Poison","Poisoned Stab","Footwork","Poisoned Stab"],"gold_per_floor":[119,119,69,86,98,98,127,127,180,134,134,150,150,55,55,156,156,170,186,186,201,101,130,55,67,112,129,141,141,141,41,41,142,142,157,176],"floor_reached":37,"campfire_rested":1,"playtime":9146,"current_hp_per_floor":[70,70,70,70,70,70,42,42,42,42,65,60,53,53,53,43,70,58,53,53,51,51,50,50,41,41,40,40,40,40,40,61,52,70,67,8],"items_purged":["Strike_G","Dagger Throw"],"gold":176,"play_id":"f43a2973-e6d2-48fc-bd75-a959de8fc083","is_prod":false,"is_daily":false,"campfire_rituals":0,"campfire_upgraded":4,"is_hardmode":false,"path_taken":["M","?","$","M","M","R","E","R","T","$","?","M","?","$","R","BOSS","M","M","?","M","?","E","?","?","T","?","M","?","R","$","R","BOSS","M","M","?"],"build_version":"2018-01-18-PROD4","purchased_purges":2,"victory":false,"master_deck":["Defend_G","Defend_G","Defend_G","Defend_G","Defend_G","Strike_G","Strike_G","Strike_G","Survivor","Neutralize","Bouncing Flask","Deadly Poison","Catalyst","PiercingWail","Burst","Poisoned Stab","Acrobatics","Footwork","Poisoned Stab","Venomology","Poisoned Stab","PiercingWail","Deadly Poison","Well Laid Plans","Sucker Punch","Distraction","Bane","Prepared"],"max_hp_per_floor":[70,70,70,70,70,70,70,70,70,70,70,70,70,70,70,70,70,70,70,70,70,70,70,70,70,70,70,70,70,70,70,70,70,70,70,70],"relics":["Ring of the Snake","Ornamental Fan","Lantern","Orrery","Gremlin Horn","Ancient Tea Set","Blood Vial","White Beast Statue"],"campfire_meditates":0,"card_choices":[{"not_picked":["Dodge and Roll","Quick Slash"],"picked":"Bouncing Flask"},{"not_picked":["Bane","Dodge and Roll"],"picked":"Catalyst"},{"not_picked":["Infinite Blades","Flying Knee"],"picked":"PiercingWail"},{"not_picked":["Leg Sweep","Quick Slash"],"picked":"Burst"},{"not_picked":["Eviscerate","Blade Dance"],"picked":"Acrobatics"},{"not_picked":["Wraith Form","Envenom"],"picked":"Venomology"},{"not_picked":["Finisher","Slice"],"picked":"Dagger Throw"},{"not_picked":["Dash","Choke"],"picked":"Poisoned Stab"},{"not_picked":["Slice","Flechettes"],"picked":"PiercingWail"},{"not_picked":["Poisoned Stab","Distraction"],"picked":"Deadly Poison"},{"not_picked":["Dodge and Roll","Prepared"],"picked":"Well Laid Plans"},{"not_picked":["Deflect","Unload"],"picked":"Sucker Punch"},{"not_picked":["Finisher","Dodge and Roll"],"picked":"Distraction"},{"not_picked":["Infinite Blades","Sucker Punch"],"picked":"Bane"},{"not_picked":["Quick Slash","Poisoned Stab"],"picked":"Prepared"}],"player_experience":100379,"potions_floor_usage":[36,37,37],"damage_taken":[{"damage":0.0,"enemies":"2 Louse","floor":1.0,"turns":2.0},{"damage":0.0,"enemies":"Cultist","floor":4.0,"turns":3.0},{"damage":0.0,"enemies":"Jaw Worm","floor":5.0,"turns":3.0},{"damage":37.0,"enemies":"Gremlin Nob","floor":7.0,"turns":5.0},{"damage":5.0,"enemies":"Exordium Thugs","floor":12.0,"turns":6.0},{"damage":25.0,"enemies":"The Guardian","floor":16.0,"turns":6.0},{"damage":12.0,"enemies":"Shell Parasite","floor":18.0,"turns":3.0},{"damage":5.0,"enemies":"Chosen","floor":19.0,"turns":4.0},{"damage":2.0,"enemies":"Centurion and Healer","floor":21.0,"turns":8.0},{"damage":13.0,"enemies":"Book of Stabbing","floor":23.0,"turns":5.0},{"damage":9.0,"enemies":"Snake Plant","floor":25.0,"turns":6.0},{"damage":1.0,"enemies":"Snecko","floor":27.0,"turns":3.0},{"damage":0.0,"enemies":"Chosen and Byrds","floor":28.0,"turns":5.0},{"damage":11.0,"enemies":"Collector","floor":33.0,"turns":3.0},{"damage":3,"enemies":"Orb Walker","floor":35,"turns":3},{"damage":61,"enemies":"3 Darklings","floor":36,"turns":9},{"damage":16,"enemies":"Maw","floor":37,"turns":7}],"event_choices":[{"event_name":"The Lab","player_choice":"Got Potions","floor":2.0,"damage_taken":0.0},{"event_name":"Big Fish","player_choice":"Banana","floor":11.0,"damage_taken":0.0},{"event_name":"Golden Wing","player_choice":"Card Removal","floor":13.0,"damage_taken":0.0},{"event_name":"Back to Basics","player_choice":"Simplicity","floor":20.0,"damage_taken":0.0},{"event_name":"Drug Dealer","player_choice":"Got JAXXED","floor":22.0,"damage_taken":0.0},{"event_name":"Addict","player_choice":"Gave JAX","floor":29.0,"damage_taken":0.0}],"boss_relics":[{"not_picked":["Astrolabe","Runic Pyramid"],"picked":"White Beast Statue"}],"potions_floor_spawned":[4,7,12,16,18,21,23,27,35,36],"seed_played":"2979363624821528421","killed_by":"Maw","is_trial":false}