{"gold_per_floor":[119,46,58,58,58,84,84,62,88,88,106,119,135,154,154,251,251,270,280,280,205,217,217],"floor_reached":23,"playtime":901,"items_purged":[],"score":218,"play_id":"908fb1bf-10d8-499e-937a-a2a407e0ef26","local_time":"20190326182845","is_ascension_mode":false,"campfire_choices":[{"floor":7.0,"key":"REST"},{"floor":10.0,"key":"REST"},{"floor":15.0,"key":"REST"}],"neow_cost":"NONE","seed_source_timestamp":583770325492477,"circlet_count":0,"master_deck":["Strike_B","Strike_B","Strike_B","Defend_B","Defend_B","Defend_B","Defend_B","Zap","Dualcast","Leap","Ball Lightning","Leap","Cold Snap","Chill","Aggregate","Leap","Compile Driver","Darkness","Leap","Cold Snap","Glacier","Meteor Strike","Doom and Gloom+1","Compile Driver","Sunder"],"special_seed":0,"relics":["Cracked Core","Dream Catcher","Orichalcum","Philosopher\u0027s Stone","Nilry\u0027s Codex"],"potions_floor_usage":[],"damage_taken":[{"damage":1.0,"enemies":"Cultist","floor":1.0,"turns":4.0},{"damage":0.0,"enemies":"Small Slimes","floor":3.0,"turns":3.0},{"damage":52.0,"enemies":"Gremlin Nob","floor":6.0,"turns":6.0},{"damage":6.0,"enemies":"2 Louse","floor":11.0,"turns":2.0},{"damage":5.0,"enemies":"Blue Slaver","floor":12.0,"turns":3.0},{"damage":0.0,"enemies":"Large Slime","floor":13.0,"turns":5.0},{"damage":0.0,"enemies":"3 Louse","floor":14.0,"turns":3.0},{"damage":7.0,"enemies":"Slime Boss","floor":16.0,"turns":11.0},{"damage":9.0,"enemies":"Chosen","floor":18.0,"turns":7.0},{"damage":14.0,"enemies":"Spheric Guardian","floor":19.0,"turns":4.0},{"damage":25,"enemies":"Shelled Parasite and Fungi","floor":22,"turns":7},{"damage":18,"enemies":"Gremlin Leader","floor":23,"turns":4}],"seed_played":"-8874010421868309627","potions_obtained":[{"floor":6.0,"key":"Swift Potion"},{"floor":11.0,"key":"SpeedPotion"}],"is_trial":false,"path_per_floor":["M","$","M","?","?","E","R","?","T","R","M","M","M","M","R","B",null,"M","M","?","?","M","E"],"character_chosen":"DEFECT","items_purchased":["Ball Lightning","Leap"],"campfire_rested":3,"item_purchase_floors":[2,2],"current_hp_per_floor":[81,81,81,56,56,4,28,28,28,52,46,41,41,41,65,58,82,73,59,43,43,18,0],"gold":217,"neow_bonus":"TEN_PERCENT_HP_BONUS","is_prod":false,"is_daily":false,"chose_seed":false,"campfire_upgraded":0,"win_rate":0,"timestamp":1553650125,"path_taken":["M","?","M","?","?","E","R","?","T","R","M","?","M","M","R","BOSS","M","M","?","?","M","E"],"build_version":"2019-01-23","purchased_purges":0,"victory":false,"max_hp_per_floor":[82,82,82,82,82,82,82,82,82,82,82,82,82,82,82,82,82,82,82,82,82,82,82],"card_choices":[{"not_picked":["Cold Snap","Stack"],"picked":"Leap","floor":1.0},{"not_picked":["Tempest","Rebound"],"picked":"Cold Snap","floor":3.0},{"not_picked":["Streamline","All For One"],"picked":"Chill","floor":6.0},{"not_picked":["Heatsinks","Turbo"],"picked":"Aggregate","floor":7.0},{"not_picked":["Barrage","Beam Cell"],"picked":"Leap","floor":10.0},{"not_picked":["Redo","Storm"],"picked":"Compile Driver","floor":11.0},{"not_picked":["Conserve Battery","Gash"],"picked":"Darkness","floor":12.0},{"not_picked":["Amplify","Skim"],"picked":"Leap","floor":13.0},{"not_picked":["Redo","Turbo"],"picked":"Cold Snap","floor":14.0},{"not_picked":["Storm","Reboot"],"picked":"Glacier","floor":15.0},{"not_picked":["Thunder Strike","Biased Cognition"],"picked":"Meteor Strike","floor":16.0},{"not_picked":["Hologram+1","Stack"],"picked":"Doom and Gloom+1","floor":18.0},{"not_picked":["Streamline+1","Sweeping Beam"],"picked":"Compile Driver","floor":19.0},{"not_picked":["Gash","Turbo+1"],"picked":"Sunder","floor":22}],"player_experience":649272,"relics_obtained":[{"floor":6.0,"key":"Orichalcum"},{"floor":20.0,"key":"Nilry\u0027s Codex"}],"event_choices":[{"damage_healed":0.0,"max_hp_gain":0.0,"max_hp_loss":0.0,"gold_gain":0.0,"event_name":"Scrap Ooze","player_choice":"Success","floor":4.0,"gold_loss":0.0,"damage_taken":25.0,"relics_obtained":["Dream Catcher"]},{"damage_healed":0.0,"max_hp_gain":0.0,"max_hp_loss":0.0,"gold_gain":0.0,"event_name":"Liars Game","player_choice":"Ignored","floor":5.0,"gold_loss":0.0,"damage_taken":0.0},{"damage_healed":0.0,"max_hp_gain":0.0,"max_hp_loss":0.0,"gold_gain":0.0,"event_name":"World of Goop","player_choice":"Left Gold","floor":8.0,"gold_loss":22.0,"damage_taken":0.0},{"damage_healed":0.0,"max_hp_gain":0.0,"max_hp_loss":0.0,"gold_gain":0.0,"event_name":"Cursed Tome","player_choice":"Obtained Book","floor":20.0,"gold_loss":0.0,"damage_taken":16.0},{"cards_removed":["Strike_B"],"damage_healed":0.0,"max_hp_gain":0.0,"max_hp_loss":0.0,"gold_gain":0.0,"event_name":"Beggar","player_choice":"Gave Gold","floor":21.0,"gold_loss":75.0,"damage_taken":0.0}],"is_beta":false,"boss_relics":[{"not_picked":["Coffee Dripper","Astrolabe"],"picked":"Philosopher\u0027s Stone"}],"items_purged_floors":[],"is_endless":false,"potions_floor_spawned":[6,11],"killed_by":"Gremlin Leader","ascension_level":0}