{"gold_per_floor":[110,60,80,80,5,38,38,58,110,141,159,59,76,89,89,193,193,209,209,209,0,0,0,17,28,53,53,64,82,82,82,82,185,185,196,47,0,0,0,0,14,25,78,92,92,105,115,134,134,134],"floor_reached":50,"playtime":831,"items_purged":["Defend_R","Strike_R","Strike_R"],"score":531,"play_id":"d2591f40-7381-40aa-a0ae-d9a3609d44ac","local_time":"20190419110126","is_ascension_mode":false,"campfire_choices":[{"data":"Flex","floor":7,"key":"SMITH"},{"data":"Heavy Blade","floor":15,"key":"SMITH"},{"data":"J.A.X.","floor":23,"key":"SMITH"},{"floor":30,"key":"REST"},{"data":"Clash","floor":32,"key":"SMITH"},{"data":"Bash","floor":40,"key":"SMITH"},{"data":"Strike_R","floor":45,"key":"SMITH"},{"floor":49,"key":"REST"}],"neow_cost":"NONE","seed_source_timestamp":727723001790808,"circlet_count":0,"master_deck":["Strike_R","Strike_R+1","Bash+1","Flex+1","Heavy Blade+1","J.A.X.+1","Clash+1","Flex+1"],"relics":["Burning Blood","NeowsBlessing","Bag of Marbles","Vajra","Mercury Hourglass","Busted Crown","Oddly Smooth Stone","Runic Dome","Red Mask","Happy Flower"],"potions_floor_usage":[10,42,50,50,50],"damage_taken":[{"damage":0,"enemies":"2 Louse","floor":1,"turns":1},{"damage":0,"enemies":"Small Slimes","floor":3,"turns":1},{"damage":0,"enemies":"Lagavulin","floor":6,"turns":1},{"damage":11,"enemies":"Jaw Worm","floor":8,"turns":2},{"damage":0,"enemies":"Gremlin Nob","floor":10,"turns":2},{"damage":11,"enemies":"Large Slime","floor":11,"turns":3},{"damage":0,"enemies":"2 Fungi Beasts","floor":13,"turns":2},{"damage":10,"enemies":"Looter","floor":14,"turns":2},{"damage":11,"enemies":"Slime Boss","floor":16,"turns":6},{"damage":0,"enemies":"Spheric Guardian","floor":18,"turns":2},{"damage":13,"enemies":"2 Thieves","floor":24,"turns":2},{"damage":10,"enemies":"Chosen and Byrds","floor":25,"turns":3},{"damage":15,"enemies":"Snake Plant","floor":28,"turns":2},{"damage":6,"enemies":"3 Cultists","floor":29,"turns":3},{"damage":53,"enemies":"Automaton","floor":33,"turns":5},{"damage":15,"enemies":"3 Shapes","floor":35,"turns":2},{"damage":9,"enemies":"3 Darklings","floor":41,"turns":2},{"damage":3,"enemies":"4 Shapes","floor":42,"turns":2},{"damage":0,"enemies":"Spire Growth","floor":44,"turns":2},{"damage":20,"enemies":"3 Darklings","floor":46,"turns":3},{"damage":22,"enemies":"Sphere and 2 Shapes","floor":47,"turns":2},{"damage":14,"enemies":"Writhing Mass","floor":48,"turns":2},{"damage":81,"enemies":"Awakened One","floor":50,"turns":4}],"seed_played":"-6543929826299588617","potions_obtained":[{"floor":3,"key":"FearPotion"},{"floor":6,"key":"LiquidBronze"},{"floor":10,"key":"Regen Potion"},{"floor":13,"key":"Block Potion"},{"floor":18,"key":"Weak Potion"},{"floor":33,"key":"SteroidPotion"},{"floor":42,"key":"Swift Potion"},{"floor":44,"key":"SteroidPotion"}],"is_trial":false,"path_per_floor":["M","?","M","?","$","E","R","M","T","E","M","$","M","M","R","B",null,"M","?","?","?","?","R","M","M","T","?","M","M","R","$","R","B",null,"M","$","?","?","?","R","M","M","T","M","R","M","M","M","R","B"],"character_chosen":"IRONCLAD","items_purchased":["Flex"],"campfire_rested":2,"item_purchase_floors":[36],"current_hp_per_floor":[80,80,80,73,73,79,79,74,74,80,75,75,80,76,76,71,80,80,80,80,80,80,80,73,69,69,69,60,60,80,80,80,33,80,71,71,71,71,71,71,68,71,71,77,77,63,47,39,63,0],"gold":134,"neow_bonus":"THREE_ENEMY_KILL","is_prod":false,"is_daily":false,"chose_seed":false,"campfire_upgraded":6,"win_rate":0,"timestamp":1555664486,"path_taken":["M","?","M","?","?","E","R","M","T","E","M","$","M","M","R","BOSS","M","?","?","?","?","R","M","M","T","?","?","M","R","$","R","BOSS","M","$","?","?","?","R","M","M","T","M","R","M","M","M","R","BOSS"],"build_version":"2019-01-23","purchased_purges":3,"victory":false,"max_hp_per_floor":[80,80,80,80,80,80,80,80,80,80,80,80,80,80,80,80,80,80,80,80,80,80,80,80,80,80,80,80,80,80,80,80,80,80,80,80,80,80,80,80,80,80,80,80,80,80,80,80,80,80],"card_choices":[{"not_picked":["Pummel","Thunderclap"],"picked":"Flex","floor":1},{"not_picked":["Feel No Pain","Flame Barrier"],"picked":"Heavy Blade","floor":3},{"not_picked":["Shrug It Off","Iron Wave","Spot Weakness"],"picked":"SKIP","floor":6},{"not_picked":["Evolve","Spot Weakness","Entrench"],"picked":"SKIP","floor":8},{"not_picked":["Corruption","Warcry","Offering"],"picked":"SKIP","floor":10},{"not_picked":["Wild Strike","Clothesline","Bloodletting"],"picked":"SKIP","floor":11},{"not_picked":["Body Slam","Twin Strike","Anger"],"picked":"SKIP","floor":13},{"not_picked":["Sever Soul","Body Slam","Heavy Blade"],"picked":"SKIP","floor":14},{"not_picked":["Searing Blow"],"picked":"SKIP","floor":18},{"not_picked":["Cleave"],"picked":"SKIP","floor":24},{"not_picked":["Thunderclap"],"picked":"SKIP","floor":25},{"not_picked":["Dual Wield"],"picked":"SKIP","floor":28},{"not_picked":["Fire Breathing"],"picked":"SKIP","floor":29},{"not_picked":["Armaments"],"picked":"SKIP","floor":35},{"not_picked":["Thunderclap+1"],"picked":"SKIP","floor":41},{"not_picked":["Sword Boomerang+1"],"picked":"SKIP","floor":42},{"not_picked":["Pummel+1"],"picked":"SKIP","floor":44},{"not_picked":["Iron Wave"],"picked":"SKIP","floor":46},{"not_picked":["Second Wind+1"],"picked":"SKIP","floor":47},{"not_picked":["Armaments"],"picked":"SKIP","floor":48}],"player_experience":127860,"relics_obtained":[{"floor":6,"key":"Bag of Marbles"},{"floor":9,"key":"Vajra"},{"floor":10,"key":"Mercury Hourglass"},{"floor":26,"key":"Oddly Smooth Stone"},{"floor":43,"key":"Happy Flower"}],"event_choices":[{"cards_removed":["Defend_R"],"damage_healed":0,"gold_gain":0,"player_choice":"Card Removal","damage_taken":0,"max_hp_gain":0,"max_hp_loss":0,"event_name":"The Cleric","floor":2,"gold_loss":50},{"cards_removed":["Defend_R"],"damage_healed":0,"gold_gain":0,"player_choice":"Card Removal","damage_taken":7,"max_hp_gain":0,"max_hp_loss":0,"event_name":"Golden Wing","floor":4,"gold_loss":0},{"cards_removed":["Strike_R"],"damage_healed":0,"gold_gain":0,"player_choice":"Elegance","damage_taken":0,"max_hp_gain":0,"max_hp_loss":0,"event_name":"Back to Basics","floor":19,"gold_loss":0},{"damage_healed":0,"gold_gain":0,"player_choice":"Obtain J.A.X.","damage_taken":0,"max_hp_gain":0,"max_hp_loss":0,"event_name":"Drug Dealer","floor":20,"gold_loss":0,"cards_obtained":["J.A.X."]},{"damage_healed":0,"gold_gain":0,"player_choice":"Paid Fearfully","damage_taken":0,"max_hp_gain":0,"max_hp_loss":0,"event_name":"Masked Bandits","floor":21,"gold_loss":209},{"damage_healed":0,"gold_gain":0,"player_choice":"Read","damage_taken":0,"max_hp_gain":0,"max_hp_loss":0,"event_name":"The Library","floor":22,"gold_loss":0,"cards_obtained":["Clash"]},{"damage_healed":0,"gold_gain":0,"player_choice":"Ignored","damage_taken":0,"max_hp_gain":0,"max_hp_loss":0,"event_name":"The Mausoleum","floor":27,"gold_loss":0},{"damage_healed":0,"gold_gain":0,"player_choice":"Paid","damage_taken":0,"relics_obtained":["Red Mask"],"max_hp_gain":0,"max_hp_loss":0,"event_name":"Tomb of Lord Red Mask","floor":37,"gold_loss":47},{"cards_removed":["Defend_R"],"damage_healed":0,"gold_gain":0,"player_choice":"Removed Skill","damage_taken":0,"max_hp_gain":0,"max_hp_loss":0,"event_name":"Falling","floor":38,"gold_loss":0},{"damage_healed":0,"gold_gain":0,"player_choice":"Upgraded","damage_taken":0,"max_hp_gain":0,"max_hp_loss":0,"event_name":"Upgrade Shrine","floor":39,"gold_loss":0,"cards_upgraded":["Flex"]}],"is_beta":false,"boss_relics":[{"not_picked":["Black Blood","Tiny House"],"picked":"Busted Crown"},{"not_picked":["Black Star","Mark of Pain"],"picked":"Runic Dome"}],"items_purged_floors":[5,12,36],"is_endless":false,"potions_floor_spawned":[3,6,10,13,14,18,28,29,33,42,44,48],"killed_by":"Awakened One","ascension_level":0}