{"gold_per_floor":[117,136,146,119,139,139,10,39,39,59,59,59,140,140,140,243,243,243,243,243,243,19,19,19],"floor_reached":24,"playtime":882,"items_purged":[],"score":196,"play_id":"30dd69a0-afe1-4870-abfb-d69efc7b17a5","local_time":"20190414084331","is_ascension_mode":false,"campfire_choices":[{"data":"Adrenaline","floor":6,"key":"SMITH"},{"floor":12,"key":"REST"},{"floor":15,"key":"REST"}],"neow_cost":"PERCENT_DAMAGE","seed_source_timestamp":0,"circlet_count":0,"master_deck":["Defend_G","Defend_G","Defend_G","Defend_G","Defend_G","Strike_G","Strike_G","Strike_G","Strike_G","Strike_G","Survivor","Neutralize","Adrenaline+1","Quick Slash","Infinite Blades+1","Deadly Poison","Noxious Fumes","Infinite Blades","Quick Slash","Footwork","PiercingWail+1","Corpse Explosion+1","RitualDagger","Infinite Blades","Bouncing Flask+1","PiercingWail+1"],"special_seed":0,"relics":["Ring of the Snake","Toxic Egg 2","Gremlin Horn","Mercury Hourglass","Ectoplasm","MutagenicStrength","Boot"],"potions_floor_usage":[16,16],"damage_taken":[{"damage":1,"enemies":"Cultist","floor":1,"turns":3},{"damage":0,"enemies":"2 Louse","floor":2,"turns":3},{"damage":0,"enemies":"Small Slimes","floor":3,"turns":3},{"damage":4,"enemies":"Blue Slaver","floor":5,"turns":3},{"damage":22,"enemies":"3 Sentries","floor":8,"turns":7},{"damage":5,"enemies":"3 Louse","floor":10,"turns":4},{"damage":38,"enemies":"The Guardian","floor":16,"turns":9},{"damage":15,"enemies":"3 Byrds","floor":18,"turns":3},{"damage":4,"enemies":"Spheric Guardian","floor":20,"turns":4},{"damage":33,"enemies":"Shelled Parasite and Fungi","floor":23,"turns":5},{"damage":16,"enemies":"Centurion and Healer","floor":24,"turns":2}],"seed_played":"-6152002170497487946","potions_obtained":[{"floor":2,"key":"Poison Potion"},{"floor":8,"key":"GhostInAJar"},{"floor":10,"key":"Explosive Potion"},{"floor":16,"key":"Poison Potion"}],"is_trial":false,"path_per_floor":["M","M","M","?","M","R","$","E","T","M","?","R","T","?","R","B",null,"M","?","M","?","$","M","M"],"character_chosen":"THE_SILENT","items_purchased":["Infinite Blades","Quick Slash","Boot","Bouncing Flask+1"],"campfire_rested":2,"item_purchase_floors":[7,7,22,22],"current_hp_per_floor":[48,48,48,48,44,44,44,22,22,17,17,38,38,38,59,21,70,55,49,45,45,45,12,0],"gold":19,"neow_bonus":"THREE_RARE_CARDS","is_prod":false,"is_daily":false,"chose_seed":false,"campfire_upgraded":1,"win_rate":0,"timestamp":1555256611,"path_taken":["M","?","M","?","M","R","$","E","T","M","?","R","?","?","R","BOSS","M","?","M","?","$","M","M"],"build_version":"2019-01-23","purchased_purges":0,"victory":false,"max_hp_per_floor":[70,70,70,70,70,70,70,70,70,70,70,70,70,70,70,70,70,70,70,70,70,70,70,70],"card_choices":[{"not_picked":["Storm of Steel","Grand Finale"],"picked":"Adrenaline","floor":0.0},{"not_picked":["Riddle With Holes","Dagger Spray"],"picked":"Quick Slash","floor":1},{"not_picked":["Deflect","Quick Slash"],"picked":"Infinite Blades","floor":2},{"not_picked":["Outmaneuver","Deflect"],"picked":"Deadly Poison","floor":3},{"not_picked":["Dagger Spray","Deadly Poison"],"picked":"Noxious Fumes","floor":5},{"not_picked":["Flying Knee","Dagger Spray"],"picked":"Footwork","floor":8},{"not_picked":["Deflect+1","Slice"],"picked":"PiercingWail+1","floor":10},{"not_picked":["Doppelganger+1","Adrenaline+1"],"picked":"Corpse Explosion+1","floor":16},{"not_picked":["Underhanded Strike+1","Setup+1","Outmaneuver+1"],"picked":"SKIP","floor":18},{"not_picked":["Blade Dance+1","Acrobatics+1"],"picked":"Infinite Blades","floor":20},{"not_picked":["Skewer","Predator"],"picked":"PiercingWail+1","floor":23}],"player_experience":705291,"relics_obtained":[{"floor":8,"key":"Toxic Egg 2"},{"floor":9,"key":"Gremlin Horn"},{"floor":13,"key":"Mercury Hourglass"}],"event_choices":[{"damage_healed":0,"gold_gain":0,"player_choice":"Left Gold","damage_taken":0,"max_hp_gain":0,"max_hp_loss":0,"event_name":"World of Goop","floor":4,"gold_loss":27},{"damage_healed":0,"gold_gain":0,"player_choice":"Grow","damage_taken":0,"max_hp_gain":0,"max_hp_loss":0,"event_name":"Living Wall","floor":11,"gold_loss":0,"cards_upgraded":["Infinite Blades"]},{"damage_healed":0,"gold_gain":0,"player_choice":"Ignored","damage_taken":0,"max_hp_gain":0,"max_hp_loss":0,"event_name":"Shining Light","floor":14,"gold_loss":0},{"damage_healed":0,"gold_gain":0,"player_choice":"Joined the Cult","damage_taken":6,"max_hp_gain":0,"max_hp_loss":0,"event_name":"Nest","floor":19,"gold_loss":0,"cards_obtained":["RitualDagger"]},{"damage_healed":0,"gold_gain":0,"player_choice":"Inject Mutagens","damage_taken":0,"relics_obtained":["MutagenicStrength"],"max_hp_gain":0,"max_hp_loss":0,"event_name":"Drug Dealer","floor":21,"gold_loss":0}],"is_beta":false,"boss_relics":[{"not_picked":["Coffee Dripper","Velvet Choker"],"picked":"Ectoplasm"}],"items_purged_floors":[],"is_endless":false,"potions_floor_spawned":[2,8,10,16],"killed_by":"Centurion and Healer","ascension_level":0}