{"path_per_floor":["M","M","M","?","$","R","?","M","T","M","M","R","M","?","R","B",null,"M","$","M","?","?","E","R","M","T","$","R","?","R","M","R"],"character_chosen":"IRONCLAD","items_purchased":["Armaments","Energy Potion","Vajra","Inflame"],"gold_per_floor":[116,129,146,146,101,101,176,194,221,235,254,254,265,215,215,314,314,326,123,142,67,67,92,92,104,104,30,30,30,30,42,42],"floor_reached":33,"campfire_rested":3,"playtime":21405,"current_hp_per_floor":[80,80,77,70,70,70,59,64,64,69,73,73,77,77,77,67,64,59,59,53,53,53,35,54,20,20,20,39,39,39,37,56],"items_purged":[],"gold":42,"play_id":"9166d568-606e-4960-a5b2-cc9e53367fb7","is_prod":false,"is_daily":false,"campfire_rituals":0,"campfire_upgraded":4,"is_hardmode":false,"path_taken":["M","M","M","?","$","R","?","M","T","M","M","R","M","?","R","BOSS","M","$","M","?","?","E","R","?","T","$","R","?","R","M","R","BOSS"],"build_version":"2018-01-18-PROD4","purchased_purges":1,"victory":false,"master_deck":["Strike_R","Strike_R","Strike_R","Strike_R","Defend_R","Defend_R","Defend_R","Defend_R","Pommel Strike","Seeing Red","Anger","Anger","Armaments","Shrug It Off","Offering","Armaments","Barricade","Searing Blow","Seeing Red","Inflame","Shrug It Off","Inflame","Decay","Dual Wield"],"max_hp_per_floor":[80,80,80,80,80,80,80,80,80,80,80,80,80,80,80,80,64,64,64,64,64,64,64,64,64,64,64,64,64,64,64,64],"relics":["Burning Blood","Blood Vial","Runic Cube","Vajra","Kunai","Frozen Eye"],"campfire_meditates":0,"card_choices":[{"not_picked":["Cleave","Twin Strike"],"picked":"Pommel Strike"},{"not_picked":["Reckless Charge","Warcry"],"picked":"Seeing Red"},{"not_picked":["Dropkick","Second Wind"],"picked":"Anger"},{"not_picked":["Twin Strike","Reckless Charge"],"picked":"Anger"},{"not_picked":["Whirlwind","Clothesline"],"picked":"Shrug It Off"},{"not_picked":["Thunderclap","Seeing Red"],"picked":"Offering"},{"not_picked":["Heavy Blade","Rupture"],"picked":"Armaments"},{"not_picked":["Dark Embrace","Reaper"],"picked":"Barricade"},{"not_picked":["Heavy Blade","Perfected Strike"],"picked":"Clash"},{"not_picked":["Heavy Blade","Sever Soul"],"picked":"Searing Blow"},{"not_picked":["Heavy Blade","Flame Barrier"],"picked":"Inflame"},{"not_picked":["Iron Wave","Flame Barrier"],"picked":"Shrug It Off"},{"not_picked":["Intimidate","Iron Wave"],"picked":"Dual Wield"}],"player_experience":69677,"potions_floor_usage":[16,16,23,23,23,33],"damage_taken":[{"damage":5,"enemies":"Jaw Worm","floor":1,"turns":6},{"damage":0,"enemies":"Small Slimes","floor":2,"turns":3},{"damage":9,"enemies":"Blue Slaver","floor":3,"turns":4},{"damage":1,"enemies":"Exordium Wildlife","floor":8,"turns":5},{"damage":3,"enemies":"Large Slime","floor":10,"turns":4},{"damage":4,"enemies":"2 Fungi Beasts","floor":11,"turns":3},{"damage":4,"enemies":"3 Louse","floor":13,"turns":2},{"damage":18,"enemies":"Hexaghost","floor":16,"turns":9},{"damage":11,"enemies":"Spheric Guardian","floor":18,"turns":6},{"damage":14,"enemies":"3 Byrds","floor":20,"turns":5},{"damage":32,"enemies":"Gremlin Leader","floor":23,"turns":8},{"damage":42,"enemies":"Snecko","floor":25,"turns":9},{"damage":10,"enemies":"Snake Plant","floor":31,"turns":5},{"damage":93,"enemies":"Collector","floor":33,"turns":7}],"event_choices":[{"event_name":"Golden Wing","player_choice":"Card Removal","floor":4,"damage_taken":0},{"event_name":"World of Goop","player_choice":"Gather Gold","floor":7,"damage_taken":0},{"event_name":"The Cleric","player_choice":"Card Removal","floor":14,"damage_taken":0},{"event_name":"Beggar","player_choice":"Gave Gold","floor":21,"damage_taken":0},{"event_name":"The Library","player_choice":"Read","floor":22,"damage_taken":0},{"event_name":"Forgotten Altar","player_choice":"Smashed Altar","floor":29,"damage_taken":0}],"boss_relics":[{"not_picked":["Black Blood","Black Star"],"picked":"Runic Cube"}],"potions_floor_spawned":[1,2,10,11,20,23,25],"seed_played":"1075793390594608463","killed_by":"Collector","is_trial":false}