{"gold_per_floor":[119,47,58,71,36,61,81,81,81,99,99,99,142,20,20,149,149,164,43,43,46,67,67,67,67,67,67,88,108,108,133,133,258,258,278,28,28,28,28,28,53,78,78,78,98,98,98,38,38,38,38,38,10,10],"floor_reached":54,"playtime":2708,"items_purged":["Pain"],"score":622,"play_id":"d1faa0b4-534a-4b18-a0ef-9ec2d53ad970","local_time":"20190324113741","is_ascension_mode":false,"campfire_choices":[{"floor":8.0,"key":"REST"},{"floor":11.0,"key":"RECALL"},{"floor":15.0,"key":"REST"},{"data":"Chaos","floor":23.0,"key":"SMITH"},{"floor":32.0,"key":"REST"},{"floor":40.0,"key":"REST"},{"floor":44.0,"key":"REST"},{"data":"Darkness","floor":46.0,"key":"SMITH"},{"floor":49.0,"key":"REST"},{"floor":52.0,"key":"REST"}],"neow_cost":"NONE","seed_source_timestamp":384421305950531,"circlet_count":0,"master_deck":["Dualcast+1","Coolheaded+1","Leap+1","Conserve Battery+1","Tempest+1","Leap+1","White Noise+1","Chaos+1","Seek+1","Defragment+1","Defragment+1","Meteor Strike+1","Stack+1","BootSequence+1","Conserve Battery+1","Rip and Tear+1","Force Field+1","Melter+1","Go for the Eyes+1","Defragment+1","Capacitor+1","Skim+1","Rebound+1","Undo+1","Aggregate+1","Capacitor+1","Glacier+1","Creative AI+1","Capacitor+1","Hologram+1","Darkness+1","Static Discharge"],"special_seed":0,"relics":["Cracked Core","Blue Candle","The Courier","Golden Idol","Happy Flower","Pandora\u0027s Box","Pantograph","Philosopher\u0027s Stone","Incense Burner","Mark of the Bloom","Bottled Lightning"],"potions_floor_usage":[],"damage_taken":[{"damage":6.0,"enemies":"Jaw Worm","floor":1.0,"turns":3.0},{"damage":1.0,"enemies":"Cultist","floor":3.0,"turns":3.0},{"damage":8.0,"enemies":"2 Louse","floor":4.0,"turns":3.0},{"damage":26.0,"enemies":"Lagavulin","floor":6.0,"turns":11.0},{"damage":2.0,"enemies":"Blue Slaver","floor":7.0,"turns":4.0},{"damage":3.0,"enemies":"Red Slaver","floor":10.0,"turns":3.0},{"damage":37.0,"enemies":"Gremlin Nob","floor":13.0,"turns":5.0},{"damage":25.0,"enemies":"Slime Boss","floor":16.0,"turns":12.0},{"damage":4.0,"enemies":"3 Byrds","floor":18.0,"turns":6.0},{"damage":6.0,"enemies":"2 Thieves","floor":21.0,"turns":4.0},{"damage":2.0,"enemies":"Sentry and Sphere","floor":22.0,"turns":4.0},{"damage":2.0,"enemies":"3 Cultists","floor":27.0,"turns":3.0},{"damage":4.0,"enemies":"Snecko","floor":28.0,"turns":5.0},{"damage":20.0,"enemies":"Shelled Parasite and Fungi","floor":29.0,"turns":5.0},{"damage":3.0,"enemies":"Sentry and Sphere","floor":31.0,"turns":5.0},{"damage":15.0,"enemies":"Champ","floor":33.0,"turns":14.0},{"damage":1.0,"enemies":"3 Shapes","floor":35.0,"turns":7.0},{"damage":2.0,"enemies":"Orb Walker","floor":41.0,"turns":4.0},{"damage":14.0,"enemies":"Spire Growth","floor":42.0,"turns":5.0},{"damage":9.0,"enemies":"3 Darklings","floor":45.0,"turns":5.0},{"damage":38.0,"enemies":"Donu and Deca","floor":50.0,"turns":10.0},{"damage":14,"enemies":"Shield and Spear","floor":54,"turns":5}],"seed_played":"-5384605349915150471","potions_obtained":[{"floor":6.0,"key":"EntropicBrew"},{"floor":13.0,"key":"Fruit Juice"},{"floor":21.0,"key":"EssenceOfSteel"},{"floor":31.0,"key":"PowerPotion"},{"floor":35.0,"key":"LiquidBronze"},{"floor":41.0,"key":"PowerPotion"}],"is_trial":false,"path_per_floor":["M","?","M","M","$","E","M","R","T","M","R","?","E","$","R","B",null,"M","$","?","M","M","R","?","?","T","M","M","M","?","M","R","B",null,"M","$","?","?","?","R","M","M","T","R","M","R","?","$","R","B",null,"R","$","E"],"character_chosen":"DEFECT","items_purchased":["Tempest","Defragment","Defragment","Defragment","Capacitor","Incense Burner","Static Discharge"],"campfire_rested":7,"item_purchase_floors":[5,14,14,19,19,36,53],"current_hp_per_floor":[76,76,75,67,67,41,39,63,63,60,60,60,23,23,47,27,87,83,83,75,69,67,67,67,67,67,65,61,41,41,38,64,72,87,86,86,86,86,83,83,81,67,67,67,58,58,50,50,50,12,12,12,12,0],"gold":10,"neow_bonus":"TEN_PERCENT_HP_BONUS","is_prod":false,"is_daily":false,"chose_seed":false,"campfire_upgraded":2,"win_rate":0,"timestamp":1553452661,"path_taken":["M","?","M","?","?","E","M","R","T","M","R","?","E","$","R","BOSS","M","$","?","?","M","R","?","?","T","M","M","M","?","M","R","BOSS","M","$","?","?","?","R","M","M","T","R","M","R","?","$","R","BOSS","R","$","E"],"build_version":"2019-01-23","purchased_purges":1,"victory":false,"max_hp_per_floor":[82,82,82,82,82,82,82,82,82,82,82,82,82,82,82,87,87,87,87,87,87,87,87,87,87,87,87,87,87,87,87,87,87,87,87,87,87,87,83,83,83,83,83,83,83,83,83,83,83,83,83,83,83,83],"card_choices":[{"not_picked":["Steam","Ball Lightning"],"picked":"Coolheaded","floor":1.0},{"not_picked":["Hologram","Ball Lightning"],"picked":"Leap","floor":3.0},{"not_picked":["Streamline","Beam Cell"],"picked":"Conserve Battery","floor":4.0},{"not_picked":["Gash","Stack"],"picked":"Leap","floor":6.0},{"not_picked":["Tempest","Coolheaded"],"picked":"White Noise","floor":7.0},{"not_picked":["White Noise","Skim"],"picked":"Chaos","floor":10.0},{"not_picked":["Gash","Cold Snap"],"picked":"Seek","floor":13.0},{"not_picked":["Buffer","Machine Learning"],"picked":"Meteor Strike","floor":16.0},{"not_picked":["Sweeping Beam","Steam","Streamline"],"picked":"SKIP","floor":18.0},{"not_picked":["Gash","Cold Snap"],"picked":"Skim+1","floor":21.0},{"not_picked":["Compile Driver","Storm"],"picked":"Rebound","floor":22.0},{"not_picked":["Gash","Streamline"],"picked":"Undo","floor":28.0},{"not_picked":["Biased Cognition","Steam"],"picked":"Aggregate","floor":29.0},{"not_picked":["Stack","Steam+1"],"picked":"Glacier","floor":31.0},{"not_picked":["All For One","Buffer"],"picked":"Creative AI","floor":33.0},{"not_picked":["Beam Cell","Fusion"],"picked":"Capacitor+1","floor":35.0},{"not_picked":["Gash+1","Steam+1","Streamline"],"picked":"SKIP","floor":41.0},{"not_picked":["Gash","Barrage+1"],"picked":"Hologram+1","floor":42.0},{"not_picked":["Sweeping Beam+1","Gash"],"picked":"Darkness","floor":45.0}],"player_experience":638236,"relics_obtained":[{"floor":6.0,"key":"The Courier"},{"floor":13.0,"key":"Happy Flower"},{"floor":26.0,"key":"Pantograph"},{"floor":43.0,"key":"Bottled Lightning"}],"event_choices":[{"damage_healed":0.0,"max_hp_gain":0.0,"max_hp_loss":0.0,"gold_gain":0.0,"event_name":"WeMeetAgain","player_choice":"Paid Gold","floor":2.0,"gold_loss":72.0,"damage_taken":0.0,"relics_obtained":["Blue Candle"]},{"damage_healed":0.0,"max_hp_gain":0.0,"max_hp_loss":0.0,"gold_gain":0.0,"event_name":"Golden Idol","player_choice":"Take Wound","floor":12.0,"gold_loss":0.0,"damage_taken":0.0,"relics_obtained":["Golden Idol"],"cards_obtained":["Injury"]},{"damage_healed":0.0,"max_hp_gain":0.0,"max_hp_loss":0.0,"gold_gain":0.0,"event_name":"Wheel of Change","player_choice":"Damaged","floor":20.0,"gold_loss":0.0,"damage_taken":8.0},{"damage_healed":0.0,"max_hp_gain":0.0,"max_hp_loss":0.0,"gold_gain":0.0,"event_name":"Vampires","player_choice":"Ignored","floor":25.0,"gold_loss":0.0,"damage_taken":0.0},{"damage_healed":0.0,"max_hp_gain":0.0,"max_hp_loss":0.0,"gold_gain":0.0,"cards_transformed":["Injury","Streamline"],"event_name":"Drug Dealer","player_choice":"Became Test Subject","floor":30.0,"gold_loss":0.0,"damage_taken":0.0,"cards_obtained":["Pain","Capacitor"]},{"cards_removed":["Zap"],"damage_healed":0.0,"max_hp_gain":0.0,"max_hp_loss":0.0,"gold_gain":0.0,"event_name":"Falling","player_choice":"Removed Skill","floor":37.0,"gold_loss":0.0,"damage_taken":0.0},{"damage_healed":0.0,"max_hp_gain":0.0,"max_hp_loss":0.0,"gold_gain":0.0,"event_name":"MindBloom","player_choice":"Upgrade","floor":38.0,"gold_loss":0.0,"damage_taken":0.0,"cards_upgraded":["Dualcast","Coolheaded","Leap","Conserve Battery","Tempest","Leap","White Noise","Seek","Defragment","Defragment","Meteor Strike","Stack","BootSequence","Conserve Battery","Rip and Tear","Force Field","Melter","Go for the Eyes","Defragment","Capacitor","Rebound","Undo","Aggregate","Capacitor","Glacier","Creative AI"],"relics_obtained":["Mark of the Bloom"]},{"damage_healed":0.0,"max_hp_gain":0.0,"max_hp_loss":4.0,"gold_gain":0.0,"event_name":"Winding Halls","player_choice":"Max HP","floor":39.0,"gold_loss":0.0,"damage_taken":0.0},{"damage_healed":0.0,"max_hp_gain":0.0,"max_hp_loss":0.0,"gold_gain":0.0,"event_name":"Wheel of Change","player_choice":"Damaged","floor":47.0,"gold_loss":0.0,"damage_taken":8.0}],"is_beta":false,"boss_relics":[{"not_picked":["Calling Bell","Tiny House"],"picked":"Pandora\u0027s Box"},{"not_picked":["Orrery","Empty Cage"],"picked":"Philosopher\u0027s Stone"}],"items_purged_floors":[48],"is_endless":false,"potions_floor_spawned":[6,10,13,21,22,31,35,41],"killed_by":"Shield and Spear","ascension_level":0}