{"gold_per_floor":[110,84,100,118,136,164,180,214,214,239,251,297,309,340,352,364],"floor_reached":16,"playtime":1196,"items_purged":[],"score":136,"play_id":"3224b014-36dd-43c7-a094-026d42b49ee2","local_time":"20190401200907","is_ascension_mode":true,"campfire_choices":[{"floor":15.0,"key":"REST"}],"neow_cost":"NONE","seed_source_timestamp":1620614990673350,"circlet_count":0,"master_deck":["Strike_R","Strike_R","Strike_R","Strike_R","Strike_R","Defend_R","Defend_R","Defend_R","Defend_R","Bash+1","Infernal Blade","True Grit","Headbutt","Infernal Blade","Intimidate","Inflame","Dropkick","Combust","Flex","Parasite","Ghostly Armor","Cleave"],"special_seed":0,"relics":["Burning Blood","Boot","Magic Flower","MawBank","Happy Flower"],"potions_floor_usage":[16],"damage_taken":[{"damage":10.0,"enemies":"2 Louse","floor":1.0,"turns":3.0},{"damage":7.0,"enemies":"Jaw Worm","floor":3.0,"turns":3.0},{"damage":13.0,"enemies":"Small Slimes","floor":4.0,"turns":4.0},{"damage":2.0,"enemies":"3 Louse","floor":5.0,"turns":3.0},{"damage":33.0,"enemies":"Lagavulin","floor":6.0,"turns":4.0},{"damage":13.0,"enemies":"2 Fungi Beasts","floor":7.0,"turns":3.0},{"damage":15.0,"enemies":"3 Sentries","floor":8.0,"turns":4.0},{"damage":15.0,"enemies":"Exordium Wildlife","floor":10.0,"turns":3.0},{"damage":31.0,"enemies":"Lagavulin","floor":12.0,"turns":8.0},{"damage":8.0,"enemies":"Red Slaver","floor":14.0,"turns":3.0},{"damage":59,"enemies":"Hexaghost","floor":16,"turns":9}],"seed_played":"3030224166827062991","potions_obtained":[{"floor":3.0,"key":"EssenceOfSteel"},{"floor":7.0,"key":"Explosive Potion"},{"floor":10.0,"key":"BloodPotion"},{"floor":12.0,"key":"Energy Potion"}],"is_trial":false,"path_per_floor":["M","$","M","M","M","E","M","E","T","M","?","E","?","M","R","B"],"character_chosen":"IRONCLAD","items_purchased":["True Grit"],"campfire_rested":1,"item_purchase_floors":[2],"current_hp_per_floor":[76,76,75,68,72,45,38,29,29,23,43,33,33,34,58,0],"gold":364,"neow_bonus":"UPGRADE_CARD","is_prod":false,"is_daily":false,"chose_seed":false,"campfire_upgraded":0,"win_rate":0,"timestamp":1554142147,"path_taken":["M","$","M","M","M","E","M","E","T","M","?","E","?","?","R","BOSS"],"build_version":"2019-01-23","purchased_purges":0,"victory":false,"max_hp_per_floor":[80,80,80,80,80,80,80,80,80,80,80,80,80,80,80,80],"card_choices":[{"not_picked":["Iron Wave","Uppercut"],"picked":"Infernal Blade","floor":1.0},{"not_picked":["Clothesline","Havoc"],"picked":"Headbutt","floor":3.0},{"not_picked":["Twin Strike","Perfected Strike"],"picked":"Infernal Blade","floor":4.0},{"not_picked":["Uppercut","Dropkick"],"picked":"Intimidate","floor":5.0},{"not_picked":["Hemokinesis","Bludgeon"],"picked":"Inflame","floor":6.0},{"not_picked":["Rupture","Searing Blow"],"picked":"Dropkick","floor":7.0},{"not_picked":["Rupture","Heavy Blade"],"picked":"Combust","floor":8.0},{"not_picked":["Clash","Heavy Blade"],"picked":"Flex","floor":10.0},{"not_picked":["Dual Wield","Brutality"],"picked":"Ghostly Armor","floor":12.0},{"not_picked":["Flex","Shockwave"],"picked":"Cleave","floor":14.0}],"player_experience":83668,"relics_obtained":[{"floor":6.0,"key":"Boot"},{"floor":8.0,"key":"Magic Flower"},{"floor":9.0,"key":"MawBank"},{"floor":12.0,"key":"Happy Flower"}],"event_choices":[{"damage_healed":20.0,"max_hp_gain":0.0,"max_hp_loss":0.0,"gold_gain":0.0,"event_name":"Mushrooms","player_choice":"Healed and dodged fight","floor":11.0,"gold_loss":0.0,"damage_taken":0.0,"cards_obtained":["Parasite"]},{"damage_healed":0.0,"max_hp_gain":0.0,"max_hp_loss":0.0,"gold_gain":0.0,"event_name":"Liars Game","player_choice":"Ignored","floor":13.0,"gold_loss":0.0,"damage_taken":0.0}],"is_beta":false,"boss_relics":[],"items_purged_floors":[],"is_endless":false,"potions_floor_spawned":[3,7,10,12],"killed_by":"Hexaghost","ascension_level":2}