{"gold_per_floor":[110,127,137,150,150,150,180,198,198,198,41,41,41,70,70,70],"floor_reached":16,"playtime":655,"items_purged":[],"score":195,"play_id":"08318aa4-097e-4781-917a-c9c4f217bc11","local_time":"20190620125138","is_ascension_mode":true,"campfire_choices":[{"data":"Rampage","floor":6,"key":"SMITH"},{"floor":10,"key":"REST"},{"data":"True Grit","floor":12,"key":"SMITH"},{"floor":15,"key":"REST"}],"neow_cost":"NONE","seed_source_timestamp":251539036467651,"circlet_count":0,"master_deck":["AscendersBane","Strike_R","Strike_R","Strike_R","Strike_R","Strike_R","Defend_R+1","Defend_R","Defend_R","Defend_R+1","Bash","Rampage+1","Headbutt","Ghostly Armor","True Grit+1","Impervious","Seeing Red"],"relics":["Burning Blood","Boot","Pantograph","Ice Cream","Sundial","War Paint","Blue Candle","Odd Mushroom"],"potions_floor_usage":[7,8],"damage_taken":[{"damage":6,"enemies":"Cultist","floor":1,"turns":3},{"damage":4,"enemies":"2 Louse","floor":2,"turns":3},{"damage":7,"enemies":"Small Slimes","floor":3,"turns":3},{"damage":22,"enemies":"Gremlin Gang","floor":4,"turns":7},{"damage":24,"enemies":"Gremlin Nob","floor":7,"turns":4},{"damage":7,"enemies":"Exordium Wildlife","floor":8,"turns":4},{"damage":31,"enemies":"The Mushroom Lair","floor":14,"turns":7},{"damage":70,"enemies":"Slime Boss","floor":16,"turns":11}],"seed_played":"2237160483770256121","potions_obtained":[{"floor":1,"key":"Weak Potion"},{"floor":3,"key":"FairyPotion"},{"floor":7,"key":"Explosive Potion"}],"is_trial":false,"path_per_floor":["M","M","M","M","T","R","E","M","T","R","$","R","?","?","R","B"],"character_chosen":"IRONCLAD","items_purchased":["War Paint"],"campfire_rested":2,"item_purchase_floors":[11],"current_hp_per_floor":[68,70,69,53,53,53,35,34,34,56,56,56,30,13,35,0],"gold":70,"neow_bonus":"RANDOM_COMMON_RELIC","is_prod":false,"is_daily":false,"chose_seed":false,"campfire_upgraded":2,"win_rate":0,"timestamp":1561045898,"path_taken":["M","M","?","M","?","R","E","M","T","R","$","R","?","?","R","BOSS"],"build_version":"2019-01-23","purchased_purges":0,"victory":false,"max_hp_per_floor":[75,75,75,75,75,75,75,75,75,75,75,75,75,75,75,75],"card_choices":[{"not_picked":["Combust","Entrench"],"picked":"Rampage","floor":1},{"not_picked":["Wild Strike","Warcry"],"picked":"Headbutt","floor":2},{"not_picked":["Anger","Body Slam"],"picked":"Ghostly Armor","floor":3},{"not_picked":["Headbutt","Twin Strike"],"picked":"True Grit","floor":4},{"not_picked":["Entrench","Warcry"],"picked":"Impervious","floor":7},{"not_picked":["Pommel Strike","Cleave"],"picked":"Seeing Red","floor":8}],"player_experience":1109553,"relics_obtained":[{"floor":5,"key":"Pantograph"},{"floor":7,"key":"Ice Cream"},{"floor":9,"key":"Sundial"},{"floor":14,"key":"Odd Mushroom"}],"event_choices":[{"damage_healed":0,"gold_gain":0,"player_choice":"Success","damage_taken":26,"relics_obtained":["Blue Candle"],"max_hp_gain":0,"max_hp_loss":0,"event_name":"Scrap Ooze","floor":13,"gold_loss":0},{"damage_healed":0,"gold_gain":0,"player_choice":"Fought Mushrooms","damage_taken":0,"max_hp_gain":0,"max_hp_loss":0,"event_name":"Mushrooms","floor":14,"gold_loss":0}],"is_beta":false,"boss_relics":[],"items_purged_floors":[],"is_endless":false,"potions_floor_spawned":[1,3,7],"killed_by":"Slime Boss","ascension_level":19}