{"gold_per_floor":[110,124,124,49,49,49,84,61,115,115,134,104,118,143,143,241,241,252,252,252,60,73,73,73,88,139,165,165,184,201,75,75,75],"floor_reached":33,"playtime":1397,"items_purged":["Strike_G","Strike_G"],"score":328,"play_id":"55702828-03c2-4b6e-a7b7-b0c5d9d6791b","local_time":"20190518192029","is_ascension_mode":true,"campfire_choices":[{"data":"Noxious Fumes","floor":6,"key":"SMITH"},{"floor":10,"key":"REST"},{"data":"Deadly Poison","floor":15,"key":"SMITH"},{"floor":28,"key":"REST"},{"floor":32,"key":"REST"}],"neow_cost":"NONE","seed_source_timestamp":222373481711938,"circlet_count":0,"master_deck":["Defend_G","Defend_G","Defend_G","Defend_G","Defend_G","Strike_G","Strike_G","Survivor","Neutralize+1","Noxious Fumes+1","Deadly Poison+1","Caltrops","Deadly Poison","PiercingWail","Adrenaline","Deadly Poison+1","Necronomicurse","Acrobatics"],"relics":["Ring of the Snake","Ancient Tea Set","Meat on the Bone","Lantern","Snake Skull","HoveringKite","MutagenicStrength","TwistedFunnel","Necronomicon","Oddly Smooth Stone","Pocketwatch"],"potions_floor_usage":[18,25,27,27,33],"damage_taken":[{"damage":0,"enemies":"Cultist","floor":1,"turns":3},{"damage":6,"enemies":"2 Louse","floor":2,"turns":3},{"damage":22,"enemies":"Lagavulin","floor":7,"turns":7},{"damage":0,"enemies":"Jaw Worm","floor":11,"turns":3},{"damage":0,"enemies":"Exordium Wildlife","floor":13,"turns":5},{"damage":11,"enemies":"3 Sentries","floor":14,"turns":6},{"damage":13,"enemies":"The Guardian","floor":16,"turns":7},{"damage":0,"enemies":"3 Byrds","floor":18,"turns":4},{"damage":14,"enemies":"Spheric Guardian","floor":22,"turns":4},{"damage":17,"enemies":"Snake Plant","floor":25,"turns":3},{"damage":9,"enemies":"Gremlin Leader","floor":27,"turns":6},{"damage":3,"enemies":"Snecko","floor":29,"turns":4},{"damage":6,"enemies":"Centurion and Healer","floor":30,"turns":5},{"damage":80,"enemies":"Champ","floor":33,"turns":7}],"seed_played":"-5263131338975097217","potions_obtained":[{"floor":7,"key":"Regen Potion"},{"floor":11,"key":"PowerPotion"},{"floor":12,"key":"GhostInAJar"},{"floor":13,"key":"Explosive Potion"},{"floor":18,"key":"AttackPotion"},{"floor":22,"key":"Explosive Potion"},{"floor":29,"key":"Poison Potion"}],"is_trial":false,"path_per_floor":["M","M","?","$","T","R","E","$","T","R","M","?","M","E","R","B",null,"M","?","?","$","M","$","?","M","T","E","R","M","M","$","R","B"],"character_chosen":"THE_SILENT","items_purchased":["Deadly Poison","TwistedFunnel","Acrobatics"],"campfire_rested":3,"item_purchase_floors":[8,21,31],"current_hp_per_floor":[70,64,64,64,64,64,42,42,42,63,63,63,63,52,52,39,70,70,70,70,70,56,56,40,35,35,41,62,59,53,53,70,0],"gold":75,"neow_bonus":"UPGRADE_CARD","is_prod":false,"is_daily":false,"chose_seed":false,"campfire_upgraded":2,"win_rate":0,"timestamp":1558200029,"path_taken":["M","M","?","$","?","R","E","$","T","R","M","?","M","E","R","BOSS","M","?","?","?","?","$","?","M","T","E","R","M","M","$","R","BOSS"],"build_version":"2019-01-23","purchased_purges":2,"victory":false,"max_hp_per_floor":[70,70,70,70,70,70,70,70,70,70,70,70,70,70,70,70,70,70,70,70,70,70,70,70,70,70,70,70,70,70,70,70,70],"card_choices":[{"not_picked":["Prepared","Dodge and Roll"],"picked":"Noxious Fumes","floor":1},{"not_picked":["Dagger Throw","Tactician"],"picked":"Deadly Poison","floor":2},{"not_picked":["Die Die Die","Unload"],"picked":"Caltrops","floor":7},{"not_picked":["Endless Agony","Accuracy","Dagger Spray"],"picked":"SKIP","floor":11},{"not_picked":["Masterful Stab","Infinite Blades","Expertise"],"picked":"SKIP","floor":13},{"not_picked":["Choke","Flechettes"],"picked":"PiercingWail","floor":14},{"not_picked":["Burst","After Image"],"picked":"Adrenaline","floor":16},{"not_picked":["Accuracy+1","Dodge and Roll","Dagger Spray+1"],"picked":"SKIP","floor":18},{"not_picked":["Finisher","Concentrate"],"picked":"Deadly Poison+1","floor":22},{"not_picked":["Infinite Blades+1","Flying Knee","Underhanded Strike"],"picked":"SKIP","floor":25},{"not_picked":["Malaise","Escape Plan","All Out Attack+1"],"picked":"SKIP","floor":27},{"not_picked":["Flying Knee","Quick Slash","Noxious Fumes"],"picked":"SKIP","floor":29},{"not_picked":["Masterful Stab","Leg Sweep","Flying Knee"],"picked":"SKIP","floor":30}],"player_experience":201301,"relics_obtained":[{"floor":5,"key":"Ancient Tea Set"},{"floor":7,"key":"Meat on the Bone"},{"floor":9,"key":"Lantern"},{"floor":14,"key":"Snake Skull"},{"floor":24,"key":"Necronomicon"},{"floor":26,"key":"Oddly Smooth Stone"},{"floor":27,"key":"Pocketwatch"}],"event_choices":[{"cards_removed":["Strike_G"],"damage_healed":0,"gold_gain":0,"player_choice":"Offered Basic","damage_taken":0,"max_hp_gain":0,"max_hp_loss":0,"event_name":"Bonfire Elementals","floor":3,"gold_loss":0},{"damage_healed":0,"gold_gain":0,"player_choice":"Bought 2 Potions","damage_taken":0,"max_hp_gain":0,"max_hp_loss":0,"event_name":"The Woman in Blue","floor":12,"gold_loss":0},{"damage_healed":0,"gold_gain":0,"player_choice":"Ignored","damage_taken":0,"max_hp_gain":0,"max_hp_loss":0,"event_name":"Vampires","floor":19,"gold_loss":0},{"damage_healed":0,"gold_gain":0,"player_choice":"Inject Mutagens","damage_taken":0,"relics_obtained":["MutagenicStrength"],"max_hp_gain":0,"max_hp_loss":0,"event_name":"Drug Dealer","floor":20,"gold_loss":0},{"damage_healed":0,"gold_gain":0,"player_choice":"Obtained Book","damage_taken":16,"max_hp_gain":0,"max_hp_loss":0,"event_name":"Cursed Tome","floor":24,"gold_loss":0}],"is_beta":false,"boss_relics":[{"not_picked":["Fusion Hammer","Snecko Eye"],"picked":"HoveringKite"}],"items_purged_floors":[4,31],"is_endless":false,"potions_floor_spawned":[7,11,13,14,18,22,29],"killed_by":"Champ","ascension_level":4}