{"gold_per_floor":[116,116,116,116,116,116,147,147,202,213,226,254,209],"floor_reached":13,"playtime":339,"items_purged":[],"score":114,"play_id":"db5dc9fe-122d-4798-ad2d-b83252f46585","local_time":"20190410181223","is_ascension_mode":true,"campfire_choices":[{"data":"Armaments","floor":6,"key":"SMITH"},{"floor":8,"key":"REST"}],"neow_cost":"NONE","seed_source_timestamp":172703094773004,"circlet_count":0,"master_deck":["Strike_R","Strike_R","Strike_R","Strike_R","Defend_R","Defend_R","Defend_R","Defend_R","Armaments+1","Entrench","Iron Wave"],"relics":["Burning Blood","Champion Belt","Bag of Marbles","Gremlin Horn"],"potions_floor_usage":[13],"damage_taken":[{"damage":11,"enemies":"2 Louse","floor":1,"turns":3},{"damage":56,"enemies":"Lagavulin","floor":7,"turns":8},{"damage":1,"enemies":"Cultist","floor":10,"turns":4},{"damage":4,"enemies":"Small Slimes","floor":11,"turns":4},{"damage":49,"enemies":"Gremlin Nob","floor":12,"turns":6},{"damage":20,"enemies":"Exordium Thugs","floor":13,"turns":3}],"seed_played":"4345736034367489491","potions_obtained":[{"floor":11,"key":"Dexterity Potion"}],"is_trial":false,"path_per_floor":["M","?","$","?","?","R","E","R","T","M","M","E","M"],"character_chosen":"IRONCLAD","items_purchased":[],"campfire_rested":1,"item_purchase_floors":[],"current_hp_per_floor":[75,75,75,75,80,80,30,54,54,59,61,18,0],"gold":209,"neow_bonus":"REMOVE_CARD","is_prod":false,"is_daily":false,"chose_seed":false,"campfire_upgraded":1,"win_rate":0,"timestamp":1554912743,"path_taken":["M","?","$","?","?","R","E","R","T","M","?","E","M"],"build_version":"2019-01-23","purchased_purges":0,"victory":false,"max_hp_per_floor":[80,80,80,80,80,80,80,80,80,80,80,80,80],"card_choices":[{"not_picked":["Clash","Heavy Blade"],"picked":"Armaments","floor":1},{"not_picked":["Whirlwind","Perfected Strike","Ghostly Armor"],"picked":"SKIP","floor":7},{"not_picked":["True Grit","Cleave"],"picked":"Entrench","floor":10},{"not_picked":["Anger","Armaments","Disarm"],"picked":"SKIP","floor":11},{"not_picked":["Carnage","Searing Blow"],"picked":"Iron Wave","floor":12}],"player_experience":108955,"relics_obtained":[{"floor":7,"key":"Champion Belt"},{"floor":9,"key":"Bag of Marbles"},{"floor":12,"key":"Gremlin Horn"}],"event_choices":[{"cards_removed":["Strike_R"],"damage_healed":0,"gold_gain":0,"player_choice":"Offered Basic","damage_taken":0,"max_hp_gain":0,"max_hp_loss":0,"event_name":"Bonfire Elementals","floor":2,"gold_loss":0},{"damage_healed":0,"gold_gain":0,"player_choice":"Ignored","damage_taken":0,"max_hp_gain":0,"max_hp_loss":0,"event_name":"Golden Idol","floor":4,"gold_loss":0},{"damage_healed":5,"gold_gain":0,"player_choice":"Full Heal","damage_taken":0,"max_hp_gain":0,"max_hp_loss":0,"event_name":"Wheel of Change","floor":5,"gold_loss":0}],"is_beta":false,"boss_relics":[],"items_purged_floors":[],"is_endless":false,"potions_floor_spawned":[11],"killed_by":"Exordium Thugs","ascension_level":5}