{"gold_per_floor":[216,226,238,238,192,223,243,243,267,279,310,342,385,18,18,113,113,129,129,129,140,156,181,192,205,205,215,228,262,262,289,289,289],"floor_reached":33,"playtime":2576,"items_purged":["Whirlwind"],"score":527,"play_id":"23fdf768-13b8-4063-ac9d-cc7149b23cba","local_time":"20190426200927","is_ascension_mode":true,"campfire_choices":[{"data":"Metallicize","floor":10.0,"key":"SMITH"},{"floor":15.0,"key":"REST"},{"floor":30,"key":"REST"},{"data":"Immolate","floor":32,"key":"SMITH"}],"neow_cost":"NONE","seed_source_timestamp":0,"circlet_count":0,"master_deck":["Strike_R","Strike_R","Strike_R","Strike_R","Defend_R","Defend_R","Defend_R","Defend_R","Bash+1","Perfected Strike","Metallicize+1","Perfected Strike","Shrug It Off+1","Battle Trance","Uppercut","Flame Barrier","Battle Trance+1","Twin Strike","Swift Strike","Immolate+1","Shrug It Off","Feed","Seeing Red","Cleave+1","True Grit+1","Inflame","Shrug It Off"],"special_seed":0,"relics":["Burning Blood","Lantern","MawBank","War Paint","Velvet Choker","Ancient Tea Set","Bag of Marbles","Bottled Flame","Bottled Tornado","Mummified Hand"],"potions_floor_usage":[25,29,29,33],"damage_taken":[{"damage":2.0,"enemies":"2 Louse","floor":1.0,"turns":3.0},{"damage":1.0,"enemies":"Cultist","floor":2.0,"turns":4.0},{"damage":10.0,"enemies":"Small Slimes","floor":3.0,"turns":4.0},{"damage":29.0,"enemies":"Gremlin Nob","floor":6.0,"turns":4.0},{"damage":2.0,"enemies":"Blue Slaver","floor":7.0,"turns":4.0},{"damage":2.0,"enemies":"Looter","floor":11.0,"turns":3.0},{"damage":14.0,"enemies":"Lots of Slimes","floor":12.0,"turns":4.0},{"damage":28.0,"enemies":"Lagavulin","floor":13.0,"turns":9.0},{"damage":25.0,"enemies":"The Guardian","floor":16.0,"turns":11.0},{"damage":2.0,"enemies":"3 Byrds","floor":18.0,"turns":6.0},{"damage":8.0,"enemies":"Shell Parasite","floor":21.0,"turns":6.0},{"damage":0.0,"enemies":"Centurion and Healer","floor":22.0,"turns":4.0},{"damage":16,"enemies":"Slavers","floor":23,"turns":4},{"damage":16,"enemies":"Cultist and Chosen","floor":24,"turns":6},{"damage":24,"enemies":"Snake Plant","floor":25,"turns":4},{"damage":2,"enemies":"Shelled Parasite and Fungi","floor":27,"turns":4},{"damage":8,"enemies":"Centurion and Healer","floor":28,"turns":12},{"damage":22,"enemies":"Book of Stabbing","floor":29,"turns":6},{"damage":0,"enemies":"Gremlin Leader","floor":31,"turns":3},{"damage":62,"enemies":"Collector","floor":33,"turns":5}],"seed_played":"4212739752457120147","potions_obtained":[{"floor":6.0,"key":"LiquidBronze"},{"floor":7.0,"key":"Ancient Potion"},{"floor":12.0,"key":"Strength Potion"},{"floor":13.0,"key":"SpeedPotion"},{"floor":25,"key":"Block Potion"},{"floor":29,"key":"Poison Potion"}],"is_trial":false,"path_per_floor":["M","M","M","?","$","E","M","?","T","R","M","M","E","$","R","B",null,"M","?","?","M","M","E","M","M","T","M","M","E","R","E","R","B"],"character_chosen":"IRONCLAD","items_purchased":["Shrug It Off","Swift Strike","Immolate","Shrug It Off"],"campfire_rested":2,"item_purchase_floors":[5,14,14,14],"current_hp_per_floor":[76,80,76,76,76,53,57,57,57,57,61,53,31,31,55,36,69,73,73,58,59,68,61,51,33,33,37,38,22,51,57,57,0],"gold":289,"neow_bonus":"HUNDRED_GOLD","is_prod":false,"is_daily":false,"chose_seed":false,"campfire_upgraded":2,"win_rate":0,"timestamp":1556334567,"path_taken":["M","M","M","?","$","E","M","?","T","R","M","M","E","$","R","BOSS","M","?","?","M","M","E","M","M","T","M","M","E","R","E","R","BOSS"],"build_version":"2019-01-23","purchased_purges":1,"victory":false,"max_hp_per_floor":[80,80,80,80,80,80,80,80,80,80,80,80,80,80,80,80,80,80,80,85,88,91,94,94,94,94,94,97,97,97,97,97,97],"card_choices":[{"not_picked":["Iron Wave","Warcry"],"picked":"Perfected Strike","floor":1.0},{"not_picked":["Anger","Reckless Charge"],"picked":"Metallicize","floor":2.0},{"not_picked":["Armaments","Clash"],"picked":"Perfected Strike","floor":3.0},{"not_picked":["Thunderclap","Burning Pact"],"picked":"Whirlwind","floor":6.0},{"not_picked":["Shrug It Off","Barricade"],"picked":"Battle Trance","floor":7.0},{"not_picked":["Sword Boomerang","Havoc"],"picked":"Flame Barrier","floor":11.0},{"not_picked":["Armaments","Hemokinesis"],"picked":"Battle Trance","floor":12.0},{"not_picked":["Clothesline","Anger"],"picked":"Twin Strike","floor":13.0},{"not_picked":["Demon Form","Brutality"],"picked":"Feed","floor":16.0},{"not_picked":["Twin Strike","Flame Barrier"],"picked":"Seeing Red","floor":18.0},{"not_picked":["Seeing Red+1","Perfected Strike+1","Pummel"],"picked":"SKIP","floor":21.0},{"not_picked":["Cleave","Clothesline","Sword Boomerang+1"],"picked":"SKIP","floor":22.0},{"not_picked":["Power Through","Fiend Fire"],"picked":"Cleave+1","floor":23},{"not_picked":["Clothesline","Cleave","Flex+1"],"picked":"SKIP","floor":24},{"not_picked":["Headbutt+1","Havoc"],"picked":"True Grit+1","floor":25},{"not_picked":["Flex","True Grit","Cleave"],"picked":"SKIP","floor":27},{"not_picked":["Iron Wave","Havoc"],"picked":"Inflame","floor":28},{"not_picked":["Pommel Strike","Uppercut","Bludgeon"],"picked":"SKIP","floor":29},{"not_picked":["Burning Pact","Anger+1"],"picked":"Shrug It Off","floor":31}],"player_experience":731871,"relics_obtained":[{"floor":6.0,"key":"Lantern"},{"floor":9.0,"key":"MawBank"},{"floor":13.0,"key":"War Paint"},{"floor":23,"key":"Bag of Marbles"},{"floor":26,"key":"Bottled Flame"},{"floor":29,"key":"Bottled Tornado"},{"floor":31,"key":"Mummified Hand"}],"event_choices":[{"damage_healed":0.0,"max_hp_gain":0.0,"max_hp_loss":0.0,"gold_gain":0.0,"event_name":"Living Wall","player_choice":"Grow","floor":4.0,"gold_loss":0.0,"damage_taken":0.0,"cards_upgraded":["Bash"]},{"damage_healed":0.0,"max_hp_gain":0.0,"max_hp_loss":0.0,"gold_gain":0.0,"cards_transformed":["Strike_R"],"event_name":"Transmorgrifier","player_choice":"Transformed","floor":8.0,"gold_loss":0.0,"damage_taken":0.0,"cards_obtained":["Uppercut"]},{"damage_healed":0.0,"max_hp_gain":0.0,"max_hp_loss":0.0,"gold_gain":0.0,"event_name":"The Mausoleum","player_choice":"Opened","floor":19.0,"gold_loss":0.0,"damage_taken":0.0,"relics_obtained":["Ancient Tea Set"]},{"damage_healed":0.0,"max_hp_gain":5.0,"max_hp_loss":0.0,"gold_gain":0.0,"event_name":"Forgotten Altar","player_choice":"Shed Blood","floor":20.0,"gold_loss":0.0,"damage_taken":20.0}],"is_beta":false,"boss_relics":[{"not_picked":["Eternal Feather","Runic Pyramid"],"picked":"Velvet Choker"}],"items_purged_floors":[14],"is_endless":false,"potions_floor_spawned":[6,7,12,13,18,22,25,29],"killed_by":"Collector","ascension_level":9}