{"gold_per_floor":[115,126,126,146,146,146,66,92,92,92,110,142,43,73,73,173,173,185,185,37,51,69,69,101,101,125,137,137,137,137,137,137,235,235,235,235],"floor_reached":36,"playtime":3630,"items_purged":["Strike_G","Strike_G"],"score":503,"play_id":"85f02c91-20ae-4bff-9970-75a517f8e48d","local_time":"20190306222838","is_ascension_mode":true,"campfire_choices":[{"data":"Crippling Poison","floor":6.0,"key":"SMITH"},{"floor":10.0,"key":"REST"},{"data":"Footwork","floor":15.0,"key":"SMITH"},{"data":"Setup","floor":23.0,"key":"SMITH"},{"data":"Ghostly","floor":28.0,"key":"SMITH"},{"data":"Ghostly","floor":30.0,"key":"SMITH"},{"data":"Ghostly","floor":32.0,"key":"SMITH"}],"neow_cost":"NONE","seed_source_timestamp":0,"circlet_count":0,"master_deck":["Defend_G","Defend_G","Defend_G","Defend_G","Defend_G","Strike_G","Strike_G","Survivor","Neutralize","Impatience","Dagger Spray","Heel Hook","Crippling Poison+1","Finisher","Neutralize","Well Laid Plans","Cloak And Dagger","Skewer","Dodge and Roll","Blade Dance","Footwork+1","A Thousand Cuts","Accuracy","PiercingWail","Setup+1","Escape Plan","Deadly Poison+1","Ghostly+1","Ghostly+1","Ghostly+1","Ghostly","Ghostly","Poisoned Stab+1","RitualDagger"],"special_seed":0,"relics":["Ring of the Serpent","Blue Candle","StoneCalendar","Mango","Strawberry","Pantograph","Blood Vial","Philosopher\u0027s Stone"],"potions_floor_usage":[35],"damage_taken":[{"damage":0.0,"enemies":"2 Louse","floor":1.0,"turns":3.0},{"damage":1.0,"enemies":"Jaw Worm","floor":2.0,"turns":7.0},{"damage":1.0,"enemies":"Cultist","floor":4.0,"turns":4.0},{"damage":30.0,"enemies":"Gremlin Nob","floor":8.0,"turns":4.0},{"damage":0.0,"enemies":"Large Slime","floor":11.0,"turns":7.0},{"damage":10.0,"enemies":"3 Sentries","floor":12.0,"turns":7.0},{"damage":4.0,"enemies":"Gremlin Nob","floor":14.0,"turns":3.0},{"damage":30.0,"enemies":"Hexaghost","floor":16.0,"turns":10.0},{"damage":0.0,"enemies":"Shell Parasite","floor":18.0,"turns":8.0},{"damage":0.0,"enemies":"3 Byrds","floor":21.0,"turns":7.0},{"damage":5.0,"enemies":"Cultist and Chosen","floor":22.0,"turns":7.0},{"damage":13.0,"enemies":"Book of Stabbing","floor":24.0,"turns":8.0},{"damage":2.0,"enemies":"Centurion and Healer","floor":27.0,"turns":7.0},{"damage":6.0,"enemies":"Colosseum Slavers","floor":31.0,"turns":5.0},{"damage":18.0,"enemies":"Champ","floor":33.0,"turns":14.0},{"damage":0,"enemies":"3 Darklings","floor":35,"turns":3},{"damage":54,"enemies":"2 Orb Walkers","floor":36,"turns":4}],"seed_played":"-4357088029513064329","potions_obtained":[{"floor":4.0,"key":"FearPotion"},{"floor":8.0,"key":"SkillPotion"},{"floor":11.0,"key":"Weak Potion"},{"floor":18.0,"key":"Block Potion"},{"floor":24.0,"key":"Explosive Potion"},{"floor":27.0,"key":"SmokeBomb"},{"floor":33.0,"key":"EntropicBrew"}],"is_trial":false,"path_per_floor":["M","M","?","M","?","R","$","E","T","R","M","E","$","E","R","B",null,"M","?","$","M","M","R","E","?","T","M","R","?","R","?","R","B",null,"M","?"],"character_chosen":"THE_SILENT","items_purchased":["Well Laid Plans","Blade Dance","PiercingWail"],"campfire_rested":1,"item_purchase_floors":[7,13,20],"current_hp_per_floor":[70,69,62,61,61,61,61,31,31,52,52,56,56,59,59,29,91,91,73,73,73,68,68,55,48,48,46,46,40,40,36,36,30,48,48,0],"gold":235,"neow_bonus":"RANDOM_COLORLESS","is_prod":false,"is_daily":false,"chose_seed":false,"campfire_upgraded":6,"win_rate":0,"timestamp":1551940118,"path_taken":["M","M","?","M","?","R","$","E","T","R","?","E","$","E","R","BOSS","M","?","$","M","M","R","E","?","T","M","R","?","R","?","R","BOSS","M","?"],"build_version":"2019-01-23","purchased_purges":2,"victory":false,"max_hp_per_floor":[70,70,70,70,70,70,70,70,70,70,70,84,84,91,91,91,91,91,96,96,96,96,96,96,48,48,48,48,48,48,48,48,48,48,48,48],"card_choices":[{"not_picked":["Prepared","Deflect"],"picked":"Dagger Spray","floor":1.0},{"not_picked":["Underhanded Strike","Distraction"],"picked":"Heel Hook","floor":2.0},{"not_picked":["Footwork","Quick Slash"],"picked":"Crippling Poison","floor":4.0},{"not_picked":["Quick Slash","Caltrops"],"picked":"Cloak And Dagger","floor":8.0},{"not_picked":["Underhanded Strike","Sucker Punch"],"picked":"Skewer","floor":11.0},{"not_picked":["Deflect","Bouncing Flask"],"picked":"Dodge and Roll","floor":12.0},{"not_picked":["Endless Agony","Catalyst"],"picked":"Footwork","floor":14.0},{"not_picked":["Burst","Venomology"],"picked":"A Thousand Cuts","floor":16.0},{"not_picked":["Tactician+1","PiercingWail"],"picked":"Accuracy","floor":18.0},{"not_picked":["Dagger Spray","Reflex"],"picked":"Setup","floor":21.0},{"not_picked":["Sucker Punch","Riddle With Holes"],"picked":"Escape Plan","floor":22.0},{"not_picked":["Deflect","Poisoned Stab"],"picked":"Deadly Poison+1","floor":24.0},{"not_picked":["Quick Slash+1","Dodge and Roll"],"picked":"Poisoned Stab+1","floor":27.0}],"player_experience":563790,"relics_obtained":[{"floor":8.0,"key":"Blue Candle"},{"floor":9.0,"key":"StoneCalendar"},{"floor":12.0,"key":"Mango"},{"floor":14.0,"key":"Strawberry"},{"floor":24.0,"key":"Pantograph"},{"floor":26.0,"key":"Blood Vial"}],"event_choices":[{"cards_removed":["Strike_G"],"damage_healed":0.0,"max_hp_gain":0.0,"max_hp_loss":0.0,"gold_gain":0.0,"event_name":"Golden Wing","player_choice":"Card Removal","floor":3.0,"gold_loss":0.0,"damage_taken":7.0},{"damage_healed":0.0,"max_hp_gain":0.0,"max_hp_loss":0.0,"gold_gain":0.0,"event_name":"Match and Keep!","player_choice":"2 cards matched","floor":5.0,"gold_loss":0.0,"damage_taken":0.0,"cards_obtained":["Finisher","Neutralize"]},{"damage_healed":0.0,"max_hp_gain":5.0,"max_hp_loss":0.0,"gold_gain":0.0,"event_name":"Forgotten Altar","player_choice":"Shed Blood","floor":19.0,"gold_loss":0.0,"damage_taken":23.0},{"damage_healed":0.0,"max_hp_gain":0.0,"max_hp_loss":48.0,"gold_gain":0.0,"event_name":"Ghosts","player_choice":"Became a Ghost","floor":25.0,"gold_loss":0.0,"damage_taken":0.0,"cards_obtained":["Ghostly","Ghostly","Ghostly","Ghostly","Ghostly"]},{"damage_healed":0.0,"max_hp_gain":0.0,"max_hp_loss":0.0,"gold_gain":0.0,"event_name":"Nest","player_choice":"Joined the Cult","floor":29.0,"gold_loss":0.0,"damage_taken":6.0,"cards_obtained":["RitualDagger"]},{"damage_healed":0.0,"max_hp_gain":0.0,"max_hp_loss":0.0,"gold_gain":0.0,"event_name":"Colosseum","player_choice":"Fight","floor":31.0,"gold_loss":0.0,"damage_taken":0.0},{"damage_healed":0.0,"max_hp_gain":0.0,"max_hp_loss":0.0,"gold_gain":0.0,"event_name":"Colosseum","player_choice":"Fled From Nobs","floor":31.0,"gold_loss":0.0,"damage_taken":0.0},{"damage_healed":0,"gold_gain":0,"player_choice":"Fight","damage_taken":0,"max_hp_gain":0,"max_hp_loss":0,"event_name":"Mysterious Sphere","floor":36,"gold_loss":0}],"is_beta":false,"boss_relics":[{"not_picked":["Pandora\u0027s Box","Busted Crown"],"picked":"Ring of the Serpent"},{"not_picked":["White Beast Statue","Orrery"],"picked":"Philosopher\u0027s Stone"}],"items_purged_floors":[13,20],"is_endless":false,"potions_floor_spawned":[4,8,11,12,18,21,24,27,33,35],"killed_by":"2 Orb Walkers","ascension_level":4}