{"gold_per_floor":[110,125,136,154,154,154,179,194,194,194],"floor_reached":10,"playtime":504,"items_purged":[],"score":137,"play_id":"4377f435-b293-49e2-9375-345748d49e82","local_time":"20190325185629","is_ascension_mode":true,"campfire_choices":[{"data":"Cleave","floor":6,"key":"SMITH"}],"neow_cost":"NONE","seed_source_timestamp":35599542282302,"circlet_count":0,"master_deck":["AscendersBane","Strike_R","Strike_R","Strike_R","Strike_R","Strike_R","Defend_R","Defend_R","Defend_R","Defend_R","Bash","Cleave+1","Twin Strike","Pommel Strike","Juggernaut","Rage"],"relics":["Burning Blood","Boot","Letter Opener"],"potions_floor_usage":[7,7,10],"damage_taken":[{"damage":13,"enemies":"Cultist","floor":1,"turns":5},{"damage":14,"enemies":"Small Slimes","floor":2,"turns":4},{"damage":9,"enemies":"Jaw Worm","floor":3,"turns":4},{"damage":7,"enemies":"Large Slime","floor":4,"turns":5},{"damage":20,"enemies":"Gremlin Nob","floor":7,"turns":4},{"damage":30,"enemies":"Exordium Wildlife","floor":8,"turns":5},{"damage":13,"enemies":"3 Sentries","floor":10,"turns":3}],"seed_played":"380862867246804201","potions_obtained":[{"floor":0,"key":"Poison Potion"},{"floor":0,"key":"Block Potion"},{"floor":7,"key":"Dexterity Potion"}],"is_trial":false,"path_per_floor":["M","M","M","M","?","R","E","M","T","E"],"character_chosen":"IRONCLAD","items_purchased":[],"campfire_rested":0,"item_purchase_floors":[],"current_hp_per_floor":[61,53,50,49,49,49,35,11,11,0],"gold":194,"neow_bonus":"THREE_SMALL_POTIONS","is_prod":false,"is_daily":false,"chose_seed":false,"campfire_upgraded":1,"win_rate":0,"timestamp":1553554589,"path_taken":["M","M","?","M","?","R","E","M","T","E"],"build_version":"2019-01-23","purchased_purges":0,"victory":false,"max_hp_per_floor":[75,75,75,75,75,75,75,75,75,75],"card_choices":[{"not_picked":["Anger","Blood for Blood"],"picked":"Cleave","floor":1},{"not_picked":["Shockwave","Shrug It Off"],"picked":"Twin Strike","floor":2},{"not_picked":["Armaments","Warcry"],"picked":"Pommel Strike","floor":3},{"not_picked":["Pommel Strike","Sword Boomerang"],"picked":"Juggernaut","floor":4},{"not_picked":["Pommel Strike","Inflame"],"picked":"Rage","floor":7},{"not_picked":["Blood for Blood","Flex","Body Slam"],"picked":"SKIP","floor":8}],"player_experience":590751,"relics_obtained":[{"floor":7,"key":"Boot"},{"floor":9,"key":"Letter Opener"}],"event_choices":[{"damage_healed":0,"gold_gain":0,"player_choice":"0 cards matched","damage_taken":0,"max_hp_gain":0,"max_hp_loss":0,"event_name":"Match and Keep!","floor":5,"gold_loss":0,"cards_obtained":[]}],"is_beta":false,"boss_relics":[],"items_purged_floors":[],"is_endless":false,"potions_floor_spawned":[1,3,7],"killed_by":"3 Sentries","ascension_level":19}