{"gold_per_floor":[115,128,143,51,51,51,78,95,95,107,119,149,149,177,177,279,279,297,297],"floor_reached":19,"playtime":1157,"items_purged":[],"score":217,"play_id":"fa0ab1b9-026c-4621-a2cc-d9231ca68687","local_time":"20190601072926","is_ascension_mode":true,"campfire_choices":[{"data":"Blind","floor":6,"key":"SMITH"},{"floor":13,"key":"REST"},{"floor":15,"key":"REST"}],"neow_cost":"PERCENT_DAMAGE","seed_source_timestamp":1208383877668351,"circlet_count":0,"master_deck":["Strike_B","Strike_B","Defend_B","Defend_B","Defend_B","Zap","Dualcast","Leap","Cold Snap","Gash","Blind+1","Conserve Battery","Scrape","Beam Cell","Loop","Go for the Eyes","Seek","Sweeping Beam"],"relics":["Cracked Core","Bottled Flame","Blue Candle","Mummified Hand","Cables","Cursed Key"],"potions_floor_usage":[7,16,18],"damage_taken":[{"damage":0,"enemies":"Cultist","floor":1,"turns":4},{"damage":6,"enemies":"Jaw Worm","floor":2,"turns":4},{"damage":1,"enemies":"2 Louse","floor":3,"turns":3},{"damage":12,"enemies":"3 Sentries","floor":7,"turns":9},{"damage":0,"enemies":"Looter","floor":8,"turns":3},{"damage":4,"enemies":"Large Slime","floor":10,"turns":5},{"damage":0,"enemies":"Blue Slaver","floor":11,"turns":3},{"damage":15,"enemies":"Gremlin Nob","floor":12,"turns":5},{"damage":14,"enemies":"3 Sentries","floor":14,"turns":7},{"damage":19,"enemies":"Hexaghost","floor":16,"turns":13},{"damage":9,"enemies":"2 Thieves","floor":18,"turns":4},{"damage":33,"enemies":"Colosseum Slavers","floor":19,"turns":5},{"damage":47,"enemies":"Colosseum Nobs","floor":19,"turns":4}],"seed_played":"6734984829061266462","potions_obtained":[{"floor":7,"key":"Fruit Juice"},{"floor":11,"key":"Dexterity Potion"},{"floor":16,"key":"Dexterity Potion"}],"is_trial":false,"path_per_floor":["M","M","M","$","?","R","E","M","T","M","M","E","R","E","R","B",null,"M","?"],"character_chosen":"DEFECT","items_purchased":["Blind"],"campfire_rested":2,"item_purchase_floors":[4],"current_hp_per_floor":[54,48,47,47,47,47,40,40,40,36,36,21,45,31,55,36,80,71,0],"gold":297,"neow_bonus":"REMOVE_TWO","is_prod":false,"is_daily":false,"chose_seed":false,"campfire_upgraded":1,"win_rate":0,"timestamp":1559384966,"path_taken":["M","?","M","$","?","R","E","M","T","?","M","E","R","E","R","BOSS","M","?"],"build_version":"2019-01-23","purchased_purges":0,"victory":false,"max_hp_per_floor":[75,75,75,75,75,75,80,80,80,80,80,80,80,80,80,80,80,80,80],"card_choices":[{"not_picked":["Go for the Eyes","Coolheaded"],"picked":"Leap","floor":1},{"not_picked":["Rebound","Heatsinks"],"picked":"Cold Snap","floor":2},{"not_picked":["Storm","FTL"],"picked":"Gash","floor":3},{"not_picked":["Chaos","Sweeping Beam"],"picked":"Conserve Battery","floor":7},{"not_picked":["Hologram","Coolheaded"],"picked":"Scrape","floor":8},{"not_picked":["Fusion","Loop"],"picked":"Beam Cell","floor":10},{"not_picked":["Heatsinks","Sweeping Beam","Leap"],"picked":"SKIP","floor":11},{"not_picked":["Thunder Strike","Auto Shields"],"picked":"Loop","floor":12},{"not_picked":["Sweeping Beam","Sunder"],"picked":"Go for the Eyes","floor":14},{"not_picked":["Amplify","Hyperbeam"],"picked":"Seek","floor":16},{"not_picked":["Ball Lightning+1","Stack"],"picked":"Sweeping Beam","floor":18}],"player_experience":839361,"relics_obtained":[{"floor":7,"key":"Bottled Flame"},{"floor":9,"key":"Blue Candle"},{"floor":12,"key":"Mummified Hand"},{"floor":14,"key":"Cables"}],"event_choices":[{"cards_removed":["Strike_B"],"damage_healed":0,"gold_gain":0,"player_choice":"Purged","damage_taken":0,"max_hp_gain":0,"max_hp_loss":0,"event_name":"Purifier","floor":5,"gold_loss":0},{"damage_healed":0,"gold_gain":0,"player_choice":"Fight","damage_taken":0,"max_hp_gain":0,"max_hp_loss":0,"event_name":"Colosseum","floor":19,"gold_loss":0},{"damage_healed":0,"gold_gain":0,"player_choice":"Fought Nobs","damage_taken":0,"max_hp_gain":0,"max_hp_loss":0,"event_name":"Colosseum","floor":19,"gold_loss":0}],"is_beta":false,"boss_relics":[{"not_picked":["Runic Pyramid","Astrolabe"],"picked":"Cursed Key"}],"items_purged_floors":[],"is_endless":false,"potions_floor_spawned":[7,11,16,19],"killed_by":"Colosseum Nobs","ascension_level":3}