{"gold_per_floor":[214,214,62,72,72,72,89,116,142,155,155,80,80,92,92,92],"floor_reached":16,"playtime":581,"items_purged":["Defend_G"],"score":90,"play_id":"9cc64222-1c28-41cb-b9a9-efdcb4b4aa4f","local_time":"20190610142714","is_ascension_mode":false,"campfire_choices":[{"data":"Neutralize","floor":6,"key":"SMITH"},{"data":"Deadly Poison","floor":11,"key":"SMITH"},{"data":"Deflect","floor":13,"key":"SMITH"},{"floor":15,"key":"REST"}],"neow_cost":"NONE","seed_source_timestamp":2192777836459778,"circlet_count":0,"master_deck":["Defend_G","Defend_G","Defend_G","Defend_G","Strike_G","Strike_G","Strike_G","Survivor","Neutralize+1","Deflect+1","Deadly Poison+1","Backflip","Backflip","PiercingWail"],"relics":["Ring of the Snake","Orichalcum","Odd Mushroom","Ancient Tea Set"],"potions_floor_usage":[8],"damage_taken":[{"damage":3,"enemies":"2 Louse","floor":1,"turns":4},{"damage":4,"enemies":"Cultist","floor":4,"turns":4},{"damage":0,"enemies":"Jaw Worm","floor":7,"turns":5},{"damage":6,"enemies":"The Mushroom Lair","floor":8,"turns":5},{"damage":10,"enemies":"Exordium Wildlife","floor":10,"turns":6},{"damage":8,"enemies":"Large Slime","floor":14,"turns":7},{"damage":61,"enemies":"Slime Boss","floor":16,"turns":12}],"seed_played":"-6015818870070710332","potions_obtained":[{"floor":1,"key":"GamblersBrew"},{"floor":4,"key":"Fire Potion"},{"floor":10,"key":"Weak Potion"}],"is_trial":false,"path_per_floor":["M","?","$","M","?","R","M","?","T","M","R","$","R","M","R","B"],"character_chosen":"THE_SILENT","items_purchased":["Orichalcum"],"campfire_rested":1,"item_purchase_floors":[3],"current_hp_per_floor":[67,67,67,63,63,63,63,57,57,47,47,47,47,39,60,0],"gold":92,"neow_bonus":"HUNDRED_GOLD","is_prod":false,"is_daily":false,"chose_seed":false,"campfire_upgraded":3,"win_rate":0,"timestamp":1560169634,"path_taken":["M","?","$","?","?","R","M","?","T","M","R","?","R","M","R","BOSS"],"build_version":"2019-01-23","purchased_purges":1,"victory":false,"max_hp_per_floor":[70,70,70,70,70,70,70,70,70,70,70,70,70,70,70,70],"card_choices":[{"not_picked":["Dash","Endless Agony","Finisher"],"picked":"SKIP","floor":1},{"not_picked":["Masterful Stab","Terror"],"picked":"Deflect","floor":4},{"not_picked":["Prepared","Quick Slash"],"picked":"Deadly Poison","floor":7},{"not_picked":["Acrobatics","Dagger Throw"],"picked":"Backflip","floor":8},{"not_picked":["Slice","Bane"],"picked":"Backflip","floor":10},{"not_picked":["Well Laid Plans","Malaise"],"picked":"PiercingWail","floor":14}],"player_experience":251523,"relics_obtained":[{"floor":8,"key":"Odd Mushroom"},{"floor":9,"key":"Ancient Tea Set"}],"event_choices":[{"cards_removed":["Strike_G"],"damage_healed":0,"gold_gain":0,"player_choice":"Offered Basic","damage_taken":0,"max_hp_gain":0,"max_hp_loss":0,"event_name":"Bonfire Elementals","floor":2,"gold_loss":0},{"cards_removed":["Strike_G"],"damage_healed":0,"gold_gain":0,"player_choice":"Forget","damage_taken":0,"max_hp_gain":0,"max_hp_loss":0,"event_name":"Living Wall","floor":5,"gold_loss":0},{"damage_healed":0,"gold_gain":0,"player_choice":"Fought Mushrooms","damage_taken":0,"max_hp_gain":0,"max_hp_loss":0,"event_name":"Mushrooms","floor":8,"gold_loss":0}],"is_beta":false,"boss_relics":[],"items_purged_floors":[12],"is_endless":false,"potions_floor_spawned":[1,4,10],"killed_by":"Slime Boss","ascension_level":0}