{"gold_per_floor":[118,118,118,118,132,162,108,139,139,159,178,178,211,229,229,301,301,278,278,278,278],"floor_reached":21,"playtime":1330,"items_purged":[],"score":399,"play_id":"f259d0a7-1127-4fce-8386-b5874c1b2220","local_time":"20190619175350","is_ascension_mode":true,"campfire_choices":[{"floor":12.0,"key":"REST"},{"data":"Rampage","floor":15,"key":"SMITH"}],"neow_cost":"NONE","seed_source_timestamp":0,"circlet_count":0,"master_deck":["AscendersBane","Strike_R","Strike_R","Strike_R+1","Strike_R","Strike_R","Defend_R","Defend_R","Defend_R","Defend_R+1","Bash","Finesse","Pommel Strike","Battle Trance","Clothesline","Ghostly Armor","Rampage+1","Barricade","Headbutt","RitualDagger","Necronomicurse"],"special_seed":0,"relics":["Black Blood","Pear","Ancient Tea Set","Sundial","Singing Bowl","Blood Vial","Necronomicon"],"potions_floor_usage":[18],"damage_taken":[{"damage":2.0,"enemies":"2 Louse","floor":1.0,"turns":4.0},{"damage":4.0,"enemies":"Cultist","floor":5.0,"turns":4.0},{"damage":37.0,"enemies":"3 Sentries","floor":6.0,"turns":12.0},{"damage":6.0,"enemies":"Lagavulin","floor":8.0,"turns":6.0},{"damage":1.0,"enemies":"Small Slimes","floor":10.0,"turns":4.0},{"damage":5.0,"enemies":"3 Louse","floor":11.0,"turns":5.0},{"damage":6.0,"enemies":"Gremlin Nob","floor":13.0,"turns":3.0},{"damage":9,"enemies":"Large Slime","floor":14,"turns":8},{"damage":45,"enemies":"Hexaghost","floor":16,"turns":10},{"damage":34,"enemies":"2 Thieves","floor":18,"turns":4},{"damage":37,"enemies":"3 Byrds","floor":21,"turns":4}],"seed_played":"3573473765533051871","potions_obtained":[{"floor":1.0,"key":"SneckoOil"},{"floor":6.0,"key":"Fire Potion"},{"floor":16,"key":"Fruit Juice"}],"is_trial":false,"path_per_floor":["M","?","?","?","M","E","$","E","T","M","M","R","E","M","R","B",null,"M","?","?","M"],"character_chosen":"IRONCLAD","items_purchased":["SkillPotion"],"campfire_rested":1,"item_purchase_floors":[7],"current_hp_per_floor":[72,49,54,64,66,35,35,35,35,42,43,70,70,69,69,32,77,60,54,33,0],"gold":278,"neow_bonus":"RANDOM_COLORLESS","is_prod":false,"is_daily":false,"chose_seed":false,"campfire_upgraded":1,"win_rate":0,"timestamp":1560977630,"path_taken":["M","?","?","?","?","E","?","E","T","M","?","R","E","M","R","BOSS","M","?","?","M"],"build_version":"2019-01-23","purchased_purges":0,"victory":false,"max_hp_per_floor":[75,75,80,90,90,90,90,90,90,92,92,92,92,92,92,92,92,97,97,97,97],"card_choices":[{"not_picked":["Warcry","Clash"],"picked":"Pommel Strike","floor":1.0},{"not_picked":["Inflame","Pommel Strike"],"picked":"Battle Trance","floor":5.0},{"not_picked":["Clash","Metallicize","Warcry"],"picked":"SKIP","floor":6.0},{"not_picked":["Shrug It Off","Headbutt","Evolve"],"picked":"SKIP","floor":8.0},{"not_picked":["Sword Boomerang","Iron Wave","Twin Strike"],"picked":"Singing Bowl","floor":10.0},{"not_picked":["Perfected Strike","Twin Strike"],"picked":"Clothesline","floor":11.0},{"not_picked":["Combust","Reckless Charge"],"picked":"Ghostly Armor","floor":13},{"not_picked":["Dual Wield","Double Tap"],"picked":"Rampage","floor":14},{"not_picked":["Dark Embrace","Exhume"],"picked":"Barricade","floor":16},{"not_picked":["Flex","Twin Strike"],"picked":"Headbutt","floor":18}],"player_experience":1103418,"relics_obtained":[{"floor":6.0,"key":"Ancient Tea Set"},{"floor":8.0,"key":"Sundial"},{"floor":9.0,"key":"Singing Bowl"},{"floor":13,"key":"Blood Vial"},{"floor":20,"key":"Necronomicon"}],"event_choices":[{"damage_healed":0.0,"max_hp_gain":0.0,"max_hp_loss":0.0,"gold_gain":0.0,"event_name":"Shining Light","player_choice":"Entered Light","floor":2.0,"gold_loss":0.0,"damage_taken":23.0,"cards_upgraded":["Strike_R","Defend_R"]},{"damage_healed":0.0,"max_hp_gain":5.0,"max_hp_loss":0.0,"gold_gain":0.0,"event_name":"Big Fish","player_choice":"Donut","floor":3.0,"gold_loss":0.0,"damage_taken":0.0},{"damage_healed":0.0,"max_hp_gain":0.0,"max_hp_loss":0.0,"gold_gain":0.0,"event_name":"WeMeetAgain","player_choice":"Gave Potion","floor":4.0,"gold_loss":0.0,"damage_taken":0.0,"relics_obtained":["Pear"]},{"damage_healed":0,"gold_gain":0,"player_choice":"Joined the Cult","damage_taken":6,"max_hp_gain":0,"max_hp_loss":0,"event_name":"Nest","floor":19,"gold_loss":0,"cards_obtained":["RitualDagger"]},{"damage_healed":0,"gold_gain":0,"player_choice":"Obtained Book","damage_taken":21,"max_hp_gain":0,"max_hp_loss":0,"event_name":"Cursed Tome","floor":20,"gold_loss":0}],"is_beta":false,"boss_relics":[{"not_picked":["Tiny House","Eternal Feather"],"picked":"Black Blood"}],"items_purged_floors":[],"is_endless":false,"potions_floor_spawned":[1,6,16],"killed_by":"3 Byrds","ascension_level":18}