{"gold_per_floor":[109,124,124,135,152,152,186,151,151,162,178,206,11,11,11,115,115,125,125,0,19,31,31,63,79,79,19,19,19,33,33,33,33],"floor_reached":33,"playtime":1804,"items_purged":[],"score":305,"play_id":"99e81bbd-c2ab-4c14-98fe-2161cfde685a","local_time":"20190331104605","is_ascension_mode":true,"campfire_choices":[{"data":"Cleave","floor":6.0,"key":"SMITH"},{"data":"Clash","floor":15.0,"key":"SMITH"},{"floor":23,"key":"REST"},{"floor":28,"key":"REST"},{"floor":32,"key":"REST"}],"neow_cost":"NONE","seed_source_timestamp":1499942328434916,"circlet_count":0,"master_deck":["Strike_R","Strike_R","Strike_R","Strike_R","Strike_R","Defend_R","Defend_R","Defend_R","Defend_R","Clash","Shrug It Off","Cleave+1","Clash+1","Berserk","Iron Wave","Seeing Red","Limit Break","Demon Form","Heavy Blade+1","Armaments+1","Carnage+1","Body Slam+1","Carnage+1","Rampage","Normality","Immolate"],"special_seed":0,"relics":["Black Blood","Orichalcum","Potion Belt","Anchor","Question Card","MealTicket","Du-Vu Doll","Peace Pipe","Centennial Puzzle","Self Forming Clay"],"potions_floor_usage":[22,24],"damage_taken":[{"damage":13.0,"enemies":"Small Slimes","floor":1.0,"turns":4.0},{"damage":4.0,"enemies":"Jaw Worm","floor":2.0,"turns":3.0},{"damage":1.0,"enemies":"2 Louse","floor":4.0,"turns":2.0},{"damage":7.0,"enemies":"2 Fungi Beasts","floor":5.0,"turns":3.0},{"damage":26.0,"enemies":"Lagavulin","floor":7.0,"turns":6.0},{"damage":0.0,"enemies":"Exordium Wildlife","floor":10.0,"turns":2.0},{"damage":17.0,"enemies":"Exordium Thugs","floor":11.0,"turns":4.0},{"damage":21.0,"enemies":"Gremlin Nob","floor":12.0,"turns":5.0},{"damage":43.0,"enemies":"The Guardian","floor":16.0,"turns":13.0},{"damage":0.0,"enemies":"Chosen","floor":18.0,"turns":4.0},{"damage":44,"enemies":"Shell Parasite","floor":21,"turns":6},{"damage":30,"enemies":"Shelled Parasite and Fungi","floor":22,"turns":5},{"damage":31,"enemies":"Gremlin Leader","floor":24,"turns":5},{"damage":26,"enemies":"Chosen and Byrds","floor":25,"turns":7},{"damage":19,"enemies":"3 Cultists","floor":30,"turns":6},{"damage":87,"enemies":"Automaton","floor":33,"turns":6}],"seed_played":"2625910259312836722","potions_obtained":[{"floor":5.0,"key":"BloodPotion"},{"floor":7.0,"key":"Fire Potion"},{"floor":12.0,"key":"Strength Potion"},{"floor":25,"key":"FearPotion"},{"floor":30,"key":"Ancient Potion"}],"is_trial":false,"path_per_floor":["M","M","$","M","M","R","E","?","T","M","M","E","$","?","R","B",null,"M","?","?","M","M","R","E","M","T","?","R","$","M","$","R","B"],"character_chosen":"IRONCLAD","items_purchased":["MealTicket"],"campfire_rested":3,"item_purchase_floors":[13],"current_hp_per_floor":[73,75,75,80,79,79,59,79,79,80,69,54,54,51,51,14,80,80,80,80,46,26,50,29,13,13,13,37,52,43,58,80,0],"gold":33,"neow_bonus":"RANDOM_COMMON_RELIC","is_prod":false,"is_daily":false,"chose_seed":false,"campfire_upgraded":2,"win_rate":0,"timestamp":1554021965,"path_taken":["M","M","$","M","M","R","E","?","T","M","M","E","$","?","R","BOSS","M","?","?","M","?","R","E","M","T","?","R","$","M","$","R","BOSS"],"build_version":"2019-01-23","purchased_purges":0,"victory":false,"max_hp_per_floor":[80,80,80,80,80,80,80,80,80,80,80,80,80,80,80,80,80,80,80,80,80,80,80,80,80,80,80,80,80,80,80,80,80],"card_choices":[{"not_picked":["Twin Strike","Fire Breathing"],"picked":"Clash","floor":1.0},{"not_picked":["Entrench","Havoc"],"picked":"Shrug It Off","floor":2.0},{"not_picked":["Iron Wave","Wild Strike"],"picked":"Cleave","floor":4.0},{"not_picked":["Sword Boomerang","Hemokinesis"],"picked":"Clash","floor":5.0},{"not_picked":["Evolve","Metallicize"],"picked":"Berserk","floor":7.0},{"not_picked":["Uppercut","Shockwave"],"picked":"Iron Wave","floor":10.0},{"not_picked":["Shrug It Off","Dropkick"],"picked":"Seeing Red","floor":11.0},{"not_picked":["Iron Wave","True Grit"],"picked":"Limit Break","floor":12.0},{"not_picked":["Offering","Bludgeon","Limit Break"],"picked":"Demon Form","floor":16.0},{"not_picked":["Shrug It Off","Warcry","True Grit"],"picked":"Heavy Blade+1","floor":18.0},{"not_picked":["Bloodletting+1","Power Through","Headbutt+1"],"picked":"Armaments+1","floor":21},{"not_picked":["Perfected Strike","Body Slam","Sword Boomerang"],"picked":"Carnage+1","floor":22},{"not_picked":["Headbutt","Twin Strike+1","Feel No Pain+1"],"picked":"Body Slam+1","floor":24},{"not_picked":["Heavy Blade","True Grit","Hemokinesis"],"picked":"Carnage+1","floor":25},{"not_picked":["Corruption","Heavy Blade","Wild Strike"],"picked":"Immolate","floor":30}],"player_experience":80016,"relics_obtained":[{"floor":7.0,"key":"Potion Belt"},{"floor":9.0,"key":"Anchor"},{"floor":12.0,"key":"Question Card"},{"floor":24,"key":"Centennial Puzzle"},{"floor":26,"key":"Self Forming Clay"}],"event_choices":[{"damage_healed":20.0,"max_hp_gain":0.0,"max_hp_loss":0.0,"gold_gain":0.0,"event_name":"The Cleric","player_choice":"Healed","floor":8.0,"gold_loss":35.0,"damage_taken":0.0},{"damage_healed":0.0,"max_hp_gain":0.0,"max_hp_loss":0.0,"gold_gain":0.0,"event_name":"Scrap Ooze","player_choice":"Success","floor":14.0,"gold_loss":0.0,"damage_taken":3.0,"relics_obtained":["Du-Vu Doll"]},{"damage_healed":0.0,"max_hp_gain":0.0,"max_hp_loss":0.0,"gold_gain":0.0,"event_name":"The Mausoleum","player_choice":"Opened","floor":19.0,"gold_loss":0.0,"damage_taken":0.0,"relics_obtained":["Peace Pipe"],"cards_obtained":["Writhe"]},{"damage_healed":0,"gold_gain":0,"player_choice":"Paid Fearfully","damage_taken":0,"max_hp_gain":0,"max_hp_loss":0,"event_name":"Masked Bandits","floor":20,"gold_loss":125},{"damage_healed":0,"gold_gain":0,"cards_transformed":["Bash","Writhe"],"player_choice":"Transformed Cards","damage_taken":0,"max_hp_gain":0,"max_hp_loss":0,"event_name":"Designer","floor":27,"gold_loss":60,"cards_obtained":["Rampage","Normality"]}],"is_beta":false,"boss_relics":[{"not_picked":["Empty Cage","Fusion Hammer"],"picked":"Black Blood"}],"items_purged_floors":[],"is_endless":false,"potions_floor_spawned":[5,7,12,25,30],"killed_by":"Automaton","ascension_level":2}