{"gold_per_floor":[112,128,128,147,72,100,120,134,157,157,191,206,34,64,64,64],"floor_reached":16,"playtime":832,"items_purged":[],"score":279,"play_id":"8a7c9b78-7622-4d74-bbe8-822deea01916","local_time":"20190612191412","is_ascension_mode":true,"campfire_choices":[{"floor":10,"key":"REST"},{"data":"Uppercut","floor":15,"key":"SMITH"}],"neow_cost":"NONE","seed_source_timestamp":2201387102856917,"circlet_count":0,"master_deck":["AscendersBane","Strike_R","Strike_R","Strike_R","Strike_R","Strike_R","Defend_R","Defend_R","Defend_R","Defend_R","Bash","Whirlwind","Uppercut+1","Spot Weakness","Evolve","Flex","Wild Strike","Ghostly Armor","Shrug It Off","Heavy Blade"],"relics":["Burning Blood","NeowsBlessing","WarpedTongs","Strawberry","Bag of Preparation","PreservedInsect","Bronze Scales","Orichalcum"],"potions_floor_usage":[11,11,14],"damage_taken":[{"damage":0,"enemies":"2 Louse","floor":1,"turns":1},{"damage":0,"enemies":"Cultist","floor":2,"turns":1},{"damage":0,"enemies":"Small Slimes","floor":4,"turns":1},{"damage":32,"enemies":"3 Sentries","floor":6,"turns":6},{"damage":11,"enemies":"Exordium Thugs","floor":7,"turns":4},{"damage":15,"enemies":"Red Slaver","floor":8,"turns":5},{"damage":32,"enemies":"Gremlin Nob","floor":11,"turns":4},{"damage":7,"enemies":"Large Slime","floor":12,"turns":5},{"damage":0,"enemies":"3 Sentries","floor":14,"turns":3},{"damage":54,"enemies":"The Guardian","floor":16,"turns":9}],"seed_played":"3405788461658383973","potions_obtained":[{"floor":2,"key":"BloodPotion"},{"floor":6,"key":"FearPotion"},{"floor":12,"key":"SteroidPotion"}],"is_trial":false,"path_per_floor":["M","M","?","M","?","E","M","M","T","R","E","M","$","E","R","B"],"character_chosen":"IRONCLAD","items_purchased":["Bronze Scales"],"campfire_rested":1,"item_purchase_floors":[13],"current_hp_per_floor":[74,75,75,75,75,56,51,42,42,66,48,47,47,53,53,0],"gold":64,"neow_bonus":"THREE_ENEMY_KILL","is_prod":false,"is_daily":false,"chose_seed":false,"campfire_upgraded":1,"win_rate":0,"timestamp":1560377652,"path_taken":["M","M","?","?","?","E","M","M","T","R","E","M","?","E","R","BOSS"],"build_version":"2019-01-23","purchased_purges":0,"victory":false,"max_hp_per_floor":[75,75,75,75,75,82,82,82,82,82,82,82,82,82,82,82],"card_choices":[{"not_picked":["Clash","Headbutt"],"picked":"Whirlwind","floor":1},{"not_picked":["Combust","Second Wind"],"picked":"Uppercut","floor":2},{"not_picked":["Sever Soul","Searing Blow"],"picked":"Spot Weakness","floor":4},{"not_picked":["Entrench","Warcry"],"picked":"Evolve","floor":6},{"not_picked":["Headbutt","Twin Strike"],"picked":"Flex","floor":7},{"not_picked":["Havoc","Corruption"],"picked":"Wild Strike","floor":8},{"not_picked":["Perfected Strike","Combust"],"picked":"Ghostly Armor","floor":11},{"not_picked":["Flex","Anger"],"picked":"Shrug It Off","floor":12},{"not_picked":["Whirlwind","Pommel Strike"],"picked":"Heavy Blade","floor":14}],"player_experience":1012394,"relics_obtained":[{"floor":6,"key":"Strawberry"},{"floor":9,"key":"Bag of Preparation"},{"floor":11,"key":"PreservedInsect"},{"floor":14,"key":"Orichalcum"}],"event_choices":[{"damage_healed":0,"gold_gain":0,"player_choice":"Rummage","damage_taken":0,"relics_obtained":["WarpedTongs"],"max_hp_gain":0,"max_hp_loss":0,"event_name":"Accursed Blacksmith","floor":3,"gold_loss":0,"cards_obtained":["Pain"]},{"cards_removed":["Pain"],"damage_healed":0,"gold_gain":0,"player_choice":"Card Removal","damage_taken":0,"max_hp_gain":0,"max_hp_loss":0,"event_name":"The Cleric","floor":5,"gold_loss":75}],"is_beta":false,"boss_relics":[],"items_purged_floors":[],"is_endless":false,"potions_floor_spawned":[2,6,8,12],"killed_by":"The Guardian","ascension_level":18}