{"gold_per_floor":[116,45,45,58,133,166,166,180,231,241,241,241,274,291,291,394,394,407,332,512,322,333,333,345,345,369,369,398,398,54,64,64,168,168,186,186,206,46,63,63,91,105,132,144,156,202,214,3,3,3],"floor_reached":51,"playtime":3729,"items_purged":["Anger+1","Defend_R"],"score":969,"play_id":"7ee93ec1-e819-4989-ac28-8aa3256fc20c","local_time":"20190320225257","is_ascension_mode":true,"campfire_choices":[{"floor":7.0,"key":"REST"},{"data":"Anger","floor":15.0,"key":"SMITH"},{"data":"Inflame","floor":23,"key":"SMITH"},{"floor":25,"key":"REST"},{"data":"Searing Blow+1","floor":29,"key":"SMITH"},{"data":"Searing Blow+2","floor":32,"key":"SMITH"},{"data":"Searing Blow+3","floor":40,"key":"SMITH"},{"data":"Armaments","floor":45,"key":"SMITH"},{"data":"Searing Blow+4","floor":47,"key":"SMITH"},{"floor":49,"key":"REST"}],"neow_cost":"NONE","seed_source_timestamp":0,"circlet_count":0,"master_deck":["Strike_R","Strike_R","Strike_R","Defend_R","Defend_R","Defend_R","Bash","Feed+1","Headbutt","Ghostly Armor","Armaments+1","Thunderclap","Pommel Strike","Inflame+1","Immolate","Barricade","Shrug It Off","Armaments+1","Warcry","Searing Blow+5","Mayhem","Juggernaut","Bludgeon","True Grit+1","Limit Break","Uppercut"],"special_seed":0,"relics":["Burning Blood","Boot","Bag of Marbles","Gambling Chip","Snecko Eye","PreservedInsect","Singing Bowl","Regal Pillow","Busted Crown","Omamori","MawBank","Bottled Lightning"],"potions_floor_usage":[33,46,50,50],"damage_taken":[{"damage":12.0,"enemies":"Small Slimes","floor":1.0,"turns":6.0},{"damage":13.0,"enemies":"Jaw Worm","floor":4.0,"turns":5.0},{"damage":24.0,"enemies":"Gremlin Nob","floor":6.0,"turns":4.0},{"damage":4.0,"enemies":"2 Louse","floor":8.0,"turns":3.0},{"damage":3.0,"enemies":"2 Fungi Beasts","floor":10.0,"turns":5.0},{"damage":15.0,"enemies":"3 Sentries","floor":13.0,"turns":5.0},{"damage":0.0,"enemies":"Large Slime","floor":14.0,"turns":4.0},{"damage":23.0,"enemies":"Slime Boss","floor":16.0,"turns":10.0},{"damage":11,"enemies":"3 Byrds","floor":18,"turns":4},{"damage":22,"enemies":"Spheric Guardian","floor":22,"turns":6},{"damage":0,"enemies":"Centurion and Healer","floor":24,"turns":3},{"damage":15,"enemies":"Gremlin Leader","floor":28,"turns":3},{"damage":7,"enemies":"Chosen and Byrds","floor":31,"turns":4},{"damage":62,"enemies":"Champ","floor":33,"turns":9},{"damage":5,"enemies":"3 Shapes","floor":35,"turns":3},{"damage":8,"enemies":"Orb Walker","floor":37,"turns":4},{"damage":0,"enemies":"Transient","floor":39,"turns":5},{"damage":19,"enemies":"Nemesis","floor":41,"turns":5},{"damage":0,"enemies":"3 Darklings","floor":42,"turns":2},{"damage":32,"enemies":"Giant Head","floor":46,"turns":7},{"damage":87,"enemies":"Awakened One","floor":50,"turns":9}],"seed_played":"1918469593878962320","potions_obtained":[{"floor":1.0,"key":"SpeedPotion"},{"floor":6.0,"key":"SpeedPotion"},{"floor":13.0,"key":"SpeedPotion"},{"floor":16.0,"key":"SteroidPotion"},{"floor":35,"key":"GamblersBrew"},{"floor":37,"key":"Weak Potion"}],"is_trial":false,"path_per_floor":["M","$","?","M","?","E","R","M","T","M","?","?","E","M","R","B",null,"M","$","?","$","M","R","M","R","T","?","E","R","$","M","R","B",null,"M","?","M","$","M","R","E","M","T","?","R","E","R","$","R","B",null],"character_chosen":"IRONCLAD","items_purchased":["Headbutt","Explosive Potion","Barricade","Shrug It Off","Mayhem","Regal Pillow","Bludgeon","Uppercut","Dexterity Potion"],"campfire_rested":3,"item_purchase_floors":[2,2,21,21,30,30,38,48,48],"current_hp_per_floor":[69,69,69,66,55,37,63,69,69,72,72,65,60,66,66,53,88,87,87,57,57,45,45,55,88,88,88,83,83,83,84,84,28,95,98,98,98,98,104,104,91,99,99,99,99,73,73,73,123,42],"gold":3,"neow_bonus":"ONE_RANDOM_RARE_CARD","is_prod":false,"is_daily":false,"chose_seed":false,"campfire_upgraded":7,"win_rate":0,"timestamp":1553147577,"path_taken":["M","$","?","M","?","E","R","M","T","M","?","?","E","M","R","BOSS","M","$","?","$","?","R","M","R","T","?","E","R","?","M","R","BOSS","M","?","M","$","M","R","E","M","T","?","R","E","R","$","R","BOSS"],"build_version":"2019-01-23","purchased_purges":2,"victory":true,"max_hp_per_floor":[83,83,83,87,87,87,87,91,91,91,91,91,95,95,95,99,99,103,103,103,103,107,107,111,111,111,111,115,115,115,117,117,117,117,119,119,121,121,121,121,121,123,123,123,123,123,123,123,123,123],"card_choices":[{"not_picked":["Whirlwind","Iron Wave"],"picked":"Anger","floor":1.0},{"not_picked":["Headbutt","Sword Boomerang"],"picked":"Ghostly Armor","floor":4.0},{"not_picked":["Perfected Strike","Havoc"],"picked":"Armaments","floor":6.0},{"not_picked":["Flex","Heavy Blade"],"picked":"Thunderclap","floor":8.0},{"not_picked":["Sword Boomerang","Rupture","Armaments"],"picked":"SKIP","floor":10.0},{"not_picked":["Heavy Blade","True Grit"],"picked":"Pommel Strike","floor":13.0},{"not_picked":["Bloodletting","Flex"],"picked":"Inflame","floor":14.0},{"not_picked":["Bludgeon","Exhume"],"picked":"Immolate","floor":16.0},{"not_picked":["Perfected Strike","Headbutt","Clothesline"],"picked":"SKIP","floor":18},{"not_picked":["Intimidate+1","Iron Wave"],"picked":"Armaments+1","floor":22},{"not_picked":["Armaments","Thunderclap"],"picked":"Warcry","floor":24},{"not_picked":["Clash","Reckless Charge"],"picked":"Searing Blow+1","floor":28},{"not_picked":["Heavy Blade","Hemokinesis+1","Blood for Blood"],"picked":"Singing Bowl","floor":31},{"not_picked":["Berserk","Immolate"],"picked":"Juggernaut","floor":33},{"not_picked":["Havoc"],"picked":"Singing Bowl","floor":35},{"not_picked":["Pommel Strike"],"picked":"Singing Bowl","floor":37},{"not_picked":[],"picked":"Entrench","floor":39},{"not_picked":[],"picked":"True Grit+1","floor":41},{"not_picked":["Sword Boomerang"],"picked":"Singing Bowl","floor":42},{"not_picked":["Limit Break"],"picked":"SKIP","floor":46},{"not_picked":[],"picked":"Limit Break","floor":46}],"player_experience":623735,"relics_obtained":[{"floor":6.0,"key":"Boot"},{"floor":9.0,"key":"Bag of Marbles"},{"floor":13.0,"key":"Gambling Chip"},{"floor":26,"key":"PreservedInsect"},{"floor":28,"key":"Singing Bowl"},{"floor":41,"key":"Omamori"},{"floor":43,"key":"MawBank"},{"floor":46,"key":"Bottled Lightning"}],"event_choices":[{"damage_healed":0.0,"max_hp_gain":0.0,"max_hp_loss":0.0,"gold_gain":0.0,"event_name":"Living Wall","player_choice":"Grow","floor":3.0,"gold_loss":0.0,"damage_taken":0.0,"cards_upgraded":["Feed"]},{"damage_healed":0.0,"max_hp_gain":0.0,"max_hp_loss":0.0,"gold_gain":75.0,"event_name":"World of Goop","player_choice":"Gather Gold","floor":5.0,"gold_loss":0.0,"damage_taken":11.0},{"damage_healed":0.0,"max_hp_gain":0.0,"max_hp_loss":0.0,"gold_gain":0.0,"event_name":"Liars Game","player_choice":"Ignored","floor":11.0,"gold_loss":0.0,"damage_taken":0.0},{"cards_removed":["Strike_R"],"damage_healed":0.0,"max_hp_gain":0.0,"max_hp_loss":0.0,"gold_gain":0.0,"event_name":"Golden Wing","player_choice":"Card Removal","floor":12.0,"gold_loss":0.0,"damage_taken":7.0},{"damage_healed":0,"gold_gain":180,"player_choice":"GOLD GOLD ","damage_taken":30,"max_hp_gain":0,"max_hp_loss":0,"event_name":"Knowing Skull","floor":20,"potions_obtained":[],"gold_loss":0,"cards_obtained":[]},{"cards_removed":["Strike_R"],"damage_healed":0,"gold_gain":0,"player_choice":"Purged","damage_taken":0,"max_hp_gain":0,"max_hp_loss":0,"event_name":"Purifier","floor":27,"gold_loss":0},{"damage_healed":0,"gold_gain":0,"player_choice":"Ignored","damage_taken":0,"max_hp_gain":0,"max_hp_loss":0,"event_name":"Tomb of Lord Red Mask","floor":36,"gold_loss":0},{"cards_removed":["Entrench"],"damage_healed":0,"gold_gain":0,"player_choice":"Removed Skill","damage_taken":0,"max_hp_gain":0,"max_hp_loss":0,"event_name":"Falling","floor":44,"gold_loss":0}],"is_beta":false,"boss_relics":[{"not_picked":["Tiny House","Runic Dome"],"picked":"Snecko Eye"},{"not_picked":["Cursed Key","Runic Pyramid"],"picked":"Busted Crown"}],"items_purged_floors":[19,48],"is_endless":false,"potions_floor_spawned":[1,6,13,16,18,22,35,37,39],"ascension_level":7}