{"gold_per_floor":[110,86,86,86,41,41,53,53,53,53,79,79,92,108,108,208,208,227,247,162,21,40,73,73,102,102,102,120,120,135,148,148,252,252,270,26,36,36,53,53,64,77,77,77,77,92,0,19,19,19],"floor_reached":51,"playtime":2108,"items_purged":[],"score":885,"play_id":"903122dd-3a12-4672-ab60-8dac63423a9c","local_time":"20190410180622","is_ascension_mode":true,"campfire_choices":[{"data":"Shrug It Off","floor":6.0,"key":"SMITH"},{"data":"Shrug It Off","floor":8.0,"key":"SMITH"},{"floor":12.0,"key":"REST"},{"data":"Inflame","floor":15.0,"key":"SMITH"},{"data":"Body Slam","floor":24.0,"key":"SMITH"},{"data":"Body Slam","floor":29.0,"key":"SMITH"},{"data":"Shockwave","floor":32.0,"key":"SMITH"},{"data":"Juggernaut","floor":40.0,"key":"SMITH"},{"data":"Reaper","floor":45,"key":"SMITH"},{"data":"Impervious","floor":49,"key":"SMITH"}],"neow_cost":"NONE","seed_source_timestamp":0,"circlet_count":0,"master_deck":["Strike_R","Strike_R","Strike_R+1","Strike_R","Defend_R","Defend_R","Defend_R+1","Defend_R","Bash+1","Shrug It Off+1","Body Slam+1","Shrug It Off+1","Shrug It Off","Cleave","Reaper+1","Inflame+1","Impervious+1","Body Slam+1","Shrug It Off","Feed","Shrug It Off","Body Slam+1","Shockwave+1","Juggernaut+1","Body Slam+1","Seeing Red+1","Shrug It Off","Shrug It Off+1"],"special_seed":0,"relics":["Burning Blood","Paper Frog","Odd Mushroom","Sozu","Mercury Hourglass","Ancient Tea Set","Anchor","Potion Belt","Philosopher\u0027s Stone","Dodecahedron","Gremlin Horn","Red Mask"],"potions_floor_usage":[50,50],"damage_taken":[{"damage":14.0,"enemies":"Small Slimes","floor":1.0,"turns":5.0},{"damage":0.0,"enemies":"Jaw Worm","floor":7.0,"turns":3.0},{"damage":33.0,"enemies":"The Mushroom Lair","floor":11.0,"turns":6.0},{"damage":0.0,"enemies":"2 Louse","floor":13.0,"turns":2.0},{"damage":26.0,"enemies":"Large Slime","floor":14.0,"turns":5.0},{"damage":15.0,"enemies":"Slime Boss","floor":16.0,"turns":8.0},{"damage":6.0,"enemies":"Shell Parasite","floor":18.0,"turns":4.0},{"damage":13.0,"enemies":"3 Byrds","floor":19.0,"turns":5.0},{"damage":14.0,"enemies":"Centurion and Healer","floor":22.0,"turns":5.0},{"damage":51.0,"enemies":"Book of Stabbing","floor":23.0,"turns":6.0},{"damage":0.0,"enemies":"Gremlin Leader","floor":25.0,"turns":4.0},{"damage":0.0,"enemies":"Cultist and Chosen","floor":28.0,"turns":4.0},{"damage":0.0,"enemies":"Snake Plant","floor":30.0,"turns":1.0},{"damage":8.0,"enemies":"Centurion and Healer","floor":31.0,"turns":4.0},{"damage":27.0,"enemies":"Collector","floor":33.0,"turns":6.0},{"damage":0.0,"enemies":"Orb Walker","floor":35.0,"turns":3.0},{"damage":0.0,"enemies":"3 Shapes","floor":37.0,"turns":4.0},{"damage":0.0,"enemies":"Transient","floor":39.0,"turns":5.0},{"damage":24.0,"enemies":"Maw","floor":41.0,"turns":5.0},{"damage":9,"enemies":"Sphere and 2 Shapes","floor":42,"turns":4},{"damage":9,"enemies":"4 Shapes","floor":46,"turns":2},{"damage":0,"enemies":"Transient","floor":48,"turns":5},{"damage":77,"enemies":"Awakened One","floor":50,"turns":11}],"seed_played":"-8231475344887807696","potions_obtained":[{"floor":13.0,"key":"Swift Potion"},{"floor":14.0,"key":"Regen Potion"}],"is_trial":false,"path_per_floor":["M","$","?","?","$","R","M","R","T","?","?","R","M","M","R","B",null,"M","M","?","$","M","E","R","E","T","$","M","R","M","M","R","B",null,"M","$","M","$","M","R","M","M","T","?","R","M","?","M","R","B",null],"character_chosen":"IRONCLAD","items_purchased":["Body Slam","Shrug It Off","Feed","Dodecahedron"],"campfire_rested":1,"item_purchase_floors":[2,5,21,36],"current_hp_per_floor":[72,72,72,72,72,72,78,78,78,62,35,59,65,56,56,58,80,80,77,77,77,69,39,39,66,66,66,82,82,89,87,87,89,89,89,89,89,89,89,89,71,68,68,68,68,85,85,89,89,45],"gold":19,"neow_bonus":"UPGRADE_CARD","is_prod":false,"is_daily":false,"chose_seed":false,"campfire_upgraded":9,"win_rate":0,"timestamp":1554912382,"path_taken":["M","$","?","?","$","R","M","R","T","?","?","R","M","M","R","BOSS","M","M","?","$","M","E","R","E","T","$","M","R","M","M","R","BOSS","M","$","M","$","M","R","M","M","T","?","R","M","?","M","R","BOSS"],"build_version":"2019-01-23","purchased_purges":0,"victory":true,"max_hp_per_floor":[80,80,80,80,80,80,80,80,80,80,80,80,80,80,80,80,80,80,80,80,80,80,83,83,83,83,83,86,86,89,89,89,89,89,89,89,89,89,89,89,89,89,89,89,89,89,89,89,89,92],"card_choices":[{"not_picked":["Cleave","Pommel Strike"],"picked":"Shrug It Off","floor":1.0},{"not_picked":["Rupture","Infernal Blade"],"picked":"Shrug It Off","floor":7.0},{"not_picked":["Warcry","Flex"],"picked":"Cleave","floor":11.0},{"not_picked":["Clash","Combust"],"picked":"Reaper","floor":13.0},{"not_picked":["True Grit","Battle Trance"],"picked":"Inflame","floor":14.0},{"not_picked":["Berserk","Fiend Fire"],"picked":"Impervious","floor":16.0},{"not_picked":["Shrug It Off+1","Bloodletting"],"picked":"Body Slam","floor":18.0},{"not_picked":["Cleave","Twin Strike"],"picked":"Shrug It Off","floor":19.0},{"not_picked":["Warcry","Infernal Blade"],"picked":"Shrug It Off","floor":22.0},{"not_picked":["Havoc","Headbutt+1"],"picked":"Body Slam","floor":23.0},{"not_picked":["Sentinel","Warcry"],"picked":"Shockwave","floor":25.0},{"not_picked":["Clash+1","Havoc","Thunderclap"],"picked":"SKIP","floor":28.0},{"not_picked":["Cleave","Pummel","Iron Wave"],"picked":"SKIP","floor":30.0},{"not_picked":["Pommel Strike","Limit Break","Clash"],"picked":"SKIP","floor":31.0},{"not_picked":["Double Tap","Bludgeon"],"picked":"Juggernaut","floor":33.0},{"not_picked":["Infernal Blade","Clash+1","Warcry"],"picked":"SKIP","floor":35.0},{"not_picked":["Armaments","Clash","Iron Wave"],"picked":"SKIP","floor":37.0},{"not_picked":["Searing Blow+1","Armaments+1"],"picked":"Body Slam+1","floor":39.0},{"not_picked":["True Grit","Reckless Charge","Sentinel"],"picked":"SKIP","floor":41.0},{"not_picked":["Wild Strike","Heavy Blade+1"],"picked":"Seeing Red+1","floor":42},{"not_picked":["Rupture+1","Twin Strike+1"],"picked":"Shrug It Off","floor":46},{"not_picked":["Iron Wave+1","Juggernaut"],"picked":"Shrug It Off+1","floor":48}],"player_experience":106847,"relics_obtained":[{"floor":9.0,"key":"Paper Frog"},{"floor":11.0,"key":"Odd Mushroom"},{"floor":23.0,"key":"Ancient Tea Set"},{"floor":25.0,"key":"Anchor"},{"floor":26.0,"key":"Potion Belt"},{"floor":43,"key":"Gremlin Horn"}],"event_choices":[{"damage_healed":0.0,"max_hp_gain":0.0,"max_hp_loss":0.0,"gold_gain":0.0,"event_name":"The Cleric","player_choice":"Leave","floor":3.0,"gold_loss":0.0,"damage_taken":0.0},{"damage_healed":0.0,"max_hp_gain":0.0,"max_hp_loss":0.0,"gold_gain":0.0,"event_name":"Living Wall","player_choice":"Grow","floor":4.0,"gold_loss":0.0,"damage_taken":0.0,"cards_upgraded":["Body Slam"]},{"damage_healed":0.0,"max_hp_gain":0.0,"max_hp_loss":0.0,"gold_gain":0.0,"event_name":"Shining Light","player_choice":"Entered Light","floor":10.0,"gold_loss":0.0,"damage_taken":16.0,"cards_upgraded":["Defend_R","Strike_R"]},{"damage_healed":0.0,"max_hp_gain":0.0,"max_hp_loss":0.0,"gold_gain":0.0,"event_name":"Mushrooms","player_choice":"Fought Mushrooms","floor":11.0,"gold_loss":0.0,"damage_taken":0.0},{"damage_healed":0.0,"max_hp_gain":0.0,"max_hp_loss":0.0,"gold_gain":0.0,"event_name":"Addict","player_choice":"Obtained Relic","floor":20.0,"gold_loss":85.0,"damage_taken":0.0,"relics_obtained":["Mercury Hourglass"]},{"cards_removed":["Strike_R"],"damage_healed":0,"gold_gain":0,"player_choice":"Removed Attack","damage_taken":0,"max_hp_gain":0,"max_hp_loss":0,"event_name":"Falling","floor":44,"gold_loss":0},{"damage_healed":0,"gold_gain":0,"player_choice":"Paid","damage_taken":0,"relics_obtained":["Red Mask"],"max_hp_gain":0,"max_hp_loss":0,"event_name":"Tomb of Lord Red Mask","floor":47,"gold_loss":92}],"is_beta":false,"boss_relics":[{"not_picked":["Lizard Tail","Black Star"],"picked":"Sozu"},{"not_picked":["Eternal Feather","Empty Cage"],"picked":"Philosopher\u0027s Stone"}],"items_purged_floors":[],"is_endless":false,"potions_floor_spawned":[13,14,19,23,28,31,33,39,46],"ascension_level":4}