{"gold_per_floor":[211,223,223,148,160,160,235,235,235,135,149,149,149,163,163,263,263,281,301,176,176],"floor_reached":21,"playtime":389,"items_purged":["Defend_R","Defend_R","Defend_R"],"score":169,"play_id":"247cbed8-13fd-49aa-ad03-c9431a85a47f","local_time":"20190418182259","is_ascension_mode":false,"campfire_choices":[{"data":"Bash","floor":6.0,"key":"SMITH"},{"data":"Strike_R","floor":8.0,"key":"SMITH"},{"floor":13.0,"key":"REST"},{"floor":15.0,"key":"REST"}],"neow_cost":"NONE","seed_source_timestamp":668155577283647,"circlet_count":0,"master_deck":["Strike_R+1","Strike_R","Strike_R","Strike_R","Strike_R","Bash+1"],"special_seed":0,"relics":["Burning Blood","Dodecahedron","White Beast Statue"],"potions_floor_usage":[16,19],"damage_taken":[{"damage":15.0,"enemies":"Jaw Worm","floor":1.0,"turns":4.0},{"damage":0.0,"enemies":"Small Slimes","floor":2.0,"turns":3.0},{"damage":6.0,"enemies":"Cultist","floor":5.0,"turns":3.0},{"damage":19.0,"enemies":"Large Slime","floor":11.0,"turns":6.0},{"damage":12.0,"enemies":"2 Fungi Beasts","floor":14.0,"turns":3.0},{"damage":47,"enemies":"Slime Boss","floor":16,"turns":12},{"damage":30,"enemies":"3 Byrds","floor":18,"turns":6},{"damage":56,"enemies":"2 Thieves","floor":19,"turns":5},{"damage":21,"enemies":"Snake Plant","floor":21,"turns":1}],"seed_played":"-3080205647997819897","potions_obtained":[{"floor":1.0,"key":"LiquidBronze"},{"floor":16,"key":"SpeedPotion"},{"floor":18,"key":"Regen Potion"},{"floor":19,"key":"Strength Potion"}],"is_trial":false,"path_per_floor":["M","M","?","$","M","R","?","R","T","$","M","?","R","M","R","B",null,"M","M","$","M"],"character_chosen":"IRONCLAD","items_purchased":[],"campfire_rested":2,"item_purchase_floors":[],"current_hp_per_floor":[71,77,70,70,70,70,59,59,59,59,46,46,70,64,80,39,80,56,20,20,0],"gold":176,"neow_bonus":"HUNDRED_GOLD","is_prod":false,"is_daily":false,"chose_seed":false,"campfire_upgraded":2,"win_rate":0,"timestamp":1555604579,"path_taken":["M","M","?","$","M","R","?","R","T","$","?","?","R","M","R","BOSS","M","M","$","M"],"build_version":"2019-01-23","purchased_purges":3,"victory":false,"max_hp_per_floor":[80,80,80,80,80,80,80,80,80,80,80,80,80,80,80,80,80,80,80,80,80],"card_choices":[{"not_picked":["Havoc","Pummel","Armaments"],"picked":"SKIP","floor":1.0},{"not_picked":["Entrench","Cleave","Infernal Blade"],"picked":"SKIP","floor":2.0},{"not_picked":["Sword Boomerang","Cleave","Body Slam"],"picked":"SKIP","floor":5.0},{"not_picked":["Anger","Bloodletting","Rage"],"picked":"SKIP","floor":11.0},{"not_picked":["Fire Breathing","Demon Form","Wild Strike"],"picked":"SKIP","floor":14.0},{"not_picked":["Spot Weakness","Shockwave+1","Carnage"],"picked":"SKIP","floor":18},{"not_picked":["Entrench","Armaments","Body Slam+1"],"picked":"SKIP","floor":19}],"player_experience":125798,"relics_obtained":[{"floor":9.0,"key":"Dodecahedron"}],"event_choices":[{"cards_removed":["Defend_R"],"damage_healed":0.0,"max_hp_gain":0.0,"max_hp_loss":0.0,"gold_gain":0.0,"event_name":"Golden Wing","player_choice":"Card Removal","floor":3.0,"gold_loss":0.0,"damage_taken":7.0},{"damage_healed":0.0,"max_hp_gain":0.0,"max_hp_loss":0.0,"gold_gain":75.0,"event_name":"World of Goop","player_choice":"Gather Gold","floor":7.0,"gold_loss":0.0,"damage_taken":11.0},{"damage_healed":0.0,"max_hp_gain":0.0,"max_hp_loss":0.0,"gold_gain":0.0,"event_name":"Liars Game","player_choice":"Ignored","floor":12.0,"gold_loss":0.0,"damage_taken":0.0}],"is_beta":false,"boss_relics":[{"not_picked":["Mark of Pain","Calling Bell"],"picked":"White Beast Statue"}],"items_purged_floors":[4,10,20],"is_endless":false,"potions_floor_spawned":[1,16,18,19],"killed_by":"Snake Plant","ascension_level":0}