{"gold_per_floor":[114,128,128,146,156,156,167,179,225,225,255,266,292,292,292,389,389,403,75,0,17,17,17,35,60,84,110,110,125,125,159,159,159],"floor_reached":33,"playtime":2219,"items_purged":[],"score":501,"play_id":"e218dbf3-ee8b-4113-b714-769fea5ec2cf","local_time":"20190611165944","is_ascension_mode":true,"campfire_choices":[{"data":"Neutralize","floor":6,"key":"SMITH"},{"data":"Well Laid Plans","floor":10,"key":"SMITH"},{"floor":15,"key":"REST"},{"floor":23,"key":"REST"},{"floor":30,"key":"REST"},{"floor":32,"key":"REST"}],"neow_cost":"NONE","seed_source_timestamp":2105533071697054,"circlet_count":0,"master_deck":["AscendersBane","Defend_G","Defend_G","Defend_G","Defend_G","Strike_G","Strike_G","Strike_G","Strike_G","Strike_G","Survivor","Neutralize+1","Grand Finale","Quick Slash","Well Laid Plans+1","Prepared","Backflip","Sucker Punch","Backflip","Adrenaline","Caltrops+1","PiercingWail","Noxious Fumes","Necronomicurse","Slice+1","Sweeping Beam","Jack Of All Trades","Decay","Good Instincts+1"],"relics":["Ring of the Serpent","Darkstone Periapt","Kunai","PrismaticShard","Necronomicon","Regal Pillow","Strawberry","Juzu Bracelet","Shovel"],"potions_floor_usage":[7,11,16,25,25,33],"damage_taken":[{"damage":8,"enemies":"Cultist","floor":1,"turns":6},{"damage":0,"enemies":"2 Louse","floor":2,"turns":4},{"damage":7,"enemies":"Small Slimes","floor":4,"turns":5},{"damage":6,"enemies":"Looter","floor":5,"turns":3},{"damage":2,"enemies":"3 Louse","floor":7,"turns":3},{"damage":3,"enemies":"Gremlin Gang","floor":8,"turns":3},{"damage":6,"enemies":"3 Sentries","floor":11,"turns":3},{"damage":14,"enemies":"Lots of Slimes","floor":12,"turns":3},{"damage":12,"enemies":"Gremlin Nob","floor":13,"turns":3},{"damage":1,"enemies":"The Guardian","floor":16,"turns":10},{"damage":8,"enemies":"Chosen","floor":18,"turns":4},{"damage":4,"enemies":"3 Byrds","floor":21,"turns":4},{"damage":10,"enemies":"Snake Plant","floor":24,"turns":4},{"damage":21,"enemies":"Gremlin Leader","floor":25,"turns":7},{"damage":25,"enemies":"Slavers","floor":27,"turns":3},{"damage":16,"enemies":"Centurion and Healer","floor":29,"turns":6},{"damage":29,"enemies":"Book of Stabbing","floor":31,"turns":6},{"damage":68,"enemies":"Automaton","floor":33,"turns":6}],"seed_played":"-8742543035686966003","potions_obtained":[{"floor":1,"key":"Block Potion"},{"floor":4,"key":"FearPotion"},{"floor":7,"key":"Dexterity Potion"},{"floor":13,"key":"GamblersBrew"},{"floor":21,"key":"AttackPotion"},{"floor":24,"key":"AttackPotion"},{"floor":27,"key":"Explosive Potion"}],"is_trial":false,"path_per_floor":["M","M","$","M","M","R","M","M","T","R","E","M","E","?","R","B",null,"M","$","?","M","?","R","M","E","T","E","?","M","R","E","R","B"],"character_chosen":"THE_SILENT","items_purchased":["PiercingWail","Noxious Fumes","PrismaticShard"],"campfire_rested":4,"item_purchase_floors":[19,19,19],"current_hp_per_floor":[55,55,55,48,42,42,40,37,37,37,31,17,5,10,32,31,64,56,56,56,52,42,66,56,35,42,17,23,7,50,21,64,0],"gold":159,"neow_bonus":"ONE_RANDOM_RARE_CARD","is_prod":false,"is_daily":false,"chose_seed":false,"campfire_upgraded":2,"win_rate":0,"timestamp":1560283184,"path_taken":["M","?","$","M","M","R","M","M","T","R","E","M","E","?","R","BOSS","M","$","?","M","?","R","M","E","T","E","?","M","R","E","R","BOSS"],"build_version":"2019-01-23","purchased_purges":0,"victory":false,"max_hp_per_floor":[70,70,70,70,70,70,70,70,70,70,70,70,70,75,75,75,75,75,75,75,75,81,81,81,81,88,88,94,94,94,94,94,94],"card_choices":[{"not_picked":["Expertise","Cloak And Dagger"],"picked":"Quick Slash","floor":1},{"not_picked":["Deflect","Dagger Spray"],"picked":"Well Laid Plans","floor":2},{"not_picked":["Bane","Choke"],"picked":"Prepared","floor":4},{"not_picked":["Flying Knee","Venomology"],"picked":"Backflip","floor":5},{"not_picked":["Blade Dance","Acrobatics","Bane"],"picked":"SKIP","floor":7},{"not_picked":["Dagger Throw","Backflip","Acrobatics"],"picked":"SKIP","floor":8},{"not_picked":["Adrenaline","Infinite Blades"],"picked":"Sucker Punch","floor":11},{"not_picked":["Blur","Eviscerate"],"picked":"Backflip","floor":12},{"not_picked":["Slice","Dagger Throw","Quick Slash"],"picked":"SKIP","floor":13},{"not_picked":["Doppelganger","Unload"],"picked":"Adrenaline","floor":16},{"not_picked":["Deflect","Skewer"],"picked":"Caltrops+1","floor":18},{"not_picked":["Dagger Throw","Sweeping Beam+1","Storm+1"],"picked":"SKIP","floor":21},{"not_picked":["Leg Sweep","Body Slam"],"picked":"Slice+1","floor":24},{"not_picked":["Dramatic Entrance","Underhanded Strike+1"],"picked":"Sweeping Beam","floor":25},{"not_picked":["Cleave","Corpse Explosion"],"picked":"Jack Of All Trades","floor":27},{"not_picked":["Thunderclap+1","Prepared","Melter"],"picked":"SKIP","floor":29},{"not_picked":["Forethought","Havoc"],"picked":"Good Instincts+1","floor":31}],"player_experience":986526,"relics_obtained":[{"floor":11,"key":"Darkstone Periapt"},{"floor":13,"key":"Kunai"},{"floor":22,"key":"Necronomicon"},{"floor":25,"key":"Regal Pillow"},{"floor":26,"key":"Strawberry"},{"floor":27,"key":"Juzu Bracelet"},{"floor":31,"key":"Shovel"}],"event_choices":[{"damage_healed":0,"gold_gain":0,"player_choice":"Donut","damage_taken":0,"max_hp_gain":5,"max_hp_loss":0,"event_name":"Big Fish","floor":14,"gold_loss":0},{"cards_removed":["Defend_G"],"damage_healed":0,"gold_gain":0,"player_choice":"Gave Gold","damage_taken":0,"max_hp_gain":0,"max_hp_loss":0,"event_name":"Beggar","floor":20,"gold_loss":75},{"damage_healed":0,"gold_gain":0,"player_choice":"Obtained Book","damage_taken":16,"max_hp_gain":0,"max_hp_loss":0,"event_name":"Cursed Tome","floor":22,"gold_loss":0},{"damage_healed":0,"gold_gain":0,"player_choice":"Smashed Altar","damage_taken":0,"max_hp_gain":0,"max_hp_loss":0,"event_name":"Forgotten Altar","floor":28,"gold_loss":0,"cards_obtained":["Decay"]}],"is_beta":false,"boss_relics":[{"not_picked":["Runic Dome","Runic Pyramid"],"picked":"Ring of the Serpent"}],"items_purged_floors":[],"is_endless":false,"potions_floor_spawned":[1,4,7,13,21,24,27],"killed_by":"Automaton","ascension_level":10}