{"gold_per_floor":[361,373,255,255,269,269,304,304,304,317,330,358,371,388,388,461,461,475,475,494,513,513,541,541,555,555,50,68,85,85,85,85,162,162,179,179,190,140,150,150],"floor_reached":40,"playtime":2397,"items_purged":["Strike_B"],"score":869,"play_id":"a5036e6a-006f-43f5-8093-1fae6f94a594","local_time":"20190621213411","is_ascension_mode":true,"campfire_choices":[{"data":"Zap","floor":6.0,"key":"SMITH"},{"floor":8.0,"key":"REST"},{"data":"Lockon","floor":15.0,"key":"SMITH"},{"floor":24.0,"key":"REST"},{"floor":30.0,"key":"REST"},{"data":"Capacitor","floor":32.0,"key":"SMITH"}],"neow_cost":"PERCENT_DAMAGE","seed_source_timestamp":0,"circlet_count":0,"master_deck":["AscendersBane","Strike_B+1","Strike_B+1","Defend_B+1","Defend_B+1","Defend_B+1","Defend_B+1","Zap+1","Dualcast","Compile Driver","Ball Lightning","Darkness","Ball Lightning","Undo","Lockon+1","Biased Cognition","Reinforced Body","Core Surge","Capacitor+1","FTL","BootSequence","Leap+1","Hologram","Echo Form+1","Dark Shackles","Parasite","Redo+1"],"special_seed":0,"relics":["FrozenCore","Nunchaku","Mango","Oddly Smooth Stone","Boot","Sundial","ClockworkSouvenir","Pear","Cursed Key"],"potions_floor_usage":[40],"damage_taken":[{"damage":0.0,"enemies":"2 Louse","floor":1.0,"turns":2.0},{"damage":1.0,"enemies":"Cultist","floor":2.0,"turns":3.0},{"damage":3.0,"enemies":"Small Slimes","floor":5.0,"turns":2.0},{"damage":11.0,"enemies":"Gremlin Nob","floor":7.0,"turns":3.0},{"damage":46.0,"enemies":"Gremlin Gang","floor":10.0,"turns":6.0},{"damage":6.0,"enemies":"Looter","floor":11.0,"turns":2.0},{"damage":8.0,"enemies":"Lagavulin","floor":12.0,"turns":5.0},{"damage":0.0,"enemies":"2 Fungi Beasts","floor":13.0,"turns":2.0},{"damage":0.0,"enemies":"Exordium Thugs","floor":14.0,"turns":3.0},{"damage":4.0,"enemies":"Slime Boss","floor":16.0,"turns":5.0},{"damage":0.0,"enemies":"Chosen","floor":18.0,"turns":4.0},{"damage":13.0,"enemies":"Shell Parasite","floor":20.0,"turns":5.0},{"damage":7.0,"enemies":"Centurion and Healer","floor":21.0,"turns":6.0},{"damage":42.0,"enemies":"Slavers","floor":23.0,"turns":8.0},{"damage":26.0,"enemies":"3 Cultists","floor":25.0,"turns":5.0},{"damage":8.0,"enemies":"Shelled Parasite and Fungi","floor":28.0,"turns":6.0},{"damage":16.0,"enemies":"Cultist and Chosen","floor":29.0,"turns":6.0},{"damage":40.0,"enemies":"Automaton","floor":33.0,"turns":12.0},{"damage":0.0,"enemies":"Orb Walker","floor":35.0,"turns":4.0},{"damage":6.0,"enemies":"3 Darklings","floor":37.0,"turns":6.0},{"damage":7.0,"enemies":"Writhing Mass","floor":39.0,"turns":5.0},{"damage":93,"enemies":"Giant Head","floor":40,"turns":9}],"seed_played":"4007699545864512840","potions_obtained":[{"floor":2.0,"key":"FearPotion"},{"floor":7.0,"key":"Regen Potion"},{"floor":11.0,"key":"Block Potion"},{"floor":13.0,"key":"Energy Potion"},{"floor":16.0,"key":"SteroidPotion"},{"floor":23.0,"key":"FairyPotion"},{"floor":25.0,"key":"Regen Potion"},{"floor":28.0,"key":"Fire Potion"},{"floor":33.0,"key":"LiquidBronze"},{"floor":35.0,"key":"Dexterity Potion"}],"is_trial":false,"path_per_floor":["M","M","$","?","M","R","E","R","T","M","M","E","M","M","R","B",null,"M","?","M","M","?","E","R","M","T","$","M","M","R","?","R","B",null,"M","?","M","?","M","E"],"character_chosen":"DEFECT","items_purchased":["Darkness","ClockworkSouvenir","Pear"],"campfire_rested":3,"item_purchase_floors":[3,27,27],"current_hp_per_floor":[46,45,45,45,42,42,31,52,66,35,29,21,21,21,21,17,68,68,68,55,48,48,6,31,5,5,15,22,6,34,34,34,9,74,74,74,68,68,61,0],"gold":150,"neow_bonus":"TWO_FIFTY_GOLD","is_prod":false,"is_daily":false,"chose_seed":false,"campfire_upgraded":3,"win_rate":0,"timestamp":1561178051,"path_taken":["M","M","$","?","M","R","E","R","T","?","M","E","M","M","R","BOSS","M","?","?","M","?","E","R","M","T","$","M","M","R","?","R","BOSS","M","?","M","?","?","E"],"build_version":"2019-01-23","purchased_purges":1,"victory":false,"max_hp_per_floor":[71,71,71,71,71,71,71,71,85,85,85,85,85,85,85,85,85,85,85,85,85,85,85,85,85,85,95,95,95,95,95,95,95,95,95,95,95,95,95,95],"card_choices":[{"not_picked":["Aggregate","Rebound"],"picked":"Compile Driver","floor":1.0},{"not_picked":["Skim","Coolheaded"],"picked":"Ball Lightning","floor":2.0},{"not_picked":["Barrage","Stack"],"picked":"Ball Lightning","floor":5.0},{"not_picked":["Barrage","Steam Power"],"picked":"Undo","floor":7.0},{"not_picked":["Gash","Fusion"],"picked":"Lockon","floor":10.0},{"not_picked":["Skim","Barrage","Compile Driver"],"picked":"SKIP","floor":11.0},{"not_picked":["Gash","Auto Shields"],"picked":"Biased Cognition","floor":12.0},{"not_picked":["Barrage","Ball Lightning","Go for the Eyes"],"picked":"SKIP","floor":13.0},{"not_picked":["Aggregate","Leap"],"picked":"Reinforced Body","floor":14.0},{"not_picked":["Hyperbeam","Echo Form"],"picked":"Core Surge","floor":16.0},{"not_picked":["Ball Lightning","Stack"],"picked":"Capacitor","floor":18.0},{"not_picked":["Barrage","Lockon"],"picked":"BootSequence","floor":20.0},{"not_picked":["Sweeping Beam","Redo"],"picked":"Leap+1","floor":21.0},{"not_picked":["Turbo","Gash"],"picked":"Hologram","floor":23.0},{"not_picked":["Meteor Strike","Cold Snap","Coolheaded"],"picked":"SKIP","floor":25.0},{"not_picked":["Gash","Barrage","Hologram"],"picked":"SKIP","floor":28.0},{"not_picked":["Skim","Aggregate","Hologram"],"picked":"SKIP","floor":29.0},{"not_picked":["Core Surge","Rainbow"],"picked":"Echo Form","floor":33.0},{"not_picked":["Steam","Scrape+1","Cold Snap"],"picked":"SKIP","floor":35.0},{"not_picked":["Purity","Trip"],"picked":"Dark Shackles","floor":36.0},{"not_picked":["Hologram","Consume","Darkness"],"picked":"SKIP","floor":37.0},{"not_picked":["Conserve Battery","Darkness+1"],"picked":"Redo+1","floor":39.0}],"player_experience":959584,"relics_obtained":[{"floor":7.0,"key":"Nunchaku"},{"floor":9.0,"key":"Mango"},{"floor":12.0,"key":"Oddly Smooth Stone"},{"floor":23.0,"key":"Boot"},{"floor":26.0,"key":"Sundial"}],"event_choices":[{"cards_removed":["Strike_B"],"damage_healed":0.0,"max_hp_gain":0.0,"max_hp_loss":0.0,"gold_gain":0.0,"event_name":"Bonfire Elementals","player_choice":"Offered Basic","floor":4.0,"gold_loss":0.0,"damage_taken":0.0},{"damage_healed":0.0,"max_hp_gain":0.0,"max_hp_loss":0.0,"gold_gain":0.0,"event_name":"Match and Keep!","player_choice":"1 cards matched","floor":19.0,"gold_loss":0.0,"damage_taken":0.0,"cards_obtained":["FTL"]},{"damage_healed":0.0,"max_hp_gain":0.0,"max_hp_loss":0.0,"gold_gain":0.0,"event_name":"Cursed Tome","player_choice":"Ignored","floor":22.0,"gold_loss":0.0,"damage_taken":0.0},{"damage_healed":0.0,"max_hp_gain":0.0,"max_hp_loss":0.0,"gold_gain":0.0,"event_name":"Back to Basics","player_choice":"Simplicity","floor":31.0,"gold_loss":0.0,"damage_taken":0.0,"cards_upgraded":["Strike_B","Strike_B","Defend_B","Defend_B","Defend_B","Defend_B"]},{"damage_healed":0.0,"max_hp_gain":0.0,"max_hp_loss":0.0,"gold_gain":0.0,"event_name":"SensoryStone","player_choice":"Memory 1","floor":36.0,"gold_loss":0.0,"damage_taken":0.0},{"damage_healed":0.0,"max_hp_gain":0.0,"max_hp_loss":0.0,"gold_gain":0.0,"event_name":"Designer","player_choice":"Upgrade","floor":38.0,"gold_loss":50.0,"damage_taken":0.0,"cards_upgraded":["Echo Form"]}],"is_beta":false,"boss_relics":[{"not_picked":["White Beast Statue","Runic Dome"],"picked":"FrozenCore"},{"not_picked":["Coffee Dripper","Velvet Choker"],"picked":"Cursed Key"}],"items_purged_floors":[3],"is_endless":false,"potions_floor_spawned":[2,7,11,13,16,23,25,28,33,35],"killed_by":"Giant Head","ascension_level":20}