{"gold_per_floor":[110,80,5,155,155,155,187,199,199,230,243,243,263,95,95,193,193,214,214,9,30,30],"floor_reached":22,"playtime":885,"items_purged":["Strike_B"],"score":434,"play_id":"a302d6b8-a59c-4dee-a4aa-506694945586","local_time":"20190622132731","is_ascension_mode":true,"campfire_choices":[{"data":"Zap","floor":6.0,"key":"SMITH"},{"data":"Defragment","floor":15.0,"key":"SMITH"}],"neow_cost":"NONE","seed_source_timestamp":261950334263764,"circlet_count":0,"master_deck":["AscendersBane","Strike_B","Strike_B+1","Strike_B+1","Defend_B","Defend_B","Defend_B","Defend_B","Zap+1","Dualcast","Defragment","Hologram","Injury","Compile Driver","Defragment+1","Reinforced Body","Biased Cognition","Undo","RitualDagger","Capacitor","Core Surge","BootSequence"],"special_seed":0,"relics":["Cracked Core","NeowsBlessing","Whetstone","Blue Candle","Anchor","Golden Idol","Black Star"],"potions_floor_usage":[22],"damage_taken":[{"damage":0.0,"enemies":"Jaw Worm","floor":1.0,"turns":1.0},{"damage":0.0,"enemies":"3 Sentries","floor":7.0,"turns":1.0},{"damage":0.0,"enemies":"Cultist","floor":8.0,"turns":1.0},{"damage":39.0,"enemies":"Gremlin Nob","floor":10.0,"turns":4.0},{"damage":0.0,"enemies":"2 Louse","floor":11.0,"turns":3.0},{"damage":0.0,"enemies":"2 Fungi Beasts","floor":13.0,"turns":2.0},{"damage":10.0,"enemies":"The Guardian","floor":16.0,"turns":11.0},{"damage":10.0,"enemies":"Chosen","floor":18.0,"turns":5.0},{"damage":31,"enemies":"Shell Parasite","floor":21,"turns":10},{"damage":12,"enemies":"Chosen and Byrds","floor":22,"turns":3}],"seed_played":"851538702180554240","potions_obtained":[{"floor":2.0,"key":"Ancient Potion"},{"floor":2.0,"key":"PowerPotion"},{"floor":10.0,"key":"Explosive Potion"},{"floor":13.0,"key":"EntropicBrew"},{"floor":16.0,"key":"SpeedPotion"}],"is_trial":false,"path_per_floor":["M","?","$","?","?","R","E","M","T","E","M","?","M","$","R","B",null,"M","?","$","M","M"],"character_chosen":"DEFECT","items_purchased":["Defragment","Reinforced Body","Capacitor","Core Surge"],"campfire_rested":0,"item_purchase_floors":[14,14,20,20],"current_hp_per_floor":[64,64,64,64,64,64,64,64,64,25,25,25,25,25,25,15,57,47,41,41,10,0],"gold":30,"neow_bonus":"THREE_ENEMY_KILL","is_prod":false,"is_daily":false,"chose_seed":false,"campfire_upgraded":2,"win_rate":0,"timestamp":1561235251,"path_taken":["M","?","?","?","?","R","E","M","T","E","M","?","M","$","R","BOSS","M","?","?","M","M"],"build_version":"2019-01-23","purchased_purges":1,"victory":false,"max_hp_per_floor":[71,71,71,71,71,71,71,71,71,71,71,71,71,71,71,71,71,71,71,71,71,71],"card_choices":[{"not_picked":["Redo","Rebound","Sweeping Beam"],"picked":"SKIP","floor":1.0},{"not_picked":["Double Energy","Fission"],"picked":"Defragment","floor":7.0},{"not_picked":["Compile Driver","Redo"],"picked":"Hologram","floor":8.0},{"not_picked":["Leap","Steam","Streamline"],"picked":"SKIP","floor":10.0},{"not_picked":["Barrage","Recycle","Rebound"],"picked":"SKIP","floor":11.0},{"not_picked":["Streamline","Gash"],"picked":"Compile Driver","floor":13.0},{"not_picked":["Hyperbeam","Rainbow"],"picked":"Biased Cognition","floor":16.0},{"not_picked":["Cold Snap","Stack"],"picked":"Undo","floor":18.0},{"not_picked":["Sweeping Beam","Leap"],"picked":"BootSequence","floor":21}],"player_experience":1013506,"relics_obtained":[{"floor":7.0,"key":"Whetstone"},{"floor":9.0,"key":"Blue Candle"},{"floor":10.0,"key":"Anchor"}],"event_choices":[{"damage_healed":0.0,"max_hp_gain":0.0,"max_hp_loss":0.0,"gold_gain":0.0,"event_name":"The Woman in Blue","player_choice":"Bought 2 Potions","floor":2.0,"gold_loss":0.0,"damage_taken":0.0},{"damage_healed":0.0,"max_hp_gain":0.0,"max_hp_loss":0.0,"gold_gain":150.0,"event_name":"Liars Game","player_choice":"AGREE","floor":4.0,"gold_loss":0.0,"damage_taken":0.0,"cards_obtained":["Doubt"]},{"cards_removed":["Doubt"],"damage_healed":0.0,"max_hp_gain":0.0,"max_hp_loss":0.0,"gold_gain":0.0,"event_name":"Living Wall","player_choice":"Forget","floor":5.0,"gold_loss":0.0,"damage_taken":0.0},{"damage_healed":0.0,"max_hp_gain":0.0,"max_hp_loss":0.0,"gold_gain":0.0,"event_name":"Golden Idol","player_choice":"Take Wound","floor":12.0,"gold_loss":0.0,"damage_taken":0.0,"relics_obtained":["Golden Idol"],"cards_obtained":["Injury"]},{"damage_healed":0.0,"max_hp_gain":0.0,"max_hp_loss":0.0,"gold_gain":0.0,"event_name":"Nest","player_choice":"Joined the Cult","floor":19.0,"gold_loss":0.0,"damage_taken":6.0,"cards_obtained":["RitualDagger"]}],"is_beta":false,"boss_relics":[{"not_picked":["Lizard Tail","Pandora\u0027s Box"],"picked":"Black Star"}],"items_purged_floors":[3],"is_endless":false,"potions_floor_spawned":[10,11,13,16],"killed_by":"Chosen and Byrds","ascension_level":20}