{"gold_per_floor":[113,133,149,149,159,159,7,41,41,0,10,10,10,28,28,126,126,144,144,107,107,107,107,120,131,131,144,144,157,176,189,189,290,290,308,321,83,100,13,27,27,27,27,108,108,108,13,13,13,13],"floor_reached":50,"playtime":2566,"items_purged":[],"score":494,"play_id":"e6e757d6-6bfe-4b05-be7b-7aa715fe3423","local_time":"20190303082114","is_ascension_mode":false,"campfire_choices":[{"data":"Flame Barrier","floor":6,"key":"SMITH"},{"data":"Heavy Blade","floor":13,"key":"SMITH"},{"data":"Power Through","floor":15,"key":"SMITH"},{"data":"Demon Form","floor":23,"key":"SMITH"},{"data":"Iron Wave","floor":28,"key":"SMITH"},{"data":"Seeing Red","floor":32,"key":"SMITH"},{"data":"Body Slam","floor":49,"key":"SMITH"}],"neow_cost":"NONE","seed_source_timestamp":377126849326753,"circlet_count":0,"master_deck":["Strike_R","Strike_R","Strike_R","Defend_R","Defend_R+1","Defend_R","Bash","Power Through","Headbutt","Flame Barrier+1","Inflame","Iron Wave+1","Heavy Blade+1","Power Through+1","Demon Form+1","True Grit","Ghostly Armor","Wild Strike+1","Rampage+1","Shrug It Off","Body Slam+1","Seeing Red+1","Blood for Blood+1","Impervious","Iron Wave+1","Thunderclap+1","Intimidate+1","Shockwave+1","Inflame+1","Parasite","Flex+1","Good Instincts","Doubt","Panacea","Bandage Up"],"relics":["Burning Blood","Red Skull","Art of War","Sundial","Eternal Feather","Question Card","Astrolabe","Darkstone Periapt","Pear","Shuriken","Regal Pillow"],"potions_floor_usage":[18,31,33,33,33,36,50],"damage_taken":[{"damage":5,"enemies":"Cultist","floor":1,"turns":4},{"damage":1,"enemies":"Jaw Worm","floor":2,"turns":4},{"damage":1,"enemies":"2 Louse","floor":3,"turns":2},{"damage":2,"enemies":"Blue Slaver","floor":5,"turns":6},{"damage":11,"enemies":"Gremlin Nob","floor":8,"turns":5},{"damage":0,"enemies":"Looter","floor":11,"turns":4},{"damage":10,"enemies":"2 Fungi Beasts","floor":14,"turns":4},{"damage":51,"enemies":"The Guardian","floor":16,"turns":12},{"damage":32,"enemies":"3 Byrds","floor":18,"turns":8},{"damage":0,"enemies":"Chosen","floor":24,"turns":8},{"damage":14,"enemies":"Snecko","floor":25,"turns":6},{"damage":16,"enemies":"Centurion and Healer","floor":27,"turns":5},{"damage":19,"enemies":"Chosen and Byrds","floor":29,"turns":9},{"damage":13,"enemies":"Snake Plant","floor":30,"turns":6},{"damage":2,"enemies":"Snecko","floor":31,"turns":5},{"damage":59,"enemies":"Collector","floor":33,"turns":8},{"damage":14,"enemies":"Orb Walker","floor":35,"turns":5},{"damage":61,"enemies":"3 Shapes","floor":36,"turns":4},{"damage":7,"enemies":"Writhing Mass","floor":38,"turns":7},{"damage":21,"enemies":"4 Shapes","floor":40,"turns":5},{"damage":115,"enemies":"Donu and Deca","floor":50,"turns":7}],"seed_played":"-5488308247701318374","potions_obtained":[{"floor":0,"key":"FearPotion"},{"floor":0,"key":"Weak Potion"},{"floor":0,"key":"Fire Potion"},{"floor":25,"key":"Poison Potion"},{"floor":31,"key":"Explosive Potion"},{"floor":35,"key":"PowerPotion"},{"floor":40,"key":"BloodPotion"}],"is_trial":false,"path_per_floor":["M","M","M","?","M","R","$","E","T","?","M","$","R","M","R","B",null,"M","?","$","?","?","R","M","M","T","M","R","M","M","M","R","B",null,"M","M","$","M","$","M","$","?","T","T","?","?","$","T","R","B"],"character_chosen":"IRONCLAD","items_purchased":["Red Skull","Ghostly Armor","Darkstone Periapt","Good Instincts","Bandage Up"],"campfire_rested":0,"item_purchase_floors":[7,20,37,39,47],"current_hp_per_floor":[80,80,80,64,68,68,68,63,63,63,69,69,69,65,65,20,80,54,54,54,80,80,80,80,72,72,62,74,61,54,58,73,20,80,72,17,17,22,22,7,7,7,17,17,102,102,102,102,102,0],"gold":13,"neow_bonus":"THREE_SMALL_POTIONS","is_prod":false,"is_daily":false,"chose_seed":false,"campfire_upgraded":7,"win_rate":0,"timestamp":1551630074,"path_taken":["M","?","M","?","M","R","$","E","T","?","M","?","R","M","R","BOSS","M","?","$","?","?","R","M","M","T","M","R","M","M","M","R","BOSS","M","M","$","?","$","M","$","?","T","?","?","?","?","?","R","BOSS"],"build_version":"2019-01-23","purchased_purges":0,"victory":false,"max_hp_per_floor":[80,80,80,80,80,80,80,80,80,80,80,80,80,80,80,80,80,80,80,80,80,80,80,80,80,80,80,80,80,80,80,80,80,80,80,80,80,86,86,86,86,86,96,96,102,102,102,102,102,102],"card_choices":[{"not_picked":["Sword Boomerang","Heavy Blade"],"picked":"Power Through","floor":1},{"not_picked":["Corruption","Clash"],"picked":"Headbutt","floor":2},{"not_picked":["Flex","Anger"],"picked":"Flame Barrier","floor":3},{"not_picked":["Shockwave","Twin Strike"],"picked":"Inflame","floor":5},{"not_picked":["Sword Boomerang","Thunderclap"],"picked":"Iron Wave","floor":8},{"not_picked":["Juggernaut","Headbutt"],"picked":"Heavy Blade","floor":11},{"not_picked":["Sever Soul","Infernal Blade"],"picked":"Power Through","floor":14},{"not_picked":["Bludgeon","Limit Break"],"picked":"Demon Form","floor":16},{"not_picked":["Clothesline","Armaments"],"picked":"True Grit","floor":18},{"not_picked":["Clash","Twin Strike"],"picked":"Wild Strike+1","floor":24},{"not_picked":["Anger","Sword Boomerang"],"picked":"Rampage+1","floor":25},{"not_picked":["Blood for Blood","Havoc","Metallicize"],"picked":"Shrug It Off","floor":27},{"not_picked":["Power Through","Pommel Strike","Flame Barrier"],"picked":"Body Slam","floor":29},{"not_picked":["Headbutt","Cleave+1","Havoc"],"picked":"Seeing Red","floor":30},{"not_picked":["Thunderclap","Warcry","Armaments+1"],"picked":"Blood for Blood+1","floor":31},{"not_picked":["Bludgeon","Berserk","Offering"],"picked":"Impervious","floor":33},{"not_picked":["Dual Wield+1","Body Slam+1","Power Through+1"],"picked":"Shockwave+1","floor":35},{"not_picked":["Entrench+1","Armaments","Metallicize+1"],"picked":"Inflame+1","floor":36},{"not_picked":["Burning Pact+1","Sword Boomerang","Pommel Strike+1"],"picked":"Flex+1","floor":38},{"not_picked":["Flame Barrier","Offering","Sword Boomerang+1","True Grit"],"picked":"SKIP","floor":40},{"not_picked":["Good Instincts","PanicButton","Thinking Ahead"],"picked":"Panacea","floor":46}],"player_experience":549608,"relics_obtained":[{"floor":8,"key":"Art of War"},{"floor":9,"key":"Sundial"},{"floor":26,"key":"Question Card"},{"floor":43,"key":"Pear"},{"floor":44,"key":"Shuriken"},{"floor":48,"key":"Regal Pillow"}],"event_choices":[{"damage_healed":0,"gold_gain":0,"player_choice":"Entered Light","damage_taken":16,"max_hp_gain":0,"max_hp_loss":0,"event_name":"Shining Light","floor":4,"gold_loss":0,"cards_upgraded":["Defend_R","Defend_R"]},{"damage_healed":0,"gold_gain":0,"player_choice":"Left Gold","damage_taken":0,"max_hp_gain":0,"max_hp_loss":0,"event_name":"World of Goop","floor":10,"gold_loss":41},{"damage_healed":0,"gold_gain":0,"player_choice":"Ignored","damage_taken":0,"max_hp_gain":0,"max_hp_loss":0,"event_name":"Beggar","floor":19,"gold_loss":0},{"damage_healed":26,"gold_gain":0,"player_choice":"Heal","damage_taken":0,"max_hp_gain":0,"max_hp_loss":0,"event_name":"The Library","floor":21,"gold_loss":0},{"damage_healed":0,"gold_gain":0,"player_choice":"Ignored","damage_taken":0,"max_hp_gain":0,"max_hp_loss":0,"event_name":"NoteForYourself","floor":22,"gold_loss":0},{"damage_healed":0,"gold_gain":0,"player_choice":"Ignored","damage_taken":0,"max_hp_gain":0,"max_hp_loss":0,"event_name":"Mysterious Sphere","floor":42,"gold_loss":0},{"damage_healed":79,"gold_gain":0,"player_choice":"Heal","damage_taken":0,"max_hp_gain":0,"max_hp_loss":0,"event_name":"MindBloom","floor":45,"gold_loss":0,"cards_obtained":["Doubt"]},{"damage_healed":0,"gold_gain":0,"player_choice":"Memory 1","damage_taken":0,"max_hp_gain":0,"max_hp_loss":0,"event_name":"SensoryStone","floor":46,"gold_loss":0}],"is_beta":false,"boss_relics":[{"not_picked":["Velvet Choker","Orrery"],"picked":"Eternal Feather"},{"not_picked":["White Beast Statue","Snecko Eye"],"picked":"Astrolabe"}],"items_purged_floors":[],"is_endless":false,"potions_floor_spawned":[2,3,11,16,25,30,31,35,40],"killed_by":"Donu and Deca","ascension_level":0}