{"path_per_floor":["M","$","?","M","M","R","?","R","T","M","M","E","M","M","R","B",null,"M","$","M","M","M","R","E","R","T","?","R","M","R","?","R","B",null,"M","$","M","?","M","R","M","?","T","R","?","M","E","?","R"],"character_chosen":"THE_SILENT","items_purchased":["Bag of Marbles","Footwork"],"gold_per_floor":[116,41,41,54,64,64,64,64,87,97,116,150,165,176,176,274,274,284,34,50,62,73,73,99,99,99,99,99,109,109,109,109,212,212,226,19,38,0,16,16,32,32,32,32,86,102,128,128,128],"floor_reached":50,"campfire_rested":4,"playtime":5894,"current_hp_per_floor":[70,70,56,56,56,56,56,56,56,56,56,53,53,53,53,35,70,66,66,55,40,21,42,33,33,33,33,33,27,48,48,48,10,70,70,70,66,66,44,44,40,31,31,52,32,15,35,35,56],"items_purged":["Strike_G","Acrobatics","Strike_G"],"gold":128,"score":444,"play_id":"a484426d-8c66-42a5-beb3-5efc98828b04","is_prod":false,"is_daily":false,"is_ascension_mode":false,"campfire_upgraded":7,"path_taken":["M","$","?","M","M","R","?","R","T","M","M","E","M","M","R","BOSS","M","$","M","M","M","R","E","R","T","?","R","M","R","?","R","BOSS","M","$","M","?","M","R","M","?","T","R","?","M","E","?","R","BOSS"],"build_version":"2018-02-15-PROD1","purchased_purges":3,"victory":false,"master_deck":["Defend_G+1","Defend_G","Defend_G+1","Defend_G","Defend_G","Strike_G","Survivor","Neutralize+1","Cloak And Dagger+1","Quick Slash","Regret","Endless Agony","Acrobatics","Blade Dance+1","Footwork+1","Tools of the Trade+1","Caltrops+1","Sucker Punch","Backstab+1","Sucker Punch+1","Accuracy+1","Flying Knee+1","Storm of Steel+1","Footwork","Underhanded Strike+1","Madness","Madness","Escape Plan","Blur+1"],"max_hp_per_floor":[70,70,70,70,70,70,70,70,70,70,70,70,70,70,70,70,70,70,70,70,70,70,70,70,70,70,70,70,70,70,70,70,70,70,70,70,70,70,70,70,70,70,70,70,70,70,70,70,70],"relics":["Ring of the Snake","Letter Opener","Bronze Scales","Vajra","Lizard Tail","Bag of Marbles","Gremlin Horn","Lantern","Black Star","Red Mask","Peace Pipe","Frozen Eye","Pantograph","Ornamental Fan"],"card_choices":[{"not_picked":["Acrobatics","Quick Slash"],"picked":"Cloak And Dagger"},{"not_picked":["Malaise","PiercingWail"],"picked":"Quick Slash"},{"not_picked":["Poisoned Stab","Outmaneuver"],"picked":"Acrobatics"},{"not_picked":["Bane","Catalyst"],"picked":"Endless Agony"},{"not_picked":["Bane","Deflect"],"picked":"Acrobatics"},{"not_picked":["Flechettes","Backflip"],"picked":"Blade Dance"},{"not_picked":["Poisoned Stab","Sucker Punch"],"picked":"Footwork"},{"not_picked":["Adrenaline","Venomology"],"picked":"Tools of the Trade"},{"not_picked":["Poisoned Stab","Predator"],"picked":"Caltrops"},{"not_picked":["Dagger Spray","Outmaneuver"],"picked":"Sucker Punch"},{"not_picked":["Outmaneuver","Endless Agony"],"picked":"Backstab"},{"not_picked":["Distraction","Poisoned Stab"],"picked":"Sucker Punch"},{"not_picked":["Dash","Dodge and Roll"],"picked":"Flying Knee"},{"not_picked":["Bullet Time","Tools of the Trade"],"picked":"Storm of Steel"},{"not_picked":["Envenom","Poisoned Stab"],"picked":"Underhanded Strike"},{"not_picked":["PiercingWail","Deadly Poison"],"picked":"Escape Plan"},{"not_picked":["Dagger Spray","Expertise"],"picked":"Blur"}],"player_experience":228740,"potions_floor_usage":[45,45,47,47],"damage_taken":[{"damage":0.0,"enemies":"Jaw Worm","floor":1.0,"turns":6.0},{"damage":0.0,"enemies":"Small Slimes","floor":4.0,"turns":4.0},{"damage":0.0,"enemies":"Cultist","floor":5.0,"turns":4.0},{"damage":0.0,"enemies":"2 Fungi Beasts","floor":10.0,"turns":3.0},{"damage":0.0,"enemies":"Looter","floor":11.0,"turns":3.0},{"damage":3.0,"enemies":"3 Sentries","floor":12.0,"turns":8.0},{"damage":0.0,"enemies":"Large Slime","floor":13.0,"turns":5.0},{"damage":0.0,"enemies":"Blue Slaver","floor":14.0,"turns":3.0},{"damage":18.0,"enemies":"The Guardian","floor":16.0,"turns":12.0},{"damage":4.0,"enemies":"Spheric Guardian","floor":18.0,"turns":4.0},{"damage":11.0,"enemies":"2 Thieves","floor":20.0,"turns":4.0},{"damage":15.0,"enemies":"Slaver and Parasite","floor":21.0,"turns":7.0},{"damage":19.0,"enemies":"3 Cultists","floor":22.0,"turns":6.0},{"damage":9.0,"enemies":"Book of Stabbing","floor":24.0,"turns":4.0},{"damage":6.0,"enemies":"Chosen and Byrds","floor":29.0,"turns":7.0},{"damage":38.0,"enemies":"Champ","floor":33.0,"turns":16.0},{"damage":0.0,"enemies":"Orb Walker","floor":35.0,"turns":2.0},{"damage":4.0,"enemies":"3 Darklings","floor":37.0,"turns":5.0},{"damage":37.0,"enemies":"Maw","floor":39.0,"turns":7.0},{"damage":4,"enemies":"Sphere and 2 Shapes","floor":41,"turns":4},{"damage":20,"enemies":"Mysterious Sphere","floor":45,"turns":6},{"damage":17,"enemies":"4 Shapes","floor":46,"turns":4},{"damage":42,"enemies":"2 Orb Walkers","floor":47,"turns":6},{"damage":76,"enemies":"Awakened One","floor":50,"turns":8}],"event_choices":[{"event_name":"Shining Light","player_choice":"Entered Light","floor":3.0,"damage_taken":0.0},{"event_name":"Big Fish","player_choice":"Box","floor":7.0,"damage_taken":0.0},{"event_name":"The Library","player_choice":"Read","floor":27.0,"damage_taken":0.0},{"event_name":"Bonfire Elementals","player_choice":"BASIC","floor":31.0,"damage_taken":0.0},{"event_name":"Tomb of Lord Red Mask","player_choice":"Paid","floor":38.0,"damage_taken":0.0},{"event_name":"Winding Halls","player_choice":"Embrace Madness","floor":42,"damage_taken":0},{"event_name":"Mysterious Sphere","player_choice":"Fight","floor":45,"damage_taken":0}],"boss_relics":[],"potions_floor_spawned":[10,13,14,16,20,21,29,33,35,41,45,46],"seed_played":"3421824425302044122","killed_by":"Awakened One","ascension_level":0,"is_trial":false}