{"path_per_floor":["M","M","M","M","M","R","M","R","T","M","M","M","$","M","R","B",null,"M","M","?","?","?","R","E","R","T","R","M"],"character_chosen":"THE_SILENT","items_purchased":["Lee\u0027s Waffle"],"gold_per_floor":[112,130,146,165,177,177,189,189,189,202,212,229,19,34,34,132,132,145,158,158,158,58,58,87,87,111,111,127],"floor_reached":29,"campfire_rested":1,"playtime":2644,"current_hp_per_floor":[62,62,61,61,52,52,51,51,51,37,25,21,77,77,77,57,77,64,50,50,75,75,75,59,59,59,77,39],"items_purged":[],"gold":127,"score":279,"play_id":"52b6a6a9-e203-4da4-9f26-1787c36e9a0a","is_prod":false,"is_daily":false,"is_ascension_mode":true,"campfire_upgraded":5,"path_taken":["M","M","M","M","M","R","M","R","T","M","M","M","$","M","R","BOSS","M","M","?","?","?","R","E","R","T","R","M","M"],"build_version":"2018-02-15-PROD1","purchased_purges":0,"victory":false,"master_deck":["Defend_G","Defend_G","Defend_G","Defend_G","Defend_G","Strike_G","Strike_G","Strike_G","Strike_G","Strike_G","Survivor","Neutralize+1","Noxious Fumes+1","Caltrops","Infinite Blades","Skewer","Accuracy+1","Poisoned Stab","Leg Sweep","Backflip","Quick Slash","Infinite Blades","Venomology","Deadly Poison","Bouncing Flask","Poisoned Stab","Poisoned Stab","Poisoned Stab","A Thousand Cuts+1","Flying Knee","Noxious Fumes+1","J.A.X.","Envenom+1","Prepared+1"],"max_hp_per_floor":[70,70,70,70,70,70,70,70,70,70,70,70,77,77,77,77,77,77,77,77,77,77,77,77,77,77,77,77],"relics":["Runic Pyramid","Ice Cream","Lee\u0027s Waffle","Orrery","Singing Bowl","Oddly Smooth Stone"],"card_choices":[{"not_picked":["Sucker Punch","Dodge and Roll"],"picked":"Noxious Fumes"},{"not_picked":["Corpse Explosion","Backflip"],"picked":"Caltrops"},{"not_picked":["Dodge and Roll","Dagger Spray"],"picked":"Infinite Blades"},{"not_picked":["Eviscerate","All Out Attack"],"picked":"Skewer"},{"not_picked":["Infinite Blades","Acrobatics"],"picked":"Accuracy"},{"not_picked":["Skewer","Dagger Throw"],"picked":"Poisoned Stab"},{"not_picked":["Slice","Eviscerate"],"picked":"Leg Sweep"},{"not_picked":["All Out Attack","Distraction"],"picked":"Backflip"},{"not_picked":["Acrobatics","Leg Sweep"],"picked":"Quick Slash"},{"not_picked":["Prepared","Crippling Poison"],"picked":"Infinite Blades"},{"not_picked":["Phantasmal Killer","Doppelganger"],"picked":"Venomology"},{"not_picked":["Skewer","Slice"],"picked":"Deadly Poison"},{"not_picked":["PiercingWail","Dash"],"picked":"Bouncing Flask"},{"not_picked":["Underhanded Strike","Deadly Poison"],"picked":"Poisoned Stab"},{"not_picked":["Quick Slash","Dagger Spray"],"picked":"Poisoned Stab"},{"not_picked":["Cloak And Dagger","Backflip"],"picked":"Poisoned Stab"},{"not_picked":["Slice","Endless Agony"],"picked":"A Thousand Cuts"},{"not_picked":["Quick Slash","Distraction"],"picked":"Flying Knee"},{"not_picked":["Sucker Punch","Prepared"],"picked":"Envenom"},{"not_picked":["Choke","Infinite Blades"],"picked":"Prepared"}],"player_experience":114306,"potions_floor_usage":[7,7,11,12,16,16,18,19,24,24,28,29,29],"damage_taken":[{"damage":8,"enemies":"Jaw Worm","floor":1,"turns":4},{"damage":0,"enemies":"Cultist","floor":2,"turns":6},{"damage":1,"enemies":"2 Louse","floor":3,"turns":4},{"damage":0,"enemies":"Looter","floor":4,"turns":4},{"damage":9,"enemies":"3 Louse","floor":5,"turns":5},{"damage":1,"enemies":"2 Fungi Beasts","floor":7,"turns":4},{"damage":14,"enemies":"Large Slime","floor":10,"turns":5},{"damage":12,"enemies":"Exordium Wildlife","floor":11,"turns":4},{"damage":4,"enemies":"2 Fungi Beasts","floor":12,"turns":2},{"damage":0,"enemies":"Large Slime","floor":14,"turns":6},{"damage":20,"enemies":"The Guardian","floor":16,"turns":9},{"damage":25,"enemies":"3 Byrds","floor":18,"turns":6},{"damage":14,"enemies":"Shell Parasite","floor":19,"turns":6},{"damage":16,"enemies":"Gremlin Leader","floor":24,"turns":9},{"damage":38,"enemies":"Snecko","floor":28,"turns":7},{"damage":46,"enemies":"3 Cultists","floor":29,"turns":4}],"event_choices":[{"event_name":"Duplicator","player_choice":"One dupe","floor":20,"damage_taken":0},{"event_name":"The Library","player_choice":"Heal","floor":21,"damage_taken":0},{"event_name":"Drug Dealer","player_choice":"Got JAXXED","floor":22,"damage_taken":0}],"boss_relics":[{"not_picked":["Ectoplasm","Cursed Key"],"picked":"Orrery"}],"potions_floor_spawned":[3,5,10,11,12,14,19,24,28],"seed_played":"-4131824457743553426","killed_by":"3 Cultists","ascension_level":1,"is_trial":false}