{"gold_per_floor":[122,154,186,123,135,135,35,50,50,50,70,90,90,108,108,212,212,228,228,103,103,119,119,133,133,133,149,149,164,164,174,174,269,319,332,85,85,85,85,85,99,99,99,113,113,126,142,142],"floor_reached":48,"playtime":971,"items_purged":["Defend_R","Defend_R","Defend_R"],"score":428,"play_id":"a81688d1-f76a-4f43-85de-66445646fd0d","local_time":"20190418130725","is_ascension_mode":false,"campfire_choices":[{"data":"Flex","floor":6.0,"key":"SMITH"},{"data":"Bash","floor":10.0,"key":"SMITH"},{"data":"Thunderclap","floor":13.0,"key":"SMITH"},{"data":"Strike_R","floor":15.0,"key":"SMITH"},{"floor":23.0,"key":"REST"},{"floor":25.0,"key":"REST"},{"floor":30.0,"key":"REST"},{"floor":32.0,"key":"REST"},{"floor":40.0,"key":"REST"},{"floor":45,"key":"REST"}],"neow_cost":"NONE","seed_source_timestamp":644543962749013,"circlet_count":0,"master_deck":["Strike_R","Strike_R","Strike_R+1","Strike_R","Strike_R+1","Defend_R","Bash+1","Thunderclap+1","Flex+1","J.A.X.+1"],"special_seed":0,"relics":["Burning Blood","MawBank","Torii","Runic Cube","Shuriken","Tiny House","Mercury Hourglass","Kunai"],"potions_floor_usage":[44,44,46],"damage_taken":[{"damage":15.0,"enemies":"Cultist","floor":1.0,"turns":4.0},{"damage":7.0,"enemies":"2 Louse","floor":2.0,"turns":4.0},{"damage":11.0,"enemies":"Jaw Worm","floor":3.0,"turns":2.0},{"damage":13.0,"enemies":"3 Louse","floor":5.0,"turns":3.0},{"damage":0.0,"enemies":"Large Slime","floor":8.0,"turns":3.0},{"damage":3.0,"enemies":"Lots of Slimes","floor":11.0,"turns":3.0},{"damage":1.0,"enemies":"Gremlin Gang","floor":12.0,"turns":3.0},{"damage":13.0,"enemies":"3 Louse","floor":14.0,"turns":2.0},{"damage":31.0,"enemies":"The Guardian","floor":16.0,"turns":6.0},{"damage":30.0,"enemies":"2 Thieves","floor":18.0,"turns":3.0},{"damage":16.0,"enemies":"Spheric Guardian","floor":22.0,"turns":3.0},{"damage":30.0,"enemies":"Centurion and Healer","floor":24.0,"turns":4.0},{"damage":24.0,"enemies":"Snake Plant","floor":27.0,"turns":2.0},{"damage":39.0,"enemies":"Shelled Parasite and Fungi","floor":29.0,"turns":3.0},{"damage":5.0,"enemies":"Cultist and Chosen","floor":31.0,"turns":3.0},{"damage":66.0,"enemies":"Champ","floor":33.0,"turns":6.0},{"damage":41.0,"enemies":"3 Shapes","floor":35.0,"turns":5.0},{"damage":24.0,"enemies":"3 Darklings","floor":41.0,"turns":3.0},{"damage":19,"enemies":"Spire Growth","floor":44,"turns":3},{"damage":40,"enemies":"4 Shapes","floor":46,"turns":3},{"damage":7,"enemies":"Sphere and 2 Shapes","floor":47,"turns":3},{"damage":48,"enemies":"Jaw Worm Horde","floor":48,"turns":2}],"seed_played":"4168295870926001280","potions_obtained":[{"floor":2.0,"key":"PowerPotion"},{"floor":8.0,"key":"SpeedPotion"},{"floor":11.0,"key":"BloodPotion"},{"floor":12.0,"key":"Fire Potion"},{"floor":14.0,"key":"PowerPotion"},{"floor":29.0,"key":"PowerPotion"},{"floor":31.0,"key":"SteroidPotion"},{"floor":33.0,"key":"GamblersBrew"},{"floor":34.0,"key":"AttackPotion"},{"floor":35.0,"key":"SteroidPotion"},{"floor":41.0,"key":"Regen Potion"},{"floor":44,"key":"Explosive Potion"}],"is_trial":false,"path_per_floor":["M","M","M","$","M","R","$","M","T","R","M","M","R","M","R","B",null,"M","?","$","?","M","R","M","R","T","M","$","M","R","M","R","B",null,"M","$","?","?","?","R","M","$","T","M","R","M","M","M"],"character_chosen":"IRONCLAD","items_purchased":["Mercury Hourglass"],"campfire_rested":6,"item_purchase_floors":[36],"current_hp_per_floor":[71,70,65,65,58,58,58,64,64,64,67,80,80,73,73,48,80,56,56,56,56,46,70,46,70,70,52,52,19,43,44,68,8,85,50,50,50,50,50,74,56,56,56,52,76,42,41,0],"gold":142,"neow_bonus":"RANDOM_COMMON_RELIC","is_prod":false,"is_daily":false,"chose_seed":false,"campfire_upgraded":4,"win_rate":0,"timestamp":1555585645,"path_taken":["M","?","M","$","M","R","$","M","T","R","M","M","R","M","R","BOSS","M","?","$","?","M","R","M","R","T","M","$","M","R","M","R","BOSS","M","$","?","?","?","R","M","$","T","M","R","M","?","M"],"build_version":"2019-01-23","purchased_purges":3,"victory":false,"max_hp_per_floor":[80,80,80,80,80,80,80,80,80,80,80,80,80,80,80,80,80,80,80,80,80,80,80,80,80,80,80,80,80,80,80,80,80,85,85,85,81,81,81,81,81,81,81,81,81,81,81,81],"card_choices":[{"not_picked":["True Grit","Havoc","Headbutt"],"picked":"SKIP","floor":1.0},{"not_picked":["Iron Wave","Shockwave"],"picked":"Thunderclap","floor":2.0},{"not_picked":["Bludgeon","Ghostly Armor","Perfected Strike"],"picked":"SKIP","floor":3.0},{"not_picked":["Rage","Dropkick"],"picked":"Flex","floor":5.0},{"not_picked":["Iron Wave","Reckless Charge","True Grit"],"picked":"SKIP","floor":8.0},{"not_picked":["Blood for Blood","Uppercut","Pummel"],"picked":"SKIP","floor":11.0},{"not_picked":["Exhume","Shrug It Off","Clothesline"],"picked":"SKIP","floor":12.0},{"not_picked":["Shockwave","Hemokinesis","Shrug It Off"],"picked":"SKIP","floor":14.0},{"not_picked":["Iron Wave","Pommel Strike","Headbutt"],"picked":"SKIP","floor":18.0},{"not_picked":["Body Slam","Clothesline","Searing Blow"],"picked":"SKIP","floor":22.0},{"not_picked":["Shrug It Off","Perfected Strike+1","Wild Strike"],"picked":"SKIP","floor":24.0},{"not_picked":["Twin Strike","Reckless Charge","Clothesline+1"],"picked":"SKIP","floor":27.0},{"not_picked":["Reckless Charge+1","Bloodletting","Shrug It Off"],"picked":"SKIP","floor":29.0},{"not_picked":["Spot Weakness","Battle Trance+1","Pommel Strike"],"picked":"SKIP","floor":31.0},{"not_picked":["Body Slam","Iron Wave","Pummel+1"],"picked":"SKIP","floor":35.0},{"not_picked":["Twin Strike+1","True Grit","Reckless Charge"],"picked":"SKIP","floor":41.0},{"not_picked":["Power Through","Metallicize+1","Twin Strike"],"picked":"SKIP","floor":44},{"not_picked":["Rupture+1","Headbutt+1","Perfected Strike"],"picked":"SKIP","floor":46},{"not_picked":["Havoc","Second Wind","Shockwave"],"picked":"SKIP","floor":47}],"player_experience":119899,"relics_obtained":[{"floor":9.0,"key":"Torii"},{"floor":26.0,"key":"Shuriken"},{"floor":43.0,"key":"Kunai"}],"event_choices":[{"damage_healed":0.0,"max_hp_gain":0.0,"max_hp_loss":0.0,"gold_gain":0.0,"event_name":"Drug Dealer","player_choice":"Obtain J.A.X.","floor":19.0,"gold_loss":0.0,"damage_taken":0.0,"cards_obtained":["J.A.X."]},{"damage_healed":0.0,"max_hp_gain":0.0,"max_hp_loss":0.0,"gold_gain":0.0,"event_name":"Ghosts","player_choice":"Ignored","floor":21.0,"gold_loss":0.0,"damage_taken":0.0},{"damage_healed":0.0,"max_hp_gain":0.0,"max_hp_loss":4.0,"gold_gain":0.0,"event_name":"Winding Halls","player_choice":"Max HP","floor":37.0,"gold_loss":0.0,"damage_taken":0.0},{"damage_healed":0.0,"max_hp_gain":0.0,"max_hp_loss":0.0,"gold_gain":0.0,"event_name":"Mysterious Sphere","player_choice":"Ignored","floor":38.0,"gold_loss":0.0,"damage_taken":0.0},{"damage_healed":0.0,"max_hp_gain":0.0,"max_hp_loss":0.0,"gold_gain":0.0,"event_name":"Upgrade Shrine","player_choice":"Upgraded","floor":39.0,"gold_loss":0.0,"damage_taken":0.0,"cards_upgraded":["J.A.X."]}],"is_beta":false,"boss_relics":[{"not_picked":["White Beast Statue","Runic Dome"],"picked":"Runic Cube"},{"not_picked":["Snecko Eye","Black Star"],"picked":"Tiny House"}],"items_purged_floors":[4,7,20],"is_endless":false,"potions_floor_spawned":[2,8,11,12,14,29,31,33,35,41,44],"killed_by":"Jaw Worm Horde","ascension_level":0}