{"gold_per_floor":[14,31,45,45,62,62,62,62,89,89],"floor_reached":10,"playtime":324,"items_purged":[],"score":90,"play_id":"5ed3dcac-cf23-41d4-b3d7-21a948c37ce9","local_time":"20190622074554","is_ascension_mode":true,"campfire_choices":[{"floor":6,"key":"REST"}],"neow_cost":"NO_GOLD","seed_source_timestamp":406327078240570,"circlet_count":0,"master_deck":["AscendersBane","Strike_B","Defend_B","Defend_B","Defend_B","Defend_B","Zap","Dualcast","Hello World","Turbo","Cold Snap","Leap","Doom and Gloom","Darkness+1","Heatsinks"],"relics":["Cracked Core","Ancient Tea Set","Centennial Puzzle"],"potions_floor_usage":[5],"damage_taken":[{"damage":1,"enemies":"Cultist","floor":1,"turns":3},{"damage":0,"enemies":"Small Slimes","floor":2,"turns":4},{"damage":0,"enemies":"2 Louse","floor":3,"turns":3},{"damage":23,"enemies":"Exordium Thugs","floor":5,"turns":4},{"damage":62,"enemies":"Gremlin Nob","floor":10,"turns":5}],"seed_played":"-1552664567762308338","potions_obtained":[{"floor":1,"key":"Fruit Juice"},{"floor":3,"key":"FocusPotion"}],"is_trial":false,"path_per_floor":["M","M","M","?","M","R","?","?","T","E"],"character_chosen":"DEFECT","items_purchased":[],"campfire_rested":1,"item_purchase_floors":[],"current_hp_per_floor":[67,67,67,42,19,41,41,41,41,0],"gold":89,"neow_bonus":"TRANSFORM_TWO_CARDS","is_prod":false,"is_daily":false,"chose_seed":false,"campfire_upgraded":0,"win_rate":0,"timestamp":1561200354,"path_taken":["M","?","M","?","M","R","?","?","T","E"],"build_version":"2019-01-23","purchased_purges":0,"victory":false,"max_hp_per_floor":[75,75,75,75,75,75,75,75,75,75],"card_choices":[{"not_picked":["Hello World","Auto Shields"],"picked":"Cold Snap","floor":1},{"not_picked":["Sweeping Beam","Go for the Eyes"],"picked":"Leap","floor":2},{"not_picked":["Gash","Rebound"],"picked":"Doom and Gloom","floor":3},{"not_picked":["Rebound","Auto Shields"],"picked":"Darkness","floor":5}],"player_experience":1129500,"relics_obtained":[{"floor":9,"key":"Centennial Puzzle"}],"event_choices":[{"damage_healed":0,"gold_gain":0,"player_choice":"Success","damage_taken":25,"relics_obtained":["Ancient Tea Set"],"max_hp_gain":0,"max_hp_loss":0,"event_name":"Scrap Ooze","floor":4,"gold_loss":0},{"damage_healed":0,"gold_gain":0,"player_choice":"Grow","damage_taken":0,"max_hp_gain":0,"max_hp_loss":0,"event_name":"Living Wall","floor":7,"gold_loss":0,"cards_upgraded":["Darkness"]},{"damage_healed":0,"gold_gain":0,"cards_transformed":["Strike_B"],"player_choice":"Transformed","damage_taken":0,"max_hp_gain":0,"max_hp_loss":0,"event_name":"Transmorgrifier","floor":8,"gold_loss":0,"cards_obtained":["Heatsinks"]}],"is_beta":false,"boss_relics":[],"items_purged_floors":[],"is_endless":false,"potions_floor_spawned":[1,3],"killed_by":"Gremlin Nob","ascension_level":11}