{"gold_per_floor":[112,126,139,155,155,155,169,94,117,117,127,127,191,191,191,191],"floor_reached":16,"playtime":401,"items_purged":["Defend_R"],"score":102,"play_id":"d849ddb2-e82f-465a-a877-9c0c317bfa99","local_time":"20190422144455","is_ascension_mode":false,"campfire_choices":[{"data":"Bash","floor":6,"key":"SMITH"},{"data":"Dropkick","floor":10,"key":"SMITH"},{"floor":12,"key":"REST"},{"data":"Flex","floor":15,"key":"SMITH"}],"neow_cost":"NONE","seed_source_timestamp":1000764349706666,"circlet_count":0,"master_deck":["Strike_R","Strike_R","Strike_R","Strike_R","Defend_R","Bash+1","Dropkick+1","Flex+1"],"relics":["Burning Blood","Vajra","Tiny Chest"],"potions_floor_usage":[],"damage_taken":[{"damage":6,"enemies":"Cultist","floor":1,"turns":3},{"damage":11,"enemies":"Jaw Worm","floor":2,"turns":2},{"damage":1,"enemies":"2 Louse","floor":3,"turns":2},{"damage":15,"enemies":"Exordium Thugs","floor":4,"turns":6},{"damage":18,"enemies":"Exordium Wildlife","floor":7,"turns":3},{"damage":21,"enemies":"Lots of Slimes","floor":11,"turns":4},{"damage":6,"enemies":"Gremlin Nob","floor":13,"turns":3},{"damage":65,"enemies":"The Guardian","floor":16,"turns":7}],"seed_played":"1151317945268267616","potions_obtained":[{"floor":1,"key":"PowerPotion"},{"floor":2,"key":"Dexterity Potion"},{"floor":11,"key":"PowerPotion"},{"floor":13,"key":"Energy Potion"}],"is_trial":false,"path_per_floor":["M","M","M","M","?","R","M","$","T","R","M","R","E","?","R","B"],"character_chosen":"IRONCLAD","items_purchased":[],"campfire_rested":1,"item_purchase_floors":[],"current_hp_per_floor":[80,75,80,71,71,71,59,59,59,59,44,68,68,68,68,3],"gold":191,"neow_bonus":"REMOVE_CARD","is_prod":false,"is_daily":false,"chose_seed":false,"campfire_upgraded":3,"win_rate":0,"timestamp":1555937095,"path_taken":["M","?","M","M","?","R","M","$","T","R","?","R","E","?","R","BOSS"],"build_version":"2019-01-23","purchased_purges":1,"victory":false,"max_hp_per_floor":[80,80,80,80,80,80,80,80,80,80,80,80,80,80,80,80],"card_choices":[{"not_picked":["Flame Barrier","Infernal Blade","Power Through"],"picked":"SKIP","floor":1},{"not_picked":["Dual Wield","Body Slam"],"picked":"Dropkick","floor":2},{"not_picked":["Headbutt","Intimidate","Sword Boomerang"],"picked":"SKIP","floor":3},{"not_picked":["Entrench","Body Slam","Twin Strike"],"picked":"SKIP","floor":4},{"not_picked":["Sword Boomerang","Battle Trance","Second Wind"],"picked":"SKIP","floor":7},{"not_picked":["Armaments","Perfected Strike","True Grit"],"picked":"SKIP","floor":11},{"not_picked":["Inflame","Intimidate","Sever Soul"],"picked":"SKIP","floor":13}],"player_experience":142889,"relics_obtained":[{"floor":9,"key":"Vajra"},{"floor":13,"key":"Tiny Chest"}],"event_choices":[{"cards_removed":["Defend_R"],"damage_healed":0,"gold_gain":0,"player_choice":"Card Removal","damage_taken":0,"max_hp_gain":0,"max_hp_loss":0,"event_name":"Wheel of Change","floor":5,"gold_loss":0},{"damage_healed":0,"gold_gain":0,"cards_transformed":["Strike_R"],"player_choice":"Transformed","damage_taken":0,"max_hp_gain":0,"max_hp_loss":0,"event_name":"Transmorgrifier","floor":14,"gold_loss":0,"cards_obtained":["Flex"]}],"is_beta":false,"boss_relics":[],"items_purged_floors":[8],"is_endless":false,"potions_floor_spawned":[1,2,11,13],"killed_by":"The Guardian","ascension_level":0}