{"gold_per_floor":[117,117,133,212,137,137,170,183,210,24,24,38,38,55,55,156,206,225,238,238],"floor_reached":20,"playtime":1250,"items_purged":[],"score":252,"play_id":"71be7266-33e0-4932-8ce2-14ed54d91639","local_time":"20190530142818","is_ascension_mode":true,"campfire_choices":[{"data":"Neutralize","floor":6,"key":"SMITH"},{"floor":11,"key":"REST"},{"data":"Apotheosis","floor":13,"key":"SMITH"},{"floor":15,"key":"REST"}],"neow_cost":"PERCENT_DAMAGE","seed_source_timestamp":1060622319554512,"circlet_count":0,"master_deck":["Defend_G","Defend_G","Defend_G","Defend_G","Defend_G","Strike_G","Strike_G","Strike_G+1","Strike_G","Survivor","Neutralize+1","Unload","Flying Knee","Footwork","Blade Dance","Infinite Blades","Apotheosis+1","PiercingWail","Corpse Explosion","Dagger Spray","Crippling Poison+1"],"relics":["Ring of the Snake","Pen Nib","Anchor","Tiny House"],"potions_floor_usage":[16,18,19,19],"damage_taken":[{"damage":4,"enemies":"Small Slimes","floor":1,"turns":4},{"damage":0,"enemies":"Cultist","floor":3,"turns":3},{"damage":22,"enemies":"3 Sentries","floor":7,"turns":11},{"damage":1,"enemies":"Jaw Worm","floor":8,"turns":3},{"damage":0,"enemies":"Exordium Wildlife","floor":12,"turns":4},{"damage":0,"enemies":"Looter","floor":14,"turns":3},{"damage":27,"enemies":"Hexaghost","floor":16,"turns":10},{"damage":3,"enemies":"Spheric Guardian","floor":18,"turns":3},{"damage":19,"enemies":"2 Thieves","floor":19,"turns":3},{"damage":9,"enemies":"Colosseum Slavers","floor":20,"turns":3},{"damage":64,"enemies":"Colosseum Nobs","floor":20,"turns":4}],"seed_played":"-7158418031449634887","potions_obtained":[{"floor":3,"key":"Strength Potion"},{"floor":12,"key":"Explosive Potion"},{"floor":16,"key":"Energy Potion"},{"floor":17,"key":"Strength Potion"},{"floor":18,"key":"LiquidBronze"},{"floor":19,"key":"LiquidBronze"}],"is_trial":false,"path_per_floor":["M","?","M","?","$","R","E","M","T","$","R","M","R","M","R","B",null,"M","M","?"],"character_chosen":"THE_SILENT","items_purchased":["Footwork","Apotheosis"],"campfire_rested":2,"item_purchase_floors":[5,10],"current_hp_per_floor":[41,41,41,41,41,41,19,18,18,18,39,39,39,39,60,33,66,63,44,0],"gold":238,"neow_bonus":"THREE_RARE_CARDS","is_prod":false,"is_daily":false,"chose_seed":false,"campfire_upgraded":2,"win_rate":0,"timestamp":1559237298,"path_taken":["M","?","?","?","$","R","E","M","T","$","R","M","R","M","R","BOSS","M","M","?"],"build_version":"2019-01-23","purchased_purges":0,"victory":false,"max_hp_per_floor":[70,70,70,70,70,70,70,70,70,70,70,70,70,70,70,70,75,75,75,75],"card_choices":[{"not_picked":["Night Terror","Adrenaline"],"picked":"Unload","floor":0},{"not_picked":["Slice","Deadly Poison"],"picked":"Flying Knee","floor":1},{"not_picked":["Outmaneuver","Acrobatics","Sucker Punch"],"picked":"SKIP","floor":3},{"not_picked":["Outmaneuver","Slice"],"picked":"Blade Dance","floor":7},{"not_picked":["Slice","Dagger Throw"],"picked":"Infinite Blades","floor":8},{"not_picked":["Dash","Venomology"],"picked":"PiercingWail","floor":12},{"not_picked":["Underhanded Strike","Slice","Bane"],"picked":"SKIP","floor":14},{"not_picked":["Tools of the Trade","Burst"],"picked":"Corpse Explosion","floor":16},{"not_picked":["Bane","Sucker Punch"],"picked":"Dagger Spray","floor":17},{"not_picked":["Accuracy","Reflex"],"picked":"Crippling Poison+1","floor":18},{"not_picked":["Slice","Acrobatics","Night Terror"],"picked":"SKIP","floor":19}],"player_experience":818774,"relics_obtained":[{"floor":7,"key":"Pen Nib"},{"floor":9,"key":"Anchor"}],"event_choices":[{"cards_removed":["Strike_G"],"damage_healed":0,"gold_gain":0,"player_choice":"Offered Basic","damage_taken":0,"max_hp_gain":0,"max_hp_loss":0,"event_name":"Bonfire Elementals","floor":2,"gold_loss":0},{"damage_healed":0,"gold_gain":79,"player_choice":"Gained Gold","damage_taken":0,"max_hp_gain":0,"max_hp_loss":0,"event_name":"Golden Wing","floor":4,"gold_loss":0},{"damage_healed":0,"gold_gain":0,"player_choice":"Fight","damage_taken":0,"max_hp_gain":0,"max_hp_loss":0,"event_name":"Colosseum","floor":20,"gold_loss":0},{"damage_healed":0,"gold_gain":0,"player_choice":"Fought Nobs","damage_taken":0,"max_hp_gain":0,"max_hp_loss":0,"event_name":"Colosseum","floor":20,"gold_loss":0}],"is_beta":false,"boss_relics":[{"not_picked":["Runic Dome","Ectoplasm"],"picked":"Tiny House"}],"items_purged_floors":[],"is_endless":false,"potions_floor_spawned":[3,12,16,18,19],"killed_by":"Colosseum Nobs","ascension_level":9}