{"gold_per_floor":[119,139,139,139,89,89,100,100,100,110,124,136,149,149,149,247,247,264,108,121,135,149,149,149,149,223,236,236,249,283,296,296,397,397,409,425,425,425,133,148,148,163,163,163,190,190,217,237,237,237],"floor_reached":51,"playtime":3734,"items_purged":["Defend_G","Strike_G"],"score":723,"play_id":"d6719637-ec3d-4c9d-879d-03f0992ce273","local_time":"20190610190111","is_ascension_mode":false,"campfire_choices":[{"data":"Noxious Fumes","floor":6.0,"key":"SMITH"},{"floor":8.0,"key":"REST"},{"floor":15.0,"key":"REST"},{"data":"Caltrops","floor":23.0,"key":"SMITH"},{"data":"Backflip","floor":25.0,"key":"SMITH"},{"data":"Survivor","floor":28.0,"key":"SMITH"},{"floor":32.0,"key":"REST"},{"data":"A Thousand Cuts","floor":44,"key":"SMITH"},{"data":"After Image","floor":46,"key":"SMITH"},{"data":"Dodge and Roll","floor":49,"key":"SMITH"}],"neow_cost":"PERCENT_DAMAGE","seed_source_timestamp":2205991244405826,"circlet_count":0,"master_deck":["Defend_G","Strike_G","Strike_G+1","Survivor+1","Neutralize+1","Noxious Fumes+1","Dodge and Roll+1","Backflip+1","Cloak And Dagger+1","Backflip+1","Adrenaline+1","Blur+1","Discovery+1","Caltrops+1","Deflect+1","After Image+1","A Thousand Cuts+1","Cloak And Dagger+1","Master of Strategy+1","Infinite Blades+1","Deadly Poison+1","Deadly Poison+1"],"special_seed":0,"relics":["Ring of the Snake","Toxic Egg 2","WristBlade","Sundial","Pocketwatch","HoveringKite","TwistedFunnel","Kunai","Ancient Tea Set","Snake Skull"],"potions_floor_usage":[42],"damage_taken":[{"damage":1.0,"enemies":"Cultist","floor":1.0,"turns":4.0},{"damage":2.0,"enemies":"Small Slimes","floor":2.0,"turns":4.0},{"damage":0.0,"enemies":"Jaw Worm","floor":7.0,"turns":5.0},{"damage":0.0,"enemies":"Large Slime","floor":10.0,"turns":7.0},{"damage":0.0,"enemies":"Blue Slaver","floor":11.0,"turns":4.0},{"damage":0.0,"enemies":"2 Fungi Beasts","floor":12.0,"turns":3.0},{"damage":2.0,"enemies":"Looter","floor":13.0,"turns":4.0},{"damage":57.0,"enemies":"Slime Boss","floor":16.0,"turns":14.0},{"damage":0.0,"enemies":"Chosen","floor":18.0,"turns":4.0},{"damage":0.0,"enemies":"Shell Parasite","floor":20.0,"turns":5.0},{"damage":0.0,"enemies":"Centurion and Healer","floor":21.0,"turns":5.0},{"damage":2.0,"enemies":"3 Cultists","floor":22.0,"turns":5.0},{"damage":0.0,"enemies":"Snake Plant","floor":27.0,"turns":3.0},{"damage":10.0,"enemies":"Centurion and Healer","floor":29.0,"turns":6.0},{"damage":0.0,"enemies":"Book of Stabbing","floor":30.0,"turns":5.0},{"damage":7.0,"enemies":"Sentry and Sphere","floor":31.0,"turns":6.0},{"damage":23.0,"enemies":"Automaton","floor":33.0,"turns":9.0},{"damage":0.0,"enemies":"3 Shapes","floor":35.0,"turns":4.0},{"damage":0.0,"enemies":"3 Darklings","floor":36.0,"turns":4.0},{"damage":0.0,"enemies":"Sphere and 2 Shapes","floor":40.0,"turns":3.0},{"damage":0,"enemies":"Jaw Worm Horde","floor":42,"turns":4},{"damage":10,"enemies":"Nemesis","floor":45,"turns":9},{"damage":0,"enemies":"Giant Head","floor":47,"turns":8},{"damage":0,"enemies":"3 Darklings","floor":48,"turns":3},{"damage":29,"enemies":"Time Eater","floor":50,"turns":11}],"seed_played":"4326465812720430343","potions_obtained":[{"floor":1.0,"key":"GhostInAJar"},{"floor":10.0,"key":"Ancient Potion"},{"floor":12.0,"key":"Fruit Juice"},{"floor":13.0,"key":"PowerPotion"},{"floor":20.0,"key":"Explosive Potion"},{"floor":29.0,"key":"FearPotion"},{"floor":30.0,"key":"Energy Potion"},{"floor":40.0,"key":"AttackPotion"},{"floor":47,"key":"Explosive Potion"}],"is_trial":false,"path_per_floor":["M","M","?","?","?","R","M","R","T","M","M","M","M","?","R","B",null,"M","$","M","M","M","R","?","R","T","M","R","M","E","M","R","B",null,"M","M","?","?","$","M","T","M","T","R","E","R","E","M","R","B",null],"character_chosen":"THE_SILENT","items_purchased":["Discovery+1","TwistedFunnel"],"campfire_rested":3,"item_purchase_floors":[19,39],"current_hp_per_floor":[48,46,39,44,44,44,44,66,66,66,66,66,69,53,77,20,80,80,80,80,80,78,78,78,78,78,78,78,68,68,61,80,57,80,80,80,80,80,80,80,80,80,80,80,70,70,70,70,70,41],"gold":237,"neow_bonus":"REMOVE_TWO","is_prod":false,"is_daily":false,"chose_seed":false,"campfire_upgraded":7,"win_rate":0,"timestamp":1560186071,"path_taken":["M","M","?","?","?","R","M","R","T","M","M","M","M","?","R","BOSS","M","$","M","M","M","R","?","R","T","?","R","M","E","M","R","BOSS","M","M","?","?","$","M","?","M","T","R","E","R","E","M","R","BOSS"],"build_version":"2019-01-23","purchased_purges":2,"victory":true,"max_hp_per_floor":[70,70,70,75,75,75,75,75,75,75,75,75,80,80,80,80,80,80,80,80,80,80,80,80,80,80,80,80,80,80,80,80,80,80,80,80,80,80,80,80,80,80,80,80,80,80,80,80,80,80],"card_choices":[{"not_picked":["Eviscerate","Prepared"],"picked":"Noxious Fumes","floor":1.0},{"not_picked":["Tactician","Outmaneuver"],"picked":"Dodge and Roll","floor":2.0},{"not_picked":["Cloak And Dagger","Accuracy"],"picked":"Backflip","floor":7.0},{"not_picked":["Quick Slash","Blade Dance+1"],"picked":"Cloak And Dagger+1","floor":10.0},{"not_picked":["Doppelganger+1","Acrobatics+1"],"picked":"Backflip+1","floor":11.0},{"not_picked":["Bane","Blade Dance+1","Dagger Throw"],"picked":"SKIP","floor":12.0},{"not_picked":["Acrobatics+1","Slice","Flechettes"],"picked":"SKIP","floor":13.0},{"not_picked":["Wraith Form v2","Unload"],"picked":"Adrenaline+1","floor":16.0},{"not_picked":["Sucker Punch+1","Acrobatics+1"],"picked":"Blur+1","floor":18.0},{"not_picked":["Acrobatics+1","Slice+1"],"picked":"Caltrops","floor":20.0},{"not_picked":["Dodge and Roll+1","Blade Dance+1","Doppelganger+1"],"picked":"SKIP","floor":21.0},{"not_picked":["Underhanded Strike","Skewer+1","Reflex+1"],"picked":"SKIP","floor":22.0},{"not_picked":["Dodge and Roll+1","Dagger Throw"],"picked":"Deflect+1","floor":27.0},{"not_picked":["Well Laid Plans","Heel Hook","Flying Knee+1"],"picked":"SKIP","floor":29.0},{"not_picked":["Poisoned Stab","Setup+1","Sucker Punch"],"picked":"SKIP","floor":30.0},{"not_picked":["Escape Plan+1","Blade Dance+1"],"picked":"After Image","floor":31.0},{"not_picked":["Malaise+1","Night Terror+1"],"picked":"A Thousand Cuts","floor":33.0},{"not_picked":["Quick Slash","Eviscerate","Prepared+1"],"picked":"SKIP","floor":35.0},{"not_picked":["Blade Dance+1","Tactician+1"],"picked":"Cloak And Dagger+1","floor":36.0},{"not_picked":["Dramatic Entrance","Secret Technique+1"],"picked":"Master of Strategy+1","floor":38.0},{"not_picked":["Sucker Punch+1","Outmaneuver+1"],"picked":"Infinite Blades+1","floor":40.0},{"not_picked":["Concentrate+1","Bane","Leg Sweep+1"],"picked":"SKIP","floor":42},{"not_picked":["Flechettes+1","Riddle With Holes+1","PiercingWail+1"],"picked":"SKIP","floor":45},{"not_picked":["Quick Slash+1","Distraction+1"],"picked":"Deadly Poison+1","floor":47},{"not_picked":["Outmaneuver+1","Finisher"],"picked":"Deadly Poison+1","floor":48}],"player_experience":259627,"relics_obtained":[{"floor":9.0,"key":"Toxic Egg 2"},{"floor":26.0,"key":"Sundial"},{"floor":30.0,"key":"Pocketwatch"},{"floor":43,"key":"Kunai"},{"floor":45,"key":"Ancient Tea Set"},{"floor":47,"key":"Snake Skull"}],"event_choices":[{"cards_removed":["Defend_G"],"damage_healed":0.0,"max_hp_gain":0.0,"max_hp_loss":0.0,"gold_gain":0.0,"event_name":"Golden Wing","player_choice":"Card Removal","floor":3.0,"gold_loss":0.0,"damage_taken":7.0},{"damage_healed":0.0,"max_hp_gain":5.0,"max_hp_loss":0.0,"gold_gain":0.0,"event_name":"Big Fish","player_choice":"Donut","floor":4.0,"gold_loss":0.0,"damage_taken":0.0},{"cards_removed":["Strike_G"],"damage_healed":0.0,"max_hp_gain":0.0,"max_hp_loss":0.0,"gold_gain":0.0,"event_name":"The Cleric","player_choice":"Card Removal","floor":5.0,"gold_loss":50.0,"damage_taken":0.0},{"damage_healed":0.0,"max_hp_gain":0.0,"max_hp_loss":0.0,"gold_gain":0.0,"event_name":"Shining Light","player_choice":"Entered Light","floor":14.0,"gold_loss":0.0,"damage_taken":16.0,"cards_upgraded":["Neutralize","Strike_G"]},{"cards_removed":["Defend_G"],"damage_healed":0.0,"max_hp_gain":0.0,"max_hp_loss":0.0,"gold_gain":0.0,"event_name":"Wheel of Change","player_choice":"Card Removal","floor":24.0,"gold_loss":0.0,"damage_taken":0.0},{"damage_healed":0.0,"max_hp_gain":0.0,"max_hp_loss":0.0,"gold_gain":0.0,"event_name":"Tomb of Lord Red Mask","player_choice":"Ignored","floor":37.0,"gold_loss":0.0,"damage_taken":0.0},{"damage_healed":0.0,"max_hp_gain":0.0,"max_hp_loss":0.0,"gold_gain":0.0,"event_name":"SensoryStone","player_choice":"Memory 1","floor":38.0,"gold_loss":0.0,"damage_taken":0.0}],"is_beta":false,"boss_relics":[{"not_picked":["Tiny House","Pandora\u0027s Box"],"picked":"WristBlade"},{"not_picked":["Astrolabe","Snecko Eye"],"picked":"HoveringKite"}],"items_purged_floors":[19,39],"is_endless":false,"potions_floor_spawned":[1,10,12,13,20,29,30,40,47],"ascension_level":0}