{"gold_per_floor":[109,122,136,58,8,8,67,67,94,94,111,126,151,163,163,258,258,273,273,82,71,71,71,71],"floor_reached":24,"playtime":1615,"items_purged":["Strike_G"],"score":299,"play_id":"c0b5f899-d064-4da8-84da-a603881588aa","local_time":"20190523224518","is_ascension_mode":true,"campfire_choices":[{"data":"Noxious Fumes","floor":6.0,"key":"SMITH"},{"data":"A Thousand Cuts","floor":8.0,"key":"SMITH"},{"floor":10.0,"key":"REST"},{"floor":15.0,"key":"REST"},{"data":"Envenom","floor":23,"key":"SMITH"}],"neow_cost":"NONE","seed_source_timestamp":471896578604027,"circlet_count":0,"master_deck":["Defend_G","Defend_G","Defend_G","Defend_G","Defend_G","Strike_G+1","Strike_G+1","Survivor","Neutralize","Slice","A Thousand Cuts+1","Noxious Fumes+1","Backflip","Escape Plan","Catalyst","Blade Dance","Envenom+1","Acrobatics","Necronomicurse","Footwork","PiercingWail","Footwork","All Out Attack"],"special_seed":0,"relics":["Ring of the Snake","Tiny Chest","Potion Belt","Whetstone","Sozu","Necronomicon"],"potions_floor_usage":[21],"damage_taken":[{"damage":0.0,"enemies":"2 Louse","floor":1.0,"turns":3.0},{"damage":0.0,"enemies":"Jaw Worm","floor":2.0,"turns":4.0},{"damage":5.0,"enemies":"Cultist","floor":3.0,"turns":4.0},{"damage":24.0,"enemies":"3 Sentries","floor":7.0,"turns":6.0},{"damage":7.0,"enemies":"Large Slime","floor":11.0,"turns":6.0},{"damage":1.0,"enemies":"Looter","floor":12.0,"turns":4.0},{"damage":30.0,"enemies":"Gremlin Nob","floor":13.0,"turns":5.0},{"damage":0.0,"enemies":"2 Fungi Beasts","floor":14.0,"turns":3.0},{"damage":29.0,"enemies":"Slime Boss","floor":16.0,"turns":9.0},{"damage":7.0,"enemies":"Shell Parasite","floor":18.0,"turns":7.0},{"damage":5,"enemies":"2 Thieves","floor":21,"turns":4},{"damage":42,"enemies":"Book of Stabbing","floor":24,"turns":6}],"seed_played":"-2654195175544218896","potions_obtained":[{"floor":0.0,"key":"Regen Potion"},{"floor":0.0,"key":"AttackPotion"},{"floor":0.0,"key":"EssenceOfSteel"},{"floor":2.0,"key":"Strength Potion"},{"floor":12.0,"key":"Ancient Potion"},{"floor":14.0,"key":"SteroidPotion"},{"floor":16.0,"key":"LiquidBronze"}],"is_trial":false,"path_per_floor":["M","M","M","$","?","R","E","R","T","R","M","M","E","M","R","B",null,"M","?","$","M","?","R","E"],"character_chosen":"THE_SILENT","items_purchased":["Noxious Fumes","Footwork","PiercingWail"],"campfire_rested":2,"item_purchase_floors":[4,20,20],"current_hp_per_floor":[63,63,58,58,58,58,34,34,34,55,48,47,17,17,38,9,55,48,32,32,41,41,41,0],"gold":71,"neow_bonus":"THREE_SMALL_POTIONS","is_prod":false,"is_daily":false,"chose_seed":false,"campfire_upgraded":3,"win_rate":0,"timestamp":1558676718,"path_taken":["M","M","M","$","?","R","E","R","T","R","M","M","E","M","R","BOSS","M","?","$","M","?","R","E"],"build_version":"2019-01-23","purchased_purges":1,"victory":false,"max_hp_per_floor":[70,70,70,70,70,70,70,70,70,70,70,70,70,70,70,70,70,70,70,70,70,70,70,70],"card_choices":[{"not_picked":["Cloak And Dagger","Dodge and Roll"],"picked":"Slice","floor":1.0},{"not_picked":["Slice","Cloak And Dagger","Acrobatics"],"picked":"SKIP","floor":2.0},{"not_picked":["Poisoned Stab","Outmaneuver"],"picked":"A Thousand Cuts","floor":3.0},{"not_picked":["Dodge and Roll","Leg Sweep"],"picked":"Backflip","floor":7.0},{"not_picked":["Backflip","Dagger Throw"],"picked":"Escape Plan","floor":11.0},{"not_picked":["Dagger Throw","Slice"],"picked":"Catalyst","floor":12.0},{"not_picked":["Reflex","Tools of the Trade","Prepared"],"picked":"SKIP","floor":13.0},{"not_picked":["Backstab","Endless Agony"],"picked":"Blade Dance","floor":14.0},{"not_picked":["Corpse Explosion","Venomology"],"picked":"Envenom","floor":16.0},{"not_picked":["Caltrops","Blade Dance"],"picked":"Acrobatics","floor":18.0},{"not_picked":["Tactician","Flying Knee"],"picked":"Footwork","floor":21}],"player_experience":767756,"relics_obtained":[{"floor":7.0,"key":"Tiny Chest"},{"floor":9.0,"key":"Potion Belt"},{"floor":13.0,"key":"Whetstone"},{"floor":19.0,"key":"Necronomicon"}],"event_choices":[{"cards_removed":["Strike_G"],"damage_healed":0.0,"max_hp_gain":0.0,"max_hp_loss":0.0,"gold_gain":0.0,"event_name":"The Cleric","player_choice":"Card Removal","floor":5.0,"gold_loss":50.0,"damage_taken":0.0},{"damage_healed":0.0,"max_hp_gain":0.0,"max_hp_loss":0.0,"gold_gain":0.0,"event_name":"Cursed Tome","player_choice":"Obtained Book","floor":19.0,"gold_loss":0.0,"damage_taken":16.0},{"damage_healed":0,"gold_gain":0,"cards_transformed":["Strike_G"],"player_choice":"Transformed","damage_taken":0,"max_hp_gain":0,"max_hp_loss":0,"event_name":"Transmorgrifier","floor":22,"gold_loss":0,"cards_obtained":["All Out Attack"]}],"is_beta":false,"boss_relics":[{"not_picked":["HoveringKite","Astrolabe"],"picked":"Sozu"}],"items_purged_floors":[20],"is_endless":false,"potions_floor_spawned":[2,12,14,16,18,21],"killed_by":"Book of Stabbing","ascension_level":9}