{"gold_per_floor":[111,27,42,42,72,72,99,24,100,100,132,142,172,186,186,263,263,282,282,294,305,230,230,230,230,230,230,242,267,267],"floor_reached":30,"playtime":1232,"items_purged":[],"score":567,"play_id":"cd222551-baf7-472b-af69-88bbb0c0b899","local_time":"20190621103539","is_ascension_mode":true,"campfire_choices":[{"data":"Uppercut","floor":6,"key":"SMITH"},{"data":"Armaments","floor":15,"key":"SMITH"},{"floor":23,"key":"REST"},{"floor":25,"key":"REST"}],"neow_cost":"NONE","seed_source_timestamp":329202763771515,"circlet_count":0,"master_deck":["AscendersBane","Strike_R","Strike_R","Strike_R+1","Strike_R","Defend_R","Defend_R","Defend_R+1","Defend_R+1","Bash+1","Anger+1","Uppercut+1","Fiend Fire","Carnage","Sword Boomerang","Inflame","Armaments+1","Demon Form","Fiend Fire","Feel No Pain"],"relics":["Burning Blood","Tiny Chest","Blood Vial","Paper Frog","War Paint","Whetstone","Runic Cube","Ancient Tea Set","Bottled Flame","Bag of Marbles","Centennial Puzzle"],"potions_floor_usage":[13,18,29],"damage_taken":[{"damage":0,"enemies":"2 Louse","floor":1,"turns":3},{"damage":7,"enemies":"Small Slimes","floor":3,"turns":3},{"damage":37,"enemies":"3 Sentries","floor":7,"turns":9},{"damage":30,"enemies":"Lagavulin","floor":11,"turns":5},{"damage":0,"enemies":"Jaw Worm","floor":12,"turns":3},{"damage":0,"enemies":"Gremlin Nob","floor":13,"turns":2},{"damage":6,"enemies":"Looter","floor":14,"turns":2},{"damage":36,"enemies":"Hexaghost","floor":16,"turns":9},{"damage":38,"enemies":"3 Byrds","floor":18,"turns":6},{"damage":5,"enemies":"Chosen","floor":20,"turns":5},{"damage":24,"enemies":"Snake Plant","floor":21,"turns":2},{"damage":2,"enemies":"Snecko","floor":28,"turns":3},{"damage":47,"enemies":"Slavers","floor":29,"turns":6},{"damage":27,"enemies":"3 Cultists","floor":30,"turns":4}],"seed_played":"3122289749733825684","potions_obtained":[{"floor":3,"key":"Ancient Potion"},{"floor":12,"key":"BloodPotion"},{"floor":13,"key":"Weak Potion"},{"floor":21,"key":"Block Potion"}],"is_trial":false,"path_per_floor":["M","$","M","?","?","R","E","?","T","?","E","M","E","M","R","B",null,"M","?","M","M","?","R","?","R","T","T","M","E","M"],"character_chosen":"IRONCLAD","items_purchased":["Fiend Fire"],"campfire_rested":2,"item_purchase_floors":[2],"current_hp_per_floor":[74,74,73,78,67,67,36,36,36,36,14,22,38,40,40,12,63,33,33,36,20,20,44,21,46,46,46,52,13,0],"gold":267,"neow_bonus":"THREE_CARDS","is_prod":false,"is_daily":false,"chose_seed":false,"campfire_upgraded":2,"win_rate":0,"timestamp":1561124139,"path_taken":["M","$","M","?","?","R","E","?","T","?","E","M","E","M","R","BOSS","M","?","M","M","?","R","?","R","T","?","M","E","M"],"build_version":"2019-01-23","purchased_purges":0,"victory":false,"max_hp_per_floor":[75,75,75,80,80,80,80,80,80,80,80,80,80,80,80,80,80,80,80,80,80,80,80,85,85,85,85,85,85,85],"card_choices":[{"not_picked":["Clash","Pommel Strike"],"picked":"Anger","floor":0},{"not_picked":["Body Slam","Thunderclap"],"picked":"Uppercut","floor":1},{"not_picked":["Corruption","True Grit"],"picked":"Carnage","floor":3},{"not_picked":["Perfected Strike","Warcry","Entrench"],"picked":"SKIP","floor":7},{"not_picked":["Perfected Strike","Warcry","Entrench"],"picked":"SKIP","floor":7},{"not_picked":["Infernal Blade","Carnage"],"picked":"Sword Boomerang","floor":11},{"not_picked":["Combust","Clothesline","Carnage"],"picked":"SKIP","floor":12},{"not_picked":["Heavy Blade","Clothesline"],"picked":"Inflame","floor":13},{"not_picked":["Havoc","Reckless Charge"],"picked":"Armaments","floor":14},{"not_picked":["Berserk","Immolate"],"picked":"Demon Form","floor":16},{"not_picked":["Perfected Strike+1","Iron Wave","Sword Boomerang"],"picked":"SKIP","floor":18},{"not_picked":["Sever Soul","Dual Wield","Clothesline"],"picked":"SKIP","floor":20},{"not_picked":["Armaments","Pommel Strike","Body Slam"],"picked":"SKIP","floor":21},{"not_picked":["Cleave","Power Through+1"],"picked":"Fiend Fire","floor":28},{"not_picked":["Iron Wave","Dropkick"],"picked":"Feel No Pain","floor":29}],"player_experience":1115032,"relics_obtained":[{"floor":7,"key":"Blood Vial"},{"floor":9,"key":"Paper Frog"},{"floor":11,"key":"War Paint"},{"floor":13,"key":"Whetstone"},{"floor":26,"key":"Bottled Flame"},{"floor":27,"key":"Bag of Marbles"},{"floor":29,"key":"Centennial Puzzle"}],"event_choices":[{"damage_healed":0,"gold_gain":0,"player_choice":"Donut","damage_taken":0,"max_hp_gain":5,"max_hp_loss":0,"event_name":"Big Fish","floor":4,"gold_loss":0},{"damage_healed":0,"gold_gain":0,"player_choice":"Success","damage_taken":11,"relics_obtained":["Tiny Chest"],"max_hp_gain":0,"max_hp_loss":0,"event_name":"Scrap Ooze","floor":5,"gold_loss":0},{"cards_removed":["Strike_R"],"damage_healed":0,"gold_gain":0,"player_choice":"Card Removal","damage_taken":0,"max_hp_gain":0,"max_hp_loss":0,"event_name":"The Cleric","floor":8,"gold_loss":75},{"damage_healed":0,"gold_gain":0,"player_choice":"Grow","damage_taken":0,"max_hp_gain":0,"max_hp_loss":0,"event_name":"Living Wall","floor":10,"gold_loss":0,"cards_upgraded":["Anger"]},{"damage_healed":0,"gold_gain":0,"player_choice":"Opened","damage_taken":0,"relics_obtained":["Ancient Tea Set"],"max_hp_gain":0,"max_hp_loss":0,"event_name":"The Mausoleum","floor":19,"gold_loss":0,"cards_obtained":["Writhe"]},{"cards_removed":["Writhe"],"damage_healed":0,"gold_gain":0,"player_choice":"Gave Gold","damage_taken":0,"max_hp_gain":0,"max_hp_loss":0,"event_name":"Beggar","floor":22,"gold_loss":75},{"damage_healed":0,"gold_gain":0,"player_choice":"Shed Blood","damage_taken":28,"max_hp_gain":5,"max_hp_loss":0,"event_name":"Forgotten Altar","floor":24,"gold_loss":0}],"is_beta":false,"boss_relics":[{"not_picked":["Lizard Tail","White Beast Statue"],"picked":"Runic Cube"}],"items_purged_floors":[],"is_endless":false,"potions_floor_spawned":[3,12,13,14,21],"killed_by":"3 Cultists","ascension_level":19}