{"gold_per_floor":[116,116,116,141,41,41,61,99,99,178,178,27,47,81,81,210,210,224,239,139,154,154,173,173,173,197,122,122,138,156,181,181,304,304,318,651,651,526,541,552,552,9,9,9,55,71,87,97,97,97,97,97,7,36,36],"floor_reached":55,"playtime":3238,"items_purged":["Strike_B","Strike_B","Strike_B","Defend_B"],"score":704,"play_id":"72eb7250-5e6f-47c6-a94a-61b40854d76e","local_time":"20190421174752","is_ascension_mode":false,"campfire_choices":[{"data":"White Noise","floor":6.0,"key":"SMITH"},{"floor":15.0,"key":"REST"},{"floor":24.0,"key":"RECALL"},{"floor":28.0,"key":"REST"},{"data":"White Noise","floor":32.0,"key":"SMITH"},{"data":"Seek","floor":41.0,"key":"SMITH"},{"data":"Mayhem","floor":44.0,"key":"SMITH"},{"floor":49,"key":"REST"},{"data":"Double Energy","floor":52,"key":"SMITH"}],"neow_cost":"NONE","seed_source_timestamp":0,"circlet_count":0,"master_deck":["Defend_B","Defend_B","Defend_B","Zap+1","Dualcast","Cold Snap","Rip and Tear","Core Surge","White Noise+1","Beam Cell","Gash","Go for the Eyes","Cold Snap","Cold Snap","Electrodynamics","White Noise+1","Gash","Seek+1","Beam Cell","Cold Snap","Gash","Cold Snap","Biased Cognition","Gash+1","Panache","Mayhem+1","Leap","Leap+1","Double Energy+1","Core Surge","Gash","Static Discharge","Defragment"],"special_seed":0,"relics":["Cracked Core","Blood Vial","Pantograph","Blue Candle","Bronze Scales","Unceasing Top","Lizard Tail","Enchiridion","Dream Catcher","Inserter","Bottled Lightning","Membership Card","The Courier","Ice Cream","Centennial Puzzle","Bag of Preparation"],"potions_floor_usage":[50,55],"damage_taken":[{"damage":0.0,"enemies":"2 Louse","floor":1.0,"turns":3.0},{"damage":0.0,"enemies":"Cultist","floor":4.0,"turns":3.0},{"damage":0.0,"enemies":"Jaw Worm","floor":7.0,"turns":2.0},{"damage":6.0,"enemies":"Gremlin Nob","floor":8.0,"turns":3.0},{"damage":15.0,"enemies":"3 Sentries","floor":10.0,"turns":5.0},{"damage":0.0,"enemies":"Large Slime","floor":13.0,"turns":4.0},{"damage":5.0,"enemies":"Lagavulin","floor":14.0,"turns":4.0},{"damage":26.0,"enemies":"Hexaghost","floor":16.0,"turns":9.0},{"damage":0.0,"enemies":"Chosen","floor":18.0,"turns":4.0},{"damage":8.0,"enemies":"Spheric Guardian","floor":19.0,"turns":3.0},{"damage":5.0,"enemies":"Chosen and Byrds","floor":21.0,"turns":3.0},{"damage":14.0,"enemies":"Snake Plant","floor":23.0,"turns":4.0},{"damage":13.0,"enemies":"Shelled Parasite and Fungi","floor":29.0,"turns":5.0},{"damage":18.0,"enemies":"Sentry and Sphere","floor":30.0,"turns":4.0},{"damage":0.0,"enemies":"Centurion and Healer","floor":31.0,"turns":3.0},{"damage":29.0,"enemies":"Collector","floor":33.0,"turns":6.0},{"damage":3.0,"enemies":"Orb Walker","floor":35.0,"turns":3.0},{"damage":7.0,"enemies":"3 Shapes","floor":39.0,"turns":3.0},{"damage":0.0,"enemies":"Maw","floor":40.0,"turns":7.0},{"damage":22.0,"enemies":"2 Orb Walkers","floor":45.0,"turns":3.0},{"damage":0.0,"enemies":"Sphere and 2 Shapes","floor":46.0,"turns":2.0},{"damage":0,"enemies":"Transient","floor":47,"turns":5},{"damage":12,"enemies":"4 Shapes","floor":48,"turns":3},{"damage":19,"enemies":"Time Eater","floor":50,"turns":9},{"damage":28,"enemies":"Shield and Spear","floor":54,"turns":3},{"damage":117,"enemies":"The Heart","floor":55,"turns":6}],"seed_played":"6057503219997064437","potions_obtained":[{"floor":4.0,"key":"Energy Potion"},{"floor":7.0,"key":"LiquidBronze"},{"floor":13.0,"key":"PowerPotion"},{"floor":16.0,"key":"Ancient Potion"},{"floor":21.0,"key":"Poison Potion"},{"floor":23.0,"key":"SpeedPotion"},{"floor":30.0,"key":"Regen Potion"},{"floor":31.0,"key":"Poison Potion"},{"floor":33.0,"key":"AttackPotion"},{"floor":46.0,"key":"Weak Potion"},{"floor":54,"key":"Energy Potion"}],"is_trial":false,"path_per_floor":["M","?","?","M","$","R","M","E","T","?","?","$","M","E","R","B",null,"M","M","$","M","?","M","R","?","T","?","R","M","M","M","R","B",null,"M","?","?","$","M","M","R","$","T","R","?","M","M","M","R","B",null,"R","$","E","B"],"character_chosen":"DEFECT","items_purchased":["Beam Cell","Bronze Scales","Bottled Lightning","Membership Card","Defragment","Centennial Puzzle"],"campfire_rested":3,"item_purchase_floors":[5,12,42,42,53,53],"current_hp_per_floor":[75,57,57,59,59,59,61,57,57,44,44,44,46,43,65,49,75,75,67,67,64,64,52,52,36,36,36,58,47,31,42,42,40,75,72,72,67,67,62,64,64,64,64,64,44,46,48,38,60,56,75,75,75,47,0],"gold":36,"neow_bonus":"RANDOM_COMMON_RELIC","is_prod":false,"is_daily":false,"chose_seed":false,"campfire_upgraded":5,"win_rate":0,"timestamp":1555879672,"path_taken":["M","?","?","?","$","R","M","E","T","?","?","$","?","E","R","BOSS","M","M","$","M","?","?","R","?","T","?","R","M","M","M","R","BOSS","M","?","?","$","M","M","R","$","T","R","?","M","M","?","R","BOSS","R","$","E","BOSS"],"build_version":"2019-01-23","purchased_purges":4,"victory":false,"max_hp_per_floor":[75,75,75,75,75,75,75,75,75,75,75,75,75,75,75,75,75,75,75,75,75,75,75,75,75,75,75,75,75,75,75,75,75,75,75,75,75,75,75,75,75,75,75,75,75,75,75,75,75,75,75,75,75,75,75],"card_choices":[{"not_picked":["Stack","Aggregate"],"picked":"Cold Snap","floor":1.0},{"not_picked":["Compile Driver","Go for the Eyes"],"picked":"White Noise","floor":4.0},{"not_picked":["Beam Cell","Streamline"],"picked":"Gash","floor":7.0},{"not_picked":["Lockon","Recycle"],"picked":"Go for the Eyes","floor":8.0},{"not_picked":["Streamline","Barrage"],"picked":"Cold Snap","floor":10.0},{"not_picked":["Streamline","Capacitor"],"picked":"Cold Snap","floor":13.0},{"not_picked":["Rebound","Barrage","Darkness"],"picked":"SKIP","floor":14.0},{"not_picked":["Seek","Amplify"],"picked":"Electrodynamics","floor":16.0},{"not_picked":["Heatsinks","Streamline+1","Rebound"],"picked":"SKIP","floor":18.0},{"not_picked":["Steam","Reinforced Body","Turbo"],"picked":"SKIP","floor":19.0},{"not_picked":["Steam+1","Leap"],"picked":"White Noise","floor":21.0},{"not_picked":["Redo","Rip and Tear"],"picked":"Seek","floor":23.0},{"not_picked":["Sweeping Beam+1","Leap"],"picked":"Beam Cell","floor":28.0},{"not_picked":["Skim","Tempest"],"picked":"Cold Snap","floor":29.0},{"not_picked":["Hologram+1","Barrage"],"picked":"Gash","floor":30.0},{"not_picked":["Recycle","Loop"],"picked":"Cold Snap","floor":31.0},{"not_picked":["Hyperbeam","Electrodynamics"],"picked":"Biased Cognition","floor":33.0},{"not_picked":["Doom and Gloom","Steam+1"],"picked":"Gash+1","floor":35.0},{"not_picked":["Transmutation","HandOfGreed"],"picked":"Panache","floor":37.0},{"not_picked":["Discovery","Thinking Ahead"],"picked":"Mayhem","floor":37.0},{"not_picked":["Stack+1","Steam"],"picked":"Leap","floor":39.0},{"not_picked":["Stack","Streamline"],"picked":"Leap+1","floor":40.0},{"not_picked":["Leap","Steam"],"picked":"Double Energy","floor":45.0},{"not_picked":["Scrape","Self Repair+1"],"picked":"Core Surge","floor":46.0},{"not_picked":["Cold Snap+1","Ball Lightning+1"],"picked":"Gash","floor":47},{"not_picked":["Go for the Eyes","Coolheaded","Chaos"],"picked":"SKIP","floor":48},{"not_picked":["Rebound+1","Barrage+1"],"picked":"Static Discharge","floor":49},{"not_picked":["Stack","Rebound","Melter"],"picked":"SKIP","floor":54}],"player_experience":629722,"relics_obtained":[{"floor":8.0,"key":"Pantograph"},{"floor":14.0,"key":"Unceasing Top"},{"floor":25.0,"key":"Enchiridion"},{"floor":26.0,"key":"Dream Catcher"},{"floor":43.0,"key":"The Courier"},{"floor":45.0,"key":"Ice Cream"},{"floor":54,"key":"Bag of Preparation"}],"event_choices":[{"damage_healed":0.0,"max_hp_gain":0.0,"max_hp_loss":0.0,"gold_gain":0.0,"event_name":"Golden Idol","player_choice":"Take Damage","floor":2.0,"gold_loss":0.0,"damage_taken":18.0,"relics_obtained":["Golden Idol"]},{"damage_healed":0.0,"max_hp_gain":0.0,"max_hp_loss":0.0,"gold_gain":0.0,"event_name":"Match and Keep!","player_choice":"2 cards matched","floor":3.0,"gold_loss":0.0,"damage_taken":0.0,"cards_obtained":["Rip and Tear","Core Surge"]},{"damage_healed":0.0,"max_hp_gain":0.0,"max_hp_loss":0.0,"gold_gain":0.0,"event_name":"Dead Adventurer","player_choice":"Searched \u00272\u0027 times","floor":10.0,"gold_loss":0.0,"damage_taken":0.0,"relics_obtained":["Blue Candle"]},{"damage_healed":0.0,"max_hp_gain":0.0,"max_hp_loss":0.0,"gold_gain":0.0,"event_name":"Upgrade Shrine","player_choice":"Upgraded","floor":11.0,"gold_loss":0.0,"damage_taken":0.0,"cards_upgraded":["Zap"]},{"damage_healed":0.0,"max_hp_gain":0.0,"max_hp_loss":0.0,"gold_gain":0.0,"event_name":"Duplicator","player_choice":"Copied","floor":22.0,"gold_loss":0.0,"damage_taken":0.0,"cards_obtained":["Gash"]},{"damage_healed":0.0,"max_hp_gain":0.0,"max_hp_loss":0.0,"gold_gain":0.0,"event_name":"Cursed Tome","player_choice":"Obtained Book","floor":25.0,"gold_loss":0.0,"damage_taken":16.0},{"cards_removed":["Strike_B"],"damage_healed":0.0,"max_hp_gain":0.0,"max_hp_loss":0.0,"gold_gain":0.0,"event_name":"Beggar","player_choice":"Gave Gold","floor":27.0,"gold_loss":75.0,"damage_taken":0.0},{"damage_healed":0.0,"max_hp_gain":0.0,"max_hp_loss":0.0,"gold_gain":333.0,"event_name":"The Moai Head","player_choice":"Gave Idol","floor":36.0,"relics_lost":["Golden Idol"],"gold_loss":0.0,"damage_taken":0.0},{"damage_healed":0.0,"max_hp_gain":0.0,"max_hp_loss":0.0,"gold_gain":0.0,"event_name":"SensoryStone","player_choice":"Memory 2","floor":37.0,"gold_loss":0.0,"damage_taken":5.0},{"damage_healed":0.0,"max_hp_gain":0.0,"max_hp_loss":0.0,"gold_gain":0.0,"event_name":"Mysterious Sphere","player_choice":"Fight","floor":45.0,"gold_loss":0.0,"damage_taken":0.0}],"is_beta":false,"boss_relics":[{"not_picked":["White Beast Statue","Fusion Hammer"],"picked":"Lizard Tail"},{"not_picked":["Busted Crown","Tiny House"],"picked":"Inserter"}],"items_purged_floors":[5,20,38,42],"is_endless":false,"potions_floor_spawned":[4,7,13,16,21,23,30,31,33,46,54],"killed_by":"The Heart","ascension_level":0}