{"gold_per_floor":[112,112,262,262,7,32,44,71,117,142,159,172,172,5,5,79,79,96,96,96,114,29,29,55,55,55,66,66,94,94,144,144,222,272,283,283,283,328,343,343,343],"floor_reached":41,"playtime":1641,"items_purged":["Doubt"],"score":937,"play_id":"5e6f73ba-35ee-44d8-a545-01b5549cb98c","local_time":"20190524142315","is_ascension_mode":true,"campfire_choices":[{"data":"Apotheosis","floor":13.0,"key":"SMITH"},{"floor":15.0,"key":"REST"},{"floor":23.0,"key":"REST"},{"floor":25.0,"key":"REST"},{"data":"Limit Break","floor":28.0,"key":"SMITH"},{"floor":32.0,"key":"REST"},{"data":"Disarm","floor":40,"key":"SMITH"}],"neow_cost":"NONE","seed_source_timestamp":0,"circlet_count":0,"master_deck":["AscendersBane","Strike_R","Strike_R+1","Strike_R","Defend_R","Defend_R","Defend_R","Defend_R","Bash","Anger","Apotheosis+1","Heavy Blade+1","Inflame","Spot Weakness","Disarm+1","Limit Break+1","Clothesline+1","Shrug It Off","Thinking Ahead"],"special_seed":0,"relics":["Burning Blood","NeowsBlessing","Ancient Tea Set","Regal Pillow","Du-Vu Doll","Juzu Bracelet","Bronze Scales","PreservedInsect","Philosopher\u0027s Stone","Question Card","WingedGreaves","Molten Egg 2","Bag of Preparation","Tiny House","Oddly Smooth Stone"],"potions_floor_usage":[41],"damage_taken":[{"damage":0.0,"enemies":"2 Louse","floor":1.0,"turns":1.0},{"damage":0.0,"enemies":"3 Sentries","floor":6.0,"turns":2.0},{"damage":0.0,"enemies":"Small Slimes","floor":7.0,"turns":1.0},{"damage":12.0,"enemies":"Lagavulin","floor":8.0,"turns":6.0},{"damage":30.0,"enemies":"3 Sentries","floor":10.0,"turns":8.0},{"damage":2.0,"enemies":"Jaw Worm","floor":11.0,"turns":3.0},{"damage":9.0,"enemies":"Looter","floor":12.0,"turns":3.0},{"damage":16.0,"enemies":"Slime Boss","floor":16.0,"turns":9.0},{"damage":19.0,"enemies":"2 Thieves","floor":18.0,"turns":3.0},{"damage":33.0,"enemies":"3 Byrds","floor":21.0,"turns":4.0},{"damage":61.0,"enemies":"Slavers","floor":24.0,"turns":5.0},{"damage":11.0,"enemies":"Snecko","floor":27.0,"turns":5.0},{"damage":26.0,"enemies":"Gremlin Leader","floor":29.0,"turns":6.0},{"damage":17.0,"enemies":"Champ","floor":33.0,"turns":7.0},{"damage":14.0,"enemies":"3 Shapes","floor":35.0,"turns":5.0},{"damage":18,"enemies":"Orb Walker","floor":39,"turns":3},{"damage":61,"enemies":"Reptomancer","floor":41,"turns":4}],"seed_played":"120575008169719144","potions_obtained":[{"floor":1.0,"key":"Block Potion"},{"floor":8.0,"key":"Swift Potion"},{"floor":10.0,"key":"Ancient Potion"},{"floor":16.0,"key":"Fire Potion"},{"floor":24.0,"key":"Ancient Potion"},{"floor":27.0,"key":"Block Potion"},{"floor":33.0,"key":"LiquidBronze"},{"floor":34.0,"key":"Strength Potion"}],"is_trial":false,"path_per_floor":["M","?","?","?","$","E","M","E","T","E","M","M","R","$","R","B",null,"M","?","?","M","?","R","E","R","T","M","R","E","?","?","R","B",null,"M","?","?","T","M","R","E"],"character_chosen":"IRONCLAD","items_purchased":["Apotheosis","PreservedInsect"],"campfire_rested":4,"item_purchase_floors":[5,14],"current_hp_per_floor":[74,67,67,62,62,68,74,68,68,44,48,45,45,45,75,65,73,60,60,60,33,33,70,15,52,52,47,47,27,27,27,64,53,75,67,67,67,67,55,55,0],"gold":343,"neow_bonus":"THREE_ENEMY_KILL","is_prod":false,"is_daily":false,"chose_seed":false,"campfire_upgraded":3,"win_rate":0,"timestamp":1558718595,"path_taken":["M","?","?","?","$","E","M","E","T","E","M","M","R","?","R","BOSS","M","?","?","M","?","R","E","R","T","M","R","E","?","?","R","BOSS","M","?","?","?","M","R","E"],"build_version":"2019-01-23","purchased_purges":1,"victory":false,"max_hp_per_floor":[75,75,75,75,75,75,75,75,75,75,75,75,75,75,75,75,75,75,75,75,75,75,75,75,75,75,75,75,75,75,75,75,75,80,80,80,80,80,80,80,80],"card_choices":[{"not_picked":["Feel No Pain","Headbutt"],"picked":"Anger","floor":1.0},{"not_picked":["Havoc","Flex","Battle Trance"],"picked":"SKIP","floor":6.0},{"not_picked":["Exhume","Anger","Wild Strike"],"picked":"SKIP","floor":7.0},{"not_picked":["Battle Trance","Wild Strike"],"picked":"Heavy Blade","floor":8.0},{"not_picked":["Bloodletting","Impervious"],"picked":"Inflame","floor":10.0},{"not_picked":["Clothesline","Body Slam"],"picked":"Spot Weakness","floor":11.0},{"not_picked":["Shrug It Off","Inflame"],"picked":"Disarm","floor":12.0},{"not_picked":["Feed","Exhume"],"picked":"Limit Break","floor":16.0},{"not_picked":["Evolve","Clash+1","Anger+1"],"picked":"SKIP","floor":18.0},{"not_picked":["Blood for Blood","Heavy Blade","Hemokinesis"],"picked":"SKIP","floor":21.0},{"not_picked":["Twin Strike","Flex","Brutality","Havoc+1"],"picked":"SKIP","floor":24.0},{"not_picked":["Feel No Pain","Anger+1","Searing Blow+1","Perfected Strike+1"],"picked":"SKIP","floor":27.0},{"not_picked":["Clash+1","Battle Trance","Fire Breathing"],"picked":"Clothesline+1","floor":29.0},{"not_picked":["Heavy Blade+1","Twin Strike+1","Body Slam+1"],"picked":"Shrug It Off","floor":35},{"not_picked":["Blind","Mind Blast+1","Deep Breath"],"picked":"Thinking Ahead","floor":36},{"not_picked":["Hemokinesis+1","Headbutt+1","Pommel Strike+1","Havoc"],"picked":"SKIP","floor":39}],"player_experience":783261,"relics_obtained":[{"floor":6.0,"key":"Regal Pillow"},{"floor":8.0,"key":"Du-Vu Doll"},{"floor":9.0,"key":"Juzu Bracelet"},{"floor":10.0,"key":"Bronze Scales"},{"floor":24.0,"key":"WingedGreaves"},{"floor":26.0,"key":"Molten Egg 2"},{"floor":29.0,"key":"Bag of Preparation"},{"floor":38,"key":"Oddly Smooth Stone"}],"event_choices":[{"cards_removed":["Strike_R"],"damage_healed":0.0,"max_hp_gain":0.0,"max_hp_loss":0.0,"gold_gain":0.0,"event_name":"Golden Wing","player_choice":"Card Removal","floor":2.0,"gold_loss":0.0,"damage_taken":7.0},{"damage_healed":0.0,"max_hp_gain":0.0,"max_hp_loss":0.0,"gold_gain":150.0,"event_name":"Liars Game","player_choice":"AGREE","floor":3.0,"gold_loss":0.0,"damage_taken":0.0,"cards_obtained":["Doubt"]},{"damage_healed":0.0,"max_hp_gain":0.0,"max_hp_loss":0.0,"gold_gain":0.0,"event_name":"Scrap Ooze","player_choice":"Success","floor":4.0,"gold_loss":0.0,"damage_taken":5.0,"relics_obtained":["Ancient Tea Set"]},{"damage_healed":0.0,"max_hp_gain":0.0,"max_hp_loss":0.0,"gold_gain":0.0,"event_name":"Ghosts","player_choice":"Ignored","floor":19.0,"gold_loss":0.0,"damage_taken":0.0},{"damage_healed":0.0,"max_hp_gain":0.0,"max_hp_loss":0.0,"gold_gain":0.0,"event_name":"Upgrade Shrine","player_choice":"Upgraded","floor":20.0,"gold_loss":0.0,"damage_taken":0.0,"cards_upgraded":["Heavy Blade"]},{"damage_healed":0.0,"max_hp_gain":0.0,"max_hp_loss":0.0,"gold_gain":0.0,"event_name":"Addict","player_choice":"Obtained Relic","floor":22.0,"gold_loss":85.0,"damage_taken":0.0,"relics_obtained":["Question Card"]},{"cards_removed":["Strike_R"],"damage_healed":0.0,"max_hp_gain":0.0,"max_hp_loss":0.0,"gold_gain":0.0,"event_name":"Purifier","player_choice":"Purged","floor":30.0,"gold_loss":0.0,"damage_taken":0.0},{"damage_healed":0.0,"max_hp_gain":0.0,"max_hp_loss":0.0,"gold_gain":50.0,"event_name":"Nest","player_choice":"Stole From Cult","floor":31.0,"gold_loss":0.0,"damage_taken":0.0},{"damage_healed":0,"gold_gain":0,"player_choice":"Memory 1","damage_taken":0,"max_hp_gain":0,"max_hp_loss":0,"event_name":"SensoryStone","floor":36,"gold_loss":0},{"damage_healed":0,"gold_gain":0,"player_choice":"Ignored","damage_taken":0,"max_hp_gain":0,"max_hp_loss":0,"event_name":"Tomb of Lord Red Mask","floor":37,"gold_loss":0}],"is_beta":false,"boss_relics":[{"not_picked":["Black Star","Eternal Feather"],"picked":"Philosopher\u0027s Stone"},{"not_picked":["Runic Cube","Sozu"],"picked":"Tiny House"}],"items_purged_floors":[5],"is_endless":false,"potions_floor_spawned":[1,8,10,16,24,27,33],"killed_by":"Reptomancer","ascension_level":18}