{"gold_per_floor":[116,191,116,128,14,47,47,47,47,47,65,83,114,132,132,221,221,246,171,194,194,219,219],"floor_reached":23,"playtime":993,"items_purged":["Strike_R"],"score":429,"play_id":"28640a15-2c6e-439a-9764-f8108914590d","local_time":"20190612181252","is_ascension_mode":true,"campfire_choices":[{"data":"Disarm","floor":7,"key":"SMITH"},{"data":"Inflame","floor":10,"key":"SMITH"},{"data":"Limit Break","floor":15,"key":"SMITH"}],"neow_cost":"NONE","seed_source_timestamp":2197545947729165,"circlet_count":0,"master_deck":["AscendersBane","Strike_R","Strike_R","Strike_R","Strike_R","Defend_R","Defend_R","Defend_R","Bash","Flame Barrier","Anger","Iron Wave","Inflame+1","Disarm+1","True Grit","Twin Strike","Limit Break+1","Exhume","Evolve","Second Wind+1","Feel No Pain"],"relics":["Burning Blood","NeowsBlessing","Dream Catcher","Golden Idol","Art of War","Black Star"],"potions_floor_usage":[13,13,20,20],"damage_taken":[{"damage":0,"enemies":"2 Louse","floor":1,"turns":1},{"damage":0,"enemies":"Jaw Worm","floor":4,"turns":1},{"damage":0,"enemies":"Lagavulin","floor":6,"turns":1},{"damage":4,"enemies":"Small Slimes","floor":11,"turns":3},{"damage":12,"enemies":"3 Louse","floor":12,"turns":5},{"damage":12,"enemies":"Gremlin Nob","floor":13,"turns":4},{"damage":4,"enemies":"2 Fungi Beasts","floor":14,"turns":4},{"damage":8,"enemies":"Hexaghost","floor":16,"turns":10},{"damage":30,"enemies":"2 Thieves","floor":18,"turns":4},{"damage":26,"enemies":"Shell Parasite","floor":20,"turns":6},{"damage":41,"enemies":"Snake Plant","floor":22,"turns":6},{"damage":18,"enemies":"Book of Stabbing","floor":23,"turns":2}],"seed_played":"-44549191325422753","potions_obtained":[{"floor":1,"key":"Poison Potion"},{"floor":6,"key":"Poison Potion"},{"floor":13,"key":"Regen Potion"},{"floor":18,"key":"GamblersBrew"},{"floor":22,"key":"Explosive Potion"}],"is_trial":false,"path_per_floor":["M","?","?","M","$","E","R","?","T","R","M","M","E","M","R","B",null,"M","$","M","?","M","E"],"character_chosen":"IRONCLAD","items_purchased":["Iron Wave","Inflame"],"campfire_rested":0,"item_purchase_floors":[5,5],"current_hp_per_floor":[74,63,63,69,69,75,75,49,49,49,51,45,39,41,41,39,66,42,42,36,51,16,0],"gold":219,"neow_bonus":"THREE_ENEMY_KILL","is_prod":false,"is_daily":false,"chose_seed":false,"campfire_upgraded":3,"win_rate":0,"timestamp":1560373972,"path_taken":["M","?","?","M","$","E","R","?","T","R","M","M","E","M","R","BOSS","M","$","M","?","M","E"],"build_version":"2019-01-23","purchased_purges":1,"victory":false,"max_hp_per_floor":[75,75,75,75,75,75,75,75,75,75,75,75,75,75,75,75,75,75,75,75,75,75,75],"card_choices":[{"not_picked":["Evolve","Twin Strike"],"picked":"Flame Barrier","floor":1},{"not_picked":["Wild Strike","Entrench"],"picked":"Anger","floor":4},{"not_picked":["Shrug It Off","Body Slam"],"picked":"Disarm","floor":6},{"not_picked":["Power Through","Havoc"],"picked":"True Grit","floor":11},{"not_picked":["True Grit","Hemokinesis","Entrench"],"picked":"SKIP","floor":12},{"not_picked":["Havoc","Body Slam"],"picked":"Twin Strike","floor":13},{"not_picked":["Hemokinesis","Havoc"],"picked":"Limit Break","floor":14},{"not_picked":["Berserk","Impervious"],"picked":"Exhume","floor":16},{"not_picked":["Anger","True Grit"],"picked":"Evolve","floor":18},{"not_picked":["Iron Wave","Flex"],"picked":"Second Wind+1","floor":20},{"not_picked":["Pommel Strike","Dropkick"],"picked":"Feel No Pain","floor":22}],"player_experience":1010816,"relics_obtained":[{"floor":6,"key":"Dream Catcher"},{"floor":13,"key":"Art of War"}],"event_choices":[{"damage_healed":0,"gold_gain":75,"player_choice":"Gather Gold","damage_taken":11,"max_hp_gain":0,"max_hp_loss":0,"event_name":"World of Goop","floor":2,"gold_loss":0},{"cards_removed":["Defend_R"],"damage_healed":0,"gold_gain":0,"player_choice":"Card Removal","damage_taken":0,"max_hp_gain":0,"max_hp_loss":0,"event_name":"The Cleric","floor":3,"gold_loss":75},{"damage_healed":0,"gold_gain":0,"player_choice":"Take Damage","damage_taken":26,"relics_obtained":["Golden Idol"],"max_hp_gain":0,"max_hp_loss":0,"event_name":"Golden Idol","floor":8,"gold_loss":0},{"damage_healed":15,"gold_gain":0,"player_choice":"Heal","damage_taken":0,"max_hp_gain":0,"max_hp_loss":0,"event_name":"The Library","floor":21,"gold_loss":0}],"is_beta":false,"boss_relics":[{"not_picked":["Cursed Key","Lizard Tail"],"picked":"Black Star"}],"items_purged_floors":[19],"is_endless":false,"potions_floor_spawned":[1,6,13,18,22],"killed_by":"Book of Stabbing","ascension_level":18}