{"gold_per_floor":[111,130,130,140,140,140,167,179,202,235,235,235,40,40],"floor_reached":14,"playtime":490,"items_purged":[],"score":113,"play_id":"47bee8e9-d8a6-4888-ad22-93e905e0fba0","local_time":"20190601073803","is_ascension_mode":true,"campfire_choices":[{"data":"Chaos","floor":6,"key":"SMITH"}],"neow_cost":"PERCENT_DAMAGE","seed_source_timestamp":1209568580525852,"circlet_count":0,"master_deck":["Strike_B","Strike_B","Strike_B","Strike_B","Defend_B","Defend_B","Defend_B","Zap","Dualcast","Purity","Bandage Up","Leap","Chaos+1","Aggregate","Capacitor","Tempest"],"relics":["Cracked Core","Vajra","DataDisk","Anchor","ClockworkSouvenir"],"potions_floor_usage":[7,7,14],"damage_taken":[{"damage":3,"enemies":"2 Louse","floor":1,"turns":3},{"damage":3,"enemies":"Small Slimes","floor":2,"turns":4},{"damage":12,"enemies":"Jaw Worm","floor":4,"turns":3},{"damage":28,"enemies":"Gremlin Nob","floor":7,"turns":5},{"damage":9,"enemies":"2 Fungi Beasts","floor":8,"turns":3},{"damage":36,"enemies":"3 Sentries","floor":10,"turns":8},{"damage":7,"enemies":"Exordium Thugs","floor":14,"turns":2}],"seed_played":"5237464393997251790","potions_obtained":[{"floor":2,"key":"Strength Potion"},{"floor":4,"key":"FearPotion"},{"floor":10,"key":"FocusPotion"}],"is_trial":false,"path_per_floor":["M","M","?","M","?","R","E","M","T","E","?","?","$","M"],"character_chosen":"DEFECT","items_purchased":["ClockworkSouvenir"],"campfire_rested":0,"item_purchase_floors":[13],"current_hp_per_floor":[55,56,49,41,66,66,38,33,33,1,1,1,1,0],"gold":40,"neow_bonus":"RANDOM_COLORLESS_2","is_prod":false,"is_daily":false,"chose_seed":false,"campfire_upgraded":1,"win_rate":0,"timestamp":1559385483,"path_taken":["M","M","?","M","?","R","E","M","T","E","?","?","$","M"],"build_version":"2019-01-23","purchased_purges":0,"victory":false,"max_hp_per_floor":[75,75,75,75,75,75,75,75,75,75,75,75,75,75],"card_choices":[{"not_picked":["Compile Driver","Turbo","Leap"],"picked":"SKIP","floor":1},{"not_picked":["Compile Driver","Turbo"],"picked":"Leap","floor":1},{"not_picked":["Conserve Battery","Barrage"],"picked":"Chaos","floor":2},{"not_picked":["Steam Power","Beam Cell"],"picked":"Aggregate","floor":4},{"not_picked":["Reinforced Body","Recycle","Genetic Algorithm"],"picked":"SKIP","floor":7},{"not_picked":["Coolheaded","Beam Cell"],"picked":"Capacitor","floor":8},{"not_picked":["Skim","Steam"],"picked":"Tempest","floor":10}],"player_experience":840518,"relics_obtained":[{"floor":7,"key":"Vajra"},{"floor":9,"key":"DataDisk"},{"floor":10,"key":"Anchor"}],"event_choices":[{"cards_removed":["Defend_B"],"damage_healed":0,"gold_gain":0,"player_choice":"Card Removal","damage_taken":7,"max_hp_gain":0,"max_hp_loss":0,"event_name":"Golden Wing","floor":3,"gold_loss":0},{"damage_healed":25,"gold_gain":0,"player_choice":"Banana","damage_taken":0,"max_hp_gain":0,"max_hp_loss":0,"event_name":"Big Fish","floor":5,"gold_loss":0},{"damage_healed":0,"gold_gain":0,"player_choice":"Ignored","damage_taken":0,"max_hp_gain":0,"max_hp_loss":0,"event_name":"Golden Idol","floor":11,"gold_loss":0},{"damage_healed":0,"gold_gain":0,"player_choice":"Fled","damage_taken":0,"max_hp_gain":0,"max_hp_loss":0,"event_name":"Scrap Ooze","floor":12,"gold_loss":0}],"is_beta":false,"boss_relics":[],"items_purged_floors":[],"is_endless":false,"potions_floor_spawned":[2,4,10],"killed_by":"Exordium Thugs","ascension_level":3}