{"gold_per_floor":[118,118,118,118,133,172,191,211,211,211,234,234,204,78,78,78],"floor_reached":16,"playtime":391,"items_purged":["Defend_R"],"score":125,"play_id":"353b26c1-e326-4e52-89b7-8eca17a16c0a","local_time":"20190504090330","is_ascension_mode":false,"campfire_choices":[{"floor":10,"key":"REST"},{"data":"Flame Barrier","floor":12,"key":"SMITH"},{"floor":15,"key":"REST"}],"neow_cost":"NONE","seed_source_timestamp":2017073564452660,"circlet_count":0,"master_deck":["Strike_R","Strike_R","Strike_R","Strike_R","Strike_R","Defend_R","Bash","Flame Barrier+1","Flame Barrier","Entrench","Shrug It Off"],"relics":["Burning Blood","NeowsBlessing","Golden Idol","Paper Frog","Calipers"],"potions_floor_usage":[],"damage_taken":[{"damage":0,"enemies":"Small Slimes","floor":1,"turns":1},{"damage":0,"enemies":"Jaw Worm","floor":5,"turns":1},{"damage":0,"enemies":"3 Sentries","floor":6,"turns":1},{"damage":5,"enemies":"2 Louse","floor":7,"turns":3},{"damage":51,"enemies":"Exordium Thugs","floor":8,"turns":6},{"damage":11,"enemies":"Large Slime","floor":11,"turns":7},{"damage":5,"enemies":"Looter","floor":13,"turns":4},{"damage":66,"enemies":"Hexaghost","floor":16,"turns":14}],"seed_played":"-8557801385552554471","potions_obtained":[{"floor":5,"key":"SpeedPotion"},{"floor":6,"key":"SteroidPotion"},{"floor":8,"key":"SpeedPotion"}],"is_trial":false,"path_per_floor":["M","?","?","?","M","E","M","M","T","R","M","R","M","$","R","B"],"character_chosen":"IRONCLAD","items_purchased":["Shrug It Off"],"campfire_rested":2,"item_purchase_floors":[14],"current_hp_per_floor":[80,80,73,73,74,74,74,29,29,51,46,46,47,47,69,3],"gold":78,"neow_bonus":"THREE_ENEMY_KILL","is_prod":false,"is_daily":false,"chose_seed":false,"campfire_upgraded":1,"win_rate":0,"timestamp":1556953410,"path_taken":["M","?","?","?","M","E","M","M","T","R","?","R","M","$","R","BOSS"],"build_version":"2019-01-23","purchased_purges":1,"victory":false,"max_hp_per_floor":[80,80,80,74,74,74,74,74,74,74,74,74,74,74,74,74],"card_choices":[{"not_picked":["Perfected Strike","Burning Pact","Fire Breathing"],"picked":"SKIP","floor":1},{"not_picked":["Twin Strike","Perfected Strike","Shockwave"],"picked":"SKIP","floor":5},{"not_picked":["Intimidate","Armaments"],"picked":"Flame Barrier","floor":6},{"not_picked":["Headbutt","Fire Breathing","Pommel Strike"],"picked":"SKIP","floor":7},{"not_picked":["Thunderclap","Wild Strike"],"picked":"Flame Barrier","floor":8},{"not_picked":["Inflame","Flex","Headbutt"],"picked":"SKIP","floor":11},{"not_picked":["Wild Strike","Cleave"],"picked":"Entrench","floor":13}],"player_experience":161966,"relics_obtained":[{"floor":6,"key":"Paper Frog"},{"floor":9,"key":"Calipers"}],"event_choices":[{"cards_removed":["Defend_R"],"damage_healed":0,"gold_gain":0,"player_choice":"Forget","damage_taken":0,"max_hp_gain":0,"max_hp_loss":0,"event_name":"Living Wall","floor":2,"gold_loss":0},{"cards_removed":["Defend_R"],"damage_healed":0,"gold_gain":0,"player_choice":"Card Removal","damage_taken":7,"max_hp_gain":0,"max_hp_loss":0,"event_name":"Golden Wing","floor":3,"gold_loss":0},{"damage_healed":0,"gold_gain":0,"player_choice":"Lose Max HP","damage_taken":0,"relics_obtained":["Golden Idol"],"max_hp_gain":0,"max_hp_loss":6,"event_name":"Golden Idol","floor":4,"gold_loss":0}],"is_beta":false,"boss_relics":[],"items_purged_floors":[14],"is_endless":false,"potions_floor_spawned":[5,6,8],"killed_by":"Hexaghost","ascension_level":0}