{"gold_per_floor":[112,112,44,63,80,80,96,108,108,119,137,148,159,89,89,89],"floor_reached":16,"playtime":1237,"items_purged":[],"score":98,"play_id":"f182a67b-0c47-4e49-b03c-2332f7ad540f","local_time":"20190302084958","is_ascension_mode":false,"campfire_choices":[{"data":"Burning Pact","floor":6,"key":"SMITH"},{"data":"Armaments","floor":15,"key":"SMITH"}],"neow_cost":"NONE","seed_source_timestamp":293780965040117,"circlet_count":0,"master_deck":["Strike_R","Strike_R","Strike_R","Strike_R","Strike_R","Defend_R","Defend_R","Defend_R","Defend_R","Bash","Shockwave","Armaments+1","Shrug It Off","Burning Pact+1","Intimidate","Searing Blow","Juggernaut","Dropkick","Warcry","Power Through","Flex","Rampage","Ghostly Armor","Body Slam"],"relics":["Burning Blood","The Courier","Peace Pipe"],"potions_floor_usage":[16,16,16],"damage_taken":[{"damage":0,"enemies":"Small Slimes","floor":1,"turns":4},{"damage":5,"enemies":"2 Louse","floor":4,"turns":5},{"damage":8,"enemies":"Jaw Worm","floor":5,"turns":7},{"damage":2,"enemies":"3 Louse","floor":7,"turns":6},{"damage":8,"enemies":"2 Fungi Beasts","floor":8,"turns":6},{"damage":0,"enemies":"Large Slime","floor":10,"turns":6},{"damage":8,"enemies":"Gremlin Gang","floor":11,"turns":8},{"damage":10,"enemies":"3 Louse","floor":12,"turns":5},{"damage":19,"enemies":"Blue Slaver","floor":13,"turns":5},{"damage":63,"enemies":"Slime Boss","floor":16,"turns":8}],"seed_played":"7583142098087215211","potions_obtained":[{"floor":4,"key":"LiquidBronze"},{"floor":8,"key":"Energy Potion"},{"floor":11,"key":"EssenceOfSteel"}],"is_trial":false,"path_per_floor":["M","?","$","M","M","R","M","M","T","M","M","M","M","$","R","B"],"character_chosen":"IRONCLAD","items_purchased":["Shrug It Off","Burning Pact","Ghostly Armor","Body Slam"],"campfire_rested":0,"item_purchase_floors":[3,3,14,14],"current_hp_per_floor":[80,73,73,74,72,72,76,74,74,80,78,74,61,61,61,0],"gold":89,"neow_bonus":"THREE_CARDS","is_prod":false,"is_daily":false,"chose_seed":false,"campfire_upgraded":2,"win_rate":0,"timestamp":1551545398,"path_taken":["M","?","$","M","M","R","M","M","T","M","M","M","M","$","R","BOSS"],"build_version":"2019-01-23","purchased_purges":0,"victory":false,"max_hp_per_floor":[80,80,80,80,80,80,80,80,80,80,80,80,80,80,80,80],"card_choices":[{"not_picked":["Sword Boomerang","Havoc"],"picked":"Shockwave","floor":0},{"not_picked":["Pommel Strike","Headbutt"],"picked":"Armaments","floor":1},{"not_picked":["Wild Strike","Body Slam"],"picked":"Intimidate","floor":4},{"not_picked":["Rage","Cleave"],"picked":"Searing Blow","floor":5},{"not_picked":["Sever Soul","Pommel Strike"],"picked":"Juggernaut","floor":7},{"not_picked":["Shrug It Off","Dual Wield"],"picked":"Dropkick","floor":8},{"not_picked":["Thunderclap","Perfected Strike"],"picked":"Warcry","floor":10},{"not_picked":["Perfected Strike","Uppercut"],"picked":"Power Through","floor":11},{"not_picked":["Twin Strike","True Grit"],"picked":"Flex","floor":12},{"not_picked":["Perfected Strike","Twin Strike"],"picked":"Rampage","floor":13}],"player_experience":542867,"relics_obtained":[{"floor":9,"key":"Peace Pipe"}],"event_choices":[{"damage_healed":0,"gold_gain":0,"player_choice":"Success","damage_taken":7,"relics_obtained":["The Courier"],"max_hp_gain":0,"max_hp_loss":0,"event_name":"Scrap Ooze","floor":2,"gold_loss":0}],"is_beta":false,"boss_relics":[],"items_purged_floors":[],"is_endless":false,"potions_floor_spawned":[4,8,11],"killed_by":"Slime Boss","ascension_level":0}