{"gold_per_floor":[116,134,151,31,31,31,31,57,103,123,143,178,178,353,353,457,457,468,468,483,176,195,195],"floor_reached":23,"playtime":1705,"items_purged":["Strike_R","Doubt"],"score":266,"play_id":"68d58ca1-a49a-40fc-bb81-f5cdcc029d90","local_time":"20190205223046","is_ascension_mode":true,"campfire_choices":[{"data":"Uppercut","floor":6.0,"key":"SMITH"},{"data":"Whirlwind","floor":13.0,"key":"SMITH"},{"floor":15.0,"key":"REST"}],"neow_cost":"NONE","seed_source_timestamp":0,"circlet_count":0,"master_deck":["Defend_R","Defend_R","Defend_R","Uppercut+1","Thunderclap","Headbutt","Whirlwind+1","Battle Trance","Barricade","Exhume+1","Juggernaut+1","Body Slam+1","Combust","Bite","Bite","Bite","Bite","Bite","Shockwave"],"special_seed":0,"relics":["Burning Blood","Bag of Preparation","Potion Belt","Ancient Tea Set","Astrolabe","OrangePellets"],"potions_floor_usage":[22,22,22,22,23,23,23],"damage_taken":[{"damage":7.0,"enemies":"Jaw Worm","floor":1.0,"turns":3.0},{"damage":10.0,"enemies":"Cultist","floor":2.0,"turns":4.0},{"damage":0.0,"enemies":"2 Louse","floor":3.0,"turns":2.0},{"damage":6.0,"enemies":"Gremlin Nob","floor":8.0,"turns":3.0},{"damage":17.0,"enemies":"Large Slime","floor":10.0,"turns":5.0},{"damage":6.0,"enemies":"Red Slaver","floor":11.0,"turns":3.0},{"damage":30.0,"enemies":"Lagavulin","floor":12.0,"turns":5.0},{"damage":33.0,"enemies":"Slime Boss","floor":16.0,"turns":9.0},{"damage":22.0,"enemies":"Chosen","floor":18.0,"turns":6.0},{"damage":4.0,"enemies":"3 Byrds","floor":20.0,"turns":4.0},{"damage":32,"enemies":"3 Cultists","floor":22,"turns":6},{"damage":40,"enemies":"Book of Stabbing","floor":23,"turns":4}],"seed_played":"1775117309687889060","potions_obtained":[{"floor":0.0,"key":"FairyPotion"},{"floor":0.0,"key":"Weak Potion"},{"floor":0.0,"key":"Poison Potion"},{"floor":3.0,"key":"Strength Potion"},{"floor":8.0,"key":"Block Potion"},{"floor":10.0,"key":"Swift Potion"},{"floor":16.0,"key":"EntropicBrew"},{"floor":18.0,"key":"AttackPotion"}],"is_trial":false,"path_per_floor":["M","M","M","$","?","R","$","E","T","M","M","E","R","?","R","B",null,"M","?","M","$","M","E"],"character_chosen":"IRONCLAD","items_purchased":["Headbutt","OrangePellets"],"campfire_rested":1,"item_purchase_floors":[4,21],"current_hp_per_floor":[79,75,80,80,80,80,80,80,80,69,69,45,45,45,69,42,80,64,56,56,56,34,0],"gold":195,"neow_bonus":"THREE_SMALL_POTIONS","is_prod":false,"is_daily":false,"chose_seed":false,"campfire_upgraded":2,"win_rate":0,"timestamp":1549434646,"path_taken":["M","M","M","$","?","R","$","E","T","M","?","E","R","?","R","BOSS","M","?","M","$","M","E"],"build_version":"2019-01-23","purchased_purges":2,"victory":false,"max_hp_per_floor":[80,80,80,80,80,80,80,80,80,80,80,80,80,80,80,80,80,80,56,56,56,56,56],"card_choices":[{"not_picked":["Intimidate","Pommel Strike"],"picked":"Uppercut","floor":1.0},{"not_picked":["Pommel Strike","Twin Strike"],"picked":"Thunderclap","floor":2.0},{"not_picked":["Iron Wave","Clash","Armaments"],"picked":"SKIP","floor":3.0},{"not_picked":["Anger","Iron Wave","Twin Strike"],"picked":"SKIP","floor":8.0},{"not_picked":["Infernal Blade","Body Slam","Second Wind"],"picked":"SKIP","floor":10.0},{"not_picked":["Flex","Heavy Blade"],"picked":"Whirlwind","floor":11.0},{"not_picked":["Rage","Iron Wave"],"picked":"Battle Trance","floor":12.0},{"not_picked":["Exhume","Bludgeon"],"picked":"Barricade","floor":16.0},{"not_picked":["Heavy Blade+1","Clash"],"picked":"Combust","floor":18.0},{"not_picked":["Uppercut","Thunderclap","Sentinel"],"picked":"SKIP","floor":20.0},{"not_picked":["Flex","Havoc"],"picked":"Shockwave","floor":22}],"player_experience":522692,"relics_obtained":[{"floor":8.0,"key":"Bag of Preparation"},{"floor":9.0,"key":"Potion Belt"},{"floor":12.0,"key":"Ancient Tea Set"}],"event_choices":[{"cards_removed":["Defend_R"],"damage_healed":0.0,"max_hp_gain":0.0,"max_hp_loss":0.0,"gold_gain":0.0,"event_name":"Bonfire Elementals","player_choice":"Offered Basic","floor":5.0,"gold_loss":0.0,"damage_taken":0.0},{"damage_healed":0.0,"max_hp_gain":0.0,"max_hp_loss":0.0,"gold_gain":175.0,"event_name":"Liars Game","player_choice":"AGREE","floor":14.0,"gold_loss":0.0,"damage_taken":0.0,"cards_obtained":["Doubt"]},{"damage_healed":0.0,"max_hp_gain":0.0,"max_hp_loss":24.0,"gold_gain":0.0,"event_name":"Vampires","player_choice":"Became a vampire","floor":19.0,"gold_loss":0.0,"damage_taken":0.0,"cards_obtained":["Bite","Bite","Bite","Bite","Bite"]}],"is_beta":false,"boss_relics":[{"not_picked":["Tiny House","Philosopher\u0027s Stone"],"picked":"Astrolabe"}],"items_purged_floors":[4,21],"is_endless":false,"potions_floor_spawned":[3,8,10,16,18],"killed_by":"Book of Stabbing","ascension_level":4}