{"gold_per_floor":[113,91,91,103,116,116,133,133,133,161,161,161,179,193,193,298,348,365,60,70,88,3,3,63,63,114,130,130,143,154,173,173,278,278,291,33,49,49,49,49,49,49,49,65,165,195,195],"floor_reached":47,"playtime":2765,"items_purged":[],"score":550,"play_id":"4acded59-2933-4e45-a60f-0edd8c64bfdb","local_time":"20190407190134","is_ascension_mode":true,"campfire_choices":[{"data":"Metallicize","floor":6.0,"key":"SMITH"},{"data":"Body Slam","floor":8.0,"key":"SMITH"},{"data":"Double Tap","floor":12.0,"key":"SMITH"},{"data":"Shrug It Off","floor":15.0,"key":"SMITH"},{"data":"Seeing Red","floor":23.0,"key":"SMITH"},{"floor":25.0,"key":"REST"},{"floor":28.0,"key":"REST"},{"floor":32.0,"key":"REST"},{"floor":40.0,"key":"REST"},{"data":"Demon Form","floor":42.0,"key":"SMITH"}],"neow_cost":"NONE","seed_source_timestamp":0,"circlet_count":0,"master_deck":["Strike_R","Strike_R","Strike_R+1","Strike_R","Defend_R","Defend_R","Defend_R+1","Defend_R","Bash","Body Slam+1","Metallicize+1","Shrug It Off+1","Pommel Strike+1","Shrug It Off+1","Cleave+1","Double Tap+1","Finesse","Fiend Fire+1","Iron Wave+1","Impervious","Flex","Seeing Red+1","Inflame+1","Cleave+1","Demon Form+1","Shockwave+1","Iron Wave+1","Offering","Discovery","Good Instincts","Panache","Inflame","Iron Wave+1","Iron Wave+1"],"special_seed":0,"relics":["Burning Blood","Molten Egg 2","War Paint","Bronze Scales","Tiny House","Ice Cream","Smiling Mask","Tiny Chest","Happy Flower","Runic Cube","Bottled Tornado","Sundial","Torii","Blue Candle"],"potions_floor_usage":[47],"damage_taken":[{"damage":4.0,"enemies":"2 Louse","floor":1.0,"turns":3.0},{"damage":0.0,"enemies":"Cultist","floor":4.0,"turns":4.0},{"damage":1.0,"enemies":"Jaw Worm","floor":5.0,"turns":5.0},{"damage":11.0,"enemies":"Looter","floor":7.0,"turns":4.0},{"damage":4.0,"enemies":"3 Sentries","floor":10.0,"turns":8.0},{"damage":1.0,"enemies":"2 Fungi Beasts","floor":13.0,"turns":3.0},{"damage":1.0,"enemies":"3 Louse","floor":14.0,"turns":2.0},{"damage":38.0,"enemies":"Hexaghost","floor":16.0,"turns":9.0},{"damage":23.0,"enemies":"Spheric Guardian","floor":18.0,"turns":6.0},{"damage":8.0,"enemies":"Shell Parasite","floor":20.0,"turns":4.0},{"damage":26.0,"enemies":"Centurion and Healer","floor":21.0,"turns":6.0},{"damage":32.0,"enemies":"Slavers","floor":24.0,"turns":4.0},{"damage":30.0,"enemies":"Sentry and Sphere","floor":27.0,"turns":6.0},{"damage":6.0,"enemies":"3 Cultists","floor":29.0,"turns":3.0},{"damage":17.0,"enemies":"Centurion and Healer","floor":30.0,"turns":6.0},{"damage":8.0,"enemies":"Snake Plant","floor":31.0,"turns":3.0},{"damage":37.0,"enemies":"Automaton","floor":33.0,"turns":12.0},{"damage":11.0,"enemies":"Orb Walker","floor":35.0,"turns":4.0},{"damage":19.0,"enemies":"3 Darklings","floor":37.0,"turns":4.0},{"damage":25.0,"enemies":"Jaw Worm Horde","floor":44.0,"turns":4.0},{"damage":29.0,"enemies":"Mind Bloom Boss Battle","floor":45.0,"turns":5.0},{"damage":54.0,"enemies":"Nemesis","floor":46.0,"turns":5.0},{"damage":21,"enemies":"Writhing Mass","floor":47,"turns":2}],"seed_played":"-8099176884290915152","potions_obtained":[{"floor":1.0,"key":"FearPotion"},{"floor":10.0,"key":"Strength Potion"},{"floor":14.0,"key":"SneckoOil"},{"floor":17.0,"key":"FairyPotion"},{"floor":21.0,"key":"SkillPotion"},{"floor":27.0,"key":"SpeedPotion"},{"floor":29.0,"key":"Strength Potion"},{"floor":30.0,"key":"Ancient Potion"},{"floor":35.0,"key":"Swift Potion"},{"floor":46.0,"key":"Weak Potion"}],"is_trial":false,"path_per_floor":["M","$","?","M","M","R","M","R","T","E","?","R","M","M","R","B",null,"M","$","M","M","?","R","E","R","T","M","R","M","M","M","R","B",null,"M","$","M","?","?","R","?","R","T","M","?","E","M"],"character_chosen":"IRONCLAD","items_purchased":["Shrug It Off","Ice Cream","Bottled Tornado"],"campfire_rested":4,"item_purchase_floors":[2,19,36],"current_hp_per_floor":[80,80,77,80,80,80,75,75,75,77,77,77,80,80,80,48,85,68,68,66,46,46,46,20,45,45,21,46,46,35,33,58,27,85,80,80,67,67,57,82,82,82,82,63,40,14,0],"gold":195,"neow_bonus":"THREE_CARDS","is_prod":false,"is_daily":false,"chose_seed":false,"campfire_upgraded":6,"win_rate":0,"timestamp":1554656494,"path_taken":["M","$","?","M","M","R","M","R","T","E","?","R","?","M","R","BOSS","M","$","M","M","?","R","E","R","T","M","R","M","M","M","R","BOSS","M","$","M","?","?","R","?","R","T","M","?","E","M"],"build_version":"2019-01-23","purchased_purges":0,"victory":false,"max_hp_per_floor":[80,80,80,80,80,80,80,80,80,80,80,80,80,80,80,80,85,85,85,85,85,85,85,85,85,85,85,85,85,85,85,85,85,85,85,85,85,85,85,85,85,85,85,85,85,85,85],"card_choices":[{"not_picked":["Havoc","Seeing Red"],"picked":"Body Slam","floor":0.0},{"not_picked":["Carnage","Warcry"],"picked":"Metallicize","floor":1.0},{"not_picked":["Havoc","Wild Strike+1"],"picked":"Pommel Strike+1","floor":4.0},{"not_picked":["Clash+1","Havoc"],"picked":"Shrug It Off","floor":5.0},{"not_picked":["Havoc","Flex"],"picked":"Cleave+1","floor":7.0},{"not_picked":["Perfected Strike+1","Flex"],"picked":"Double Tap","floor":10.0},{"not_picked":["Sword Boomerang+1","Thunderclap+1","Perfected Strike+1"],"picked":"SKIP","floor":13.0},{"not_picked":["Thunderclap+1","Armaments"],"picked":"Iron Wave+1","floor":14.0},{"not_picked":["Limit Break","Fiend Fire+1"],"picked":"Impervious","floor":16.0},{"not_picked":["Headbutt+1","Sentinel"],"picked":"Flex","floor":17.0},{"not_picked":["Whirlwind+1","Burning Pact+1"],"picked":"Seeing Red","floor":18.0},{"not_picked":["Fire Breathing","Cleave+1"],"picked":"Inflame+1","floor":20.0},{"not_picked":["Warcry","Twin Strike+1"],"picked":"Cleave+1","floor":21.0},{"not_picked":["Fire Breathing","Perfected Strike+1"],"picked":"Demon Form","floor":24.0},{"not_picked":["Shrug It Off","True Grit"],"picked":"Shockwave+1","floor":27.0},{"not_picked":["Headbutt+1","Heavy Blade+1"],"picked":"Iron Wave+1","floor":29.0},{"not_picked":["Battle Trance","Perfected Strike+1","Offering"],"picked":"SKIP","floor":30.0},{"not_picked":["Heavy Blade+1","Warcry","Havoc"],"picked":"SKIP","floor":31.0},{"not_picked":["Brutality","Immolate+1"],"picked":"Offering","floor":33.0},{"not_picked":["Havoc+1","Shockwave","Ghostly Armor+1"],"picked":"SKIP","floor":35.0},{"not_picked":["Battle Trance+1","Thunderclap+1","Whirlwind+1"],"picked":"SKIP","floor":37.0},{"not_picked":["Forethought","Finesse"],"picked":"Discovery","floor":39.0},{"not_picked":["PanicButton","Secret Technique"],"picked":"Good Instincts","floor":39.0},{"not_picked":["HandOfGreed+1","PanicButton"],"picked":"Panache","floor":39.0},{"not_picked":["Rupture+1","Cleave+1"],"picked":"Inflame","floor":44.0},{"not_picked":["Havoc","Carnage+1"],"picked":"Iron Wave+1","floor":45.0},{"not_picked":["Berserk","Heavy Blade+1"],"picked":"Iron Wave+1","floor":46.0}],"player_experience":93640,"relics_obtained":[{"floor":9.0,"key":"War Paint"},{"floor":10.0,"key":"Bronze Scales"},{"floor":24.0,"key":"Tiny Chest"},{"floor":26.0,"key":"Happy Flower"},{"floor":43.0,"key":"Sundial"},{"floor":45.0,"key":"Torii"},{"floor":46.0,"key":"Blue Candle"}],"event_choices":[{"damage_healed":0.0,"max_hp_gain":0.0,"max_hp_loss":0.0,"gold_gain":0.0,"event_name":"Scrap Ooze","player_choice":"Success","floor":3.0,"gold_loss":0.0,"damage_taken":3.0,"relics_obtained":["Molten Egg 2"]},{"damage_healed":0.0,"max_hp_gain":0.0,"max_hp_loss":0.0,"gold_gain":0.0,"event_name":"Match and Keep!","player_choice":"2 cards matched","floor":11.0,"gold_loss":0.0,"damage_taken":0.0,"cards_obtained":["Finesse","Fiend Fire"]},{"damage_healed":0.0,"max_hp_gain":0.0,"max_hp_loss":0.0,"gold_gain":0.0,"event_name":"Addict","player_choice":"Obtained Relic","floor":22.0,"gold_loss":85.0,"damage_taken":0.0,"relics_obtained":["Smiling Mask"]},{"cards_removed":["Strike_R"],"damage_healed":0.0,"max_hp_gain":0.0,"max_hp_loss":0.0,"gold_gain":0.0,"event_name":"Falling","player_choice":"Removed Attack","floor":38.0,"gold_loss":0.0,"damage_taken":0.0},{"damage_healed":0.0,"max_hp_gain":0.0,"max_hp_loss":0.0,"gold_gain":0.0,"event_name":"SensoryStone","player_choice":"Memory 3","floor":39.0,"gold_loss":0.0,"damage_taken":10.0},{"damage_healed":0.0,"max_hp_gain":0.0,"max_hp_loss":0.0,"gold_gain":0.0,"event_name":"Mysterious Sphere","player_choice":"Ignored","floor":41.0,"gold_loss":0.0,"damage_taken":0.0},{"damage_healed":0.0,"max_hp_gain":0.0,"max_hp_loss":0.0,"gold_gain":0.0,"event_name":"MindBloom","player_choice":"Fight","floor":45.0,"gold_loss":0.0,"damage_taken":0.0}],"is_beta":false,"boss_relics":[{"not_picked":["Orrery","Black Blood"],"picked":"Tiny House"},{"not_picked":["Eternal Feather","Mark of Pain"],"picked":"Runic Cube"}],"items_purged_floors":[],"is_endless":false,"potions_floor_spawned":[1,10,14,21,27,29,30,31,35,46],"killed_by":"Writhing Mass","ascension_level":2}