{"gold_per_floor":[15,30,30,30,40,66,85,101,180,180,193,219,234,22,22,22],"floor_reached":16,"playtime":1162,"items_purged":[],"score":217,"play_id":"b985f069-6d94-4027-b559-6a447cbbb0c4","local_time":"20190619181326","is_ascension_mode":true,"campfire_choices":[{"floor":10,"key":"REST"},{"floor":15,"key":"REST"}],"neow_cost":"NO_GOLD","seed_source_timestamp":183940737406199,"circlet_count":0,"master_deck":["AscendersBane","Strike_R","Strike_R","Strike_R","Strike_R","Strike_R","Defend_R","Defend_R","Defend_R","Defend_R","Bash","Mind Blast","Thinking Ahead","Ghostly Armor","Armaments","Bash","Bludgeon","Havoc","Anger","Shrug It Off","Sword Boomerang","Carnage"],"relics":["Burning Blood","Pear","Self Forming Clay","Du-Vu Doll","Anchor"],"potions_floor_usage":[2,13,16],"damage_taken":[{"damage":12,"enemies":"Small Slimes","floor":1,"turns":4},{"damage":3,"enemies":"Cultist","floor":2,"turns":5},{"damage":11,"enemies":"Jaw Worm","floor":5,"turns":5},{"damage":40,"enemies":"Lagavulin","floor":6,"turns":8},{"damage":15,"enemies":"Red Slaver","floor":7,"turns":6},{"damage":6,"enemies":"3 Louse","floor":8,"turns":4},{"damage":0,"enemies":"Large Slime","floor":11,"turns":4},{"damage":44,"enemies":"3 Sentries","floor":12,"turns":12},{"damage":15,"enemies":"Gremlin Gang","floor":13,"turns":6},{"damage":38,"enemies":"Hexaghost","floor":16,"turns":9}],"seed_played":"8588758491088596242","potions_obtained":[{"floor":1,"key":"Swift Potion"},{"floor":2,"key":"Energy Potion"},{"floor":7,"key":"Weak Potion"},{"floor":13,"key":"Fire Potion"}],"is_trial":false,"path_per_floor":["M","M","?","$","M","E","M","M","T","R","M","E","M","$","R","B"],"character_chosen":"IRONCLAD","items_purchased":["Anchor","Carnage"],"campfire_rested":2,"item_purchase_floors":[14,14],"current_hp_per_floor":[62,65,65,65,60,36,27,27,27,52,58,20,11,11,36,0],"gold":22,"neow_bonus":"RANDOM_COLORLESS_2","is_prod":false,"is_daily":false,"chose_seed":false,"campfire_upgraded":0,"win_rate":0,"timestamp":1560978806,"path_taken":["M","M","?","$","?","E","M","M","T","R","M","E","M","?","R","BOSS"],"build_version":"2019-01-23","purchased_purges":0,"victory":false,"max_hp_per_floor":[75,75,75,75,75,85,85,85,85,85,85,85,85,85,85,85],"card_choices":[{"not_picked":["Perfected Strike","Pummel"],"picked":"Ghostly Armor","floor":1},{"not_picked":["Wild Strike","Sword Boomerang"],"picked":"Armaments","floor":2},{"not_picked":["Warcry","Infernal Blade"],"picked":"Bludgeon","floor":5},{"not_picked":["Sword Boomerang","Dual Wield"],"picked":"Havoc","floor":6},{"not_picked":["Infernal Blade","Twin Strike","Armaments"],"picked":"SKIP","floor":7},{"not_picked":["Combust","Perfected Strike"],"picked":"Anger","floor":8},{"not_picked":["Thunderclap","Perfected Strike","Combust"],"picked":"SKIP","floor":11},{"not_picked":["Body Slam","Iron Wave"],"picked":"Shrug It Off","floor":12},{"not_picked":["Cleave","Thunderclap"],"picked":"Sword Boomerang","floor":13}],"player_experience":1104748,"relics_obtained":[{"floor":6,"key":"Pear"},{"floor":9,"key":"Self Forming Clay"},{"floor":12,"key":"Du-Vu Doll"}],"event_choices":[{"damage_healed":0,"gold_gain":0,"player_choice":"1 cards matched","damage_taken":0,"max_hp_gain":0,"max_hp_loss":0,"event_name":"Match and Keep!","floor":3,"gold_loss":0,"cards_obtained":["Bash"]}],"is_beta":false,"boss_relics":[],"items_purged_floors":[],"is_endless":false,"potions_floor_spawned":[1,2,7,13],"killed_by":"Hexaghost","ascension_level":18}