{"gold_per_floor":[116,41,60,76,94,122,122,92,172,172,204,218,218,218,218,322,322,336,336,352,19,19,19,47,59,94,40,74,74,74,94,94,94],"floor_reached":33,"playtime":2258,"items_purged":["Strike_G"],"score":378,"play_id":"e9d946ac-2eed-418f-88d4-dfd68021e771","local_time":"20190415225853","is_ascension_mode":true,"campfire_choices":[{"data":"Poisoned Stab","floor":7,"key":"SMITH"},{"data":"Neutralize","floor":10,"key":"SMITH"},{"data":"Caltrops","floor":15,"key":"SMITH"},{"floor":23,"key":"REST"},{"floor":29,"key":"REST"},{"data":"Footwork","floor":32,"key":"SMITH"}],"neow_cost":"NONE","seed_source_timestamp":117689380222,"circlet_count":0,"master_deck":["Defend_G","Defend_G","Defend_G","Defend_G","Defend_G","Strike_G","Strike_G","Strike_G","Strike_G","Survivor","Neutralize+1","Acrobatics","Infinite Blades","Underhanded Strike","Dagger Spray","Poisoned Stab+1","Prepared","Caltrops+1","Parasite","Tools of the Trade","Predator+1","Footwork+1","Decay","Blur+1","Injury","Footwork","Crippling Poison"],"relics":["Ring of the Snake","NeowsBlessing","Du-Vu Doll","The Courier","Juzu Bracelet","Cursed Key","Thread and Needle","MawBank","Boot","Gremlin Horn"],"potions_floor_usage":[6,11,11,12,16,24,24,33,33],"damage_taken":[{"damage":0,"enemies":"Small Slimes","floor":1,"turns":1},{"damage":0,"enemies":"Cultist","floor":3,"turns":1},{"damage":0,"enemies":"Jaw Worm","floor":4,"turns":1},{"damage":0,"enemies":"3 Louse","floor":5,"turns":3},{"damage":21,"enemies":"3 Sentries","floor":6,"turns":8},{"damage":14,"enemies":"Gremlin Nob","floor":11,"turns":4},{"damage":6,"enemies":"Looter","floor":12,"turns":3},{"damage":24,"enemies":"Hexaghost","floor":16,"turns":8},{"damage":1,"enemies":"3 Byrds","floor":18,"turns":4},{"damage":16,"enemies":"Spheric Guardian","floor":20,"turns":4},{"damage":12,"enemies":"Book of Stabbing","floor":24,"turns":5},{"damage":29,"enemies":"Gremlin Leader","floor":28,"turns":7},{"damage":0,"enemies":"Centurion and Healer","floor":31,"turns":5},{"damage":61,"enemies":"Automaton","floor":33,"turns":12}],"seed_played":"-6597682730749062781","potions_obtained":[{"floor":3,"key":"Swift Potion"},{"floor":4,"key":"AttackPotion"},{"floor":8,"key":"SteroidPotion"},{"floor":8,"key":"EntropicBrew"},{"floor":11,"key":"EntropicBrew"},{"floor":16,"key":"Explosive Potion"},{"floor":18,"key":"Dexterity Potion"},{"floor":28,"key":"SteroidPotion"},{"floor":31,"key":"Regen Potion"}],"is_trial":false,"path_per_floor":["M","$","M","M","M","E","R","?","T","R","E","M","?","?","R","B",null,"M","?","M","$","?","R","E","?","T","$","E","R","?","M","R","B"],"character_chosen":"THE_SILENT","items_purchased":["Infinite Blades","Thread and Needle","Poison Potion","Footwork"],"campfire_rested":2,"item_purchase_floors":[2,21,21,27],"current_hp_per_floor":[63,63,63,63,63,42,42,42,42,42,28,22,39,62,62,38,62,61,61,45,45,45,66,54,54,54,54,25,46,46,46,46,0],"gold":94,"neow_bonus":"THREE_ENEMY_KILL","is_prod":false,"is_daily":false,"chose_seed":false,"campfire_upgraded":4,"win_rate":0,"timestamp":1555394333,"path_taken":["M","$","M","M","M","E","R","?","T","R","E","M","?","?","R","BOSS","M","?","M","$","?","R","E","?","T","$","E","R","?","M","R","BOSS"],"build_version":"2019-01-23","purchased_purges":1,"victory":false,"max_hp_per_floor":[70,70,70,70,70,70,70,70,70,70,70,70,70,70,70,70,70,70,70,70,70,70,70,70,70,70,70,70,70,70,70,70,70],"card_choices":[{"not_picked":["Distraction","Eviscerate"],"picked":"Acrobatics","floor":1},{"not_picked":["Slice","Calculated Gamble"],"picked":"Underhanded Strike","floor":3},{"not_picked":["Infinite Blades","Cloak And Dagger"],"picked":"Dagger Spray","floor":4},{"not_picked":["Deadly Poison","Escape Plan"],"picked":"Poisoned Stab","floor":5},{"not_picked":["Distraction","Masterful Stab"],"picked":"Prepared","floor":6},{"not_picked":["Dash","Quick Slash"],"picked":"Caltrops","floor":11},{"not_picked":["Bane","Blade Dance","Accuracy"],"picked":"SKIP","floor":12},{"not_picked":["Burst","Malaise"],"picked":"Tools of the Trade","floor":16},{"not_picked":["Flying Knee","Slice"],"picked":"Predator+1","floor":18},{"not_picked":["Reflex+1","PiercingWail"],"picked":"Footwork","floor":20},{"not_picked":["Deflect","Endless Agony"],"picked":"Blur+1","floor":24},{"not_picked":["Bane","Flying Knee","Sucker Punch"],"picked":"SKIP","floor":28},{"not_picked":["Terror","Bane"],"picked":"Crippling Poison","floor":31}],"player_experience":710442,"relics_obtained":[{"floor":6,"key":"Du-Vu Doll"},{"floor":9,"key":"The Courier"},{"floor":11,"key":"Juzu Bracelet"},{"floor":24,"key":"MawBank"},{"floor":26,"key":"Boot"},{"floor":28,"key":"Gremlin Horn"}],"event_choices":[{"damage_healed":0,"gold_gain":0,"player_choice":"Bought 2 Potions","damage_taken":0,"max_hp_gain":0,"max_hp_loss":0,"event_name":"The Woman in Blue","floor":8,"gold_loss":0},{"damage_healed":17,"gold_gain":0,"player_choice":"Healed and dodged fight","damage_taken":0,"max_hp_gain":0,"max_hp_loss":0,"event_name":"Mushrooms","floor":13,"gold_loss":0,"cards_obtained":["Parasite"]},{"damage_healed":23,"gold_gain":0,"player_choice":"Banana","damage_taken":0,"max_hp_gain":0,"max_hp_loss":0,"event_name":"Big Fish","floor":14,"gold_loss":0},{"damage_healed":0,"gold_gain":0,"player_choice":"Ignored","damage_taken":0,"max_hp_gain":0,"max_hp_loss":0,"event_name":"Vampires","floor":19,"gold_loss":0},{"damage_healed":0,"gold_gain":0,"player_choice":"Smashed Altar","damage_taken":0,"max_hp_gain":0,"max_hp_loss":0,"event_name":"Forgotten Altar","floor":22,"gold_loss":0,"cards_obtained":["Decay"]},{"damage_healed":0,"gold_gain":0,"player_choice":"Ignored","damage_taken":0,"max_hp_gain":0,"max_hp_loss":0,"event_name":"Beggar","floor":25,"gold_loss":0},{"damage_healed":0,"gold_gain":0,"player_choice":"Ignored","damage_taken":0,"max_hp_gain":0,"max_hp_loss":0,"event_name":"Ghosts","floor":30,"gold_loss":0}],"is_beta":false,"boss_relics":[{"not_picked":["Runic Dome","Empty Cage"],"picked":"Cursed Key"}],"items_purged_floors":[21],"is_endless":false,"potions_floor_spawned":[3,4,11,12,16,18,28,31],"killed_by":"Automaton","ascension_level":6}