{"gold_per_floor":[115,115,135,149,149,66,122,148,148,6,6,18,50,62,62,162,162,180,180,270,221,239,268,7,7,7,23,52,62,62,77,77,77],"floor_reached":33,"playtime":2980,"items_purged":["Strike_R"],"score":354,"play_id":"05eb7490-750f-4149-9cea-0f8d11ecd23d","local_time":"20190314082738","is_ascension_mode":true,"campfire_choices":[{"data":"Corruption","floor":11.0,"key":"SMITH"},{"floor":15.0,"key":"REST"},{"floor":25.0,"key":"REST"},{"data":"Armaments","floor":30.0,"key":"SMITH"},{"data":"Double Tap","floor":32.0,"key":"SMITH"}],"neow_cost":"NONE","seed_source_timestamp":0,"circlet_count":0,"master_deck":["Strike_R","Strike_R","Strike_R","Strike_R","Defend_R","Defend_R+1","Defend_R","Defend_R+1","Bash","Twin Strike","Corruption+1","Clash","Shockwave","Pommel Strike","Double Tap+1","Flame Barrier","True Grit","Rage","Offering","Immolate","Armaments+1","Burning Pact","Pommel Strike+1","Shrug It Off","Feed","Body Slam+1","Shrug It Off+1","Shrug It Off","Metallicize"],"special_seed":0,"relics":["Burning Blood","War Paint","Ancient Tea Set","Tiny Chest","Bronze Scales","Blood Vial","Lantern","Philosopher\u0027s Stone","Enchiridion","Gremlin Horn","Bird Faced Urn","Molten Egg 2"],"potions_floor_usage":[33],"damage_taken":[{"damage":6.0,"enemies":"Jaw Worm","floor":1.0,"turns":4.0},{"damage":10.0,"enemies":"Cultist","floor":3.0,"turns":4.0},{"damage":0.0,"enemies":"Small Slimes","floor":4.0,"turns":3.0},{"damage":30.0,"enemies":"Lagavulin","floor":8.0,"turns":6.0},{"damage":8.0,"enemies":"Exordium Thugs","floor":12.0,"turns":4.0},{"damage":30.0,"enemies":"3 Sentries","floor":13.0,"turns":7.0},{"damage":0.0,"enemies":"Blue Slaver","floor":14.0,"turns":3.0},{"damage":18.0,"enemies":"Slime Boss","floor":16.0,"turns":6.0},{"damage":6.0,"enemies":"Spheric Guardian","floor":18.0,"turns":3.0},{"damage":10.0,"enemies":"3 Byrds","floor":22.0,"turns":2.0},{"damage":39.0,"enemies":"Slavers","floor":23.0,"turns":4.0},{"damage":6.0,"enemies":"Snake Plant","floor":27.0,"turns":2.0},{"damage":19.0,"enemies":"Gremlin Leader","floor":28.0,"turns":6.0},{"damage":11.0,"enemies":"Centurion and Healer","floor":29.0,"turns":9.0},{"damage":6.0,"enemies":"Snecko","floor":31.0,"turns":1.0},{"damage":84,"enemies":"Champ","floor":33,"turns":10}],"seed_played":"-911975719828507771","potions_obtained":[{"floor":4.0,"key":"Explosive Potion"},{"floor":12.0,"key":"FearPotion"},{"floor":13.0,"key":"EssenceOfSteel"},{"floor":14.0,"key":"PowerPotion"},{"floor":22.0,"key":"Regen Potion"},{"floor":28.0,"key":"GamblersBrew"}],"is_trial":false,"path_per_floor":["M","?","M","M","?","$","T","E","T","$","R","M","E","M","R","B",null,"M","?","?","$","M","E","$","R","T","M","E","M","R","M","R","B"],"character_chosen":"IRONCLAD","items_purchased":["Shockwave","Pommel Strike","Flame Barrier","Armaments","Shrug It Off","Weak Potion","Feed"],"campfire_rested":2,"item_purchase_floors":[6,6,10,21,24,24,24],"current_hp_per_floor":[80,80,76,80,80,80,80,56,56,56,56,56,34,42,66,56,80,80,64,48,48,46,27,27,51,51,61,54,58,58,62,62,0],"gold":77,"neow_bonus":"RANDOM_COMMON_RELIC","is_prod":false,"is_daily":false,"chose_seed":false,"campfire_upgraded":3,"win_rate":0,"timestamp":1552577258,"path_taken":["M","?","?","M","?","$","?","E","T","$","R","M","E","M","R","BOSS","BOSS","M","?","?","$","M","E","$","R","T","M","E","M","R","M","R","BOSS"],"build_version":"2019-01-23","purchased_purges":1,"victory":false,"max_hp_per_floor":[80,80,80,80,80,80,80,80,80,80,80,80,80,80,80,80,80,80,80,80,80,80,80,80,80,80,84,84,87,87,87,87,87],"card_choices":[{"not_picked":["Ghostly Armor","Clothesline"],"picked":"Twin Strike","floor":1.0},{"not_picked":["Perfected Strike","Pommel Strike"],"picked":"Clash","floor":3.0},{"not_picked":["True Grit","Twin Strike"],"picked":"Pommel Strike","floor":4.0},{"not_picked":["Wild Strike","Uppercut"],"picked":"Double Tap","floor":8.0},{"not_picked":["Twin Strike","Thunderclap"],"picked":"True Grit","floor":12.0},{"not_picked":["Anger","Sword Boomerang"],"picked":"Rage","floor":13.0},{"not_picked":["Twin Strike","Heavy Blade"],"picked":"Offering","floor":14.0},{"not_picked":["Fiend Fire","Juggernaut"],"picked":"Immolate","floor":16.0},{"not_picked":["Cleave+1","Wild Strike","Reckless Charge"],"picked":"SKIP","floor":18.0},{"not_picked":["Body Slam","Thunderclap"],"picked":"Burning Pact","floor":22.0},{"not_picked":["Seeing Red","Infernal Blade"],"picked":"Pommel Strike+1","floor":23.0},{"not_picked":["Clothesline","Second Wind"],"picked":"Body Slam+1","floor":27.0},{"not_picked":["Thunderclap","Headbutt"],"picked":"Shrug It Off+1","floor":28.0},{"not_picked":["Warcry","Shockwave"],"picked":"Shrug It Off","floor":29.0},{"not_picked":["Pommel Strike+1","Perfected Strike+1"],"picked":"Metallicize","floor":31.0}],"player_experience":604908,"relics_obtained":[{"floor":7.0,"key":"Tiny Chest"},{"floor":8.0,"key":"Bronze Scales"},{"floor":9.0,"key":"Blood Vial"},{"floor":13.0,"key":"Lantern"},{"floor":19.0,"key":"Enchiridion"},{"floor":23.0,"key":"Gremlin Horn"},{"floor":26.0,"key":"Bird Faced Urn"},{"floor":28.0,"key":"Molten Egg 2"}],"event_choices":[{"damage_healed":0.0,"max_hp_gain":0.0,"max_hp_loss":0.0,"gold_gain":0.0,"event_name":"Match and Keep!","player_choice":"1 cards matched","floor":2.0,"gold_loss":0.0,"damage_taken":0.0,"cards_obtained":["Corruption"]},{"cards_removed":["Pommel Strike"],"damage_healed":0.0,"max_hp_gain":0.0,"max_hp_loss":0.0,"gold_gain":0.0,"event_name":"WeMeetAgain","player_choice":"Gave Card","floor":5.0,"gold_loss":0.0,"damage_taken":0.0,"relics_obtained":["Ancient Tea Set"]},{"damage_healed":0.0,"max_hp_gain":0.0,"max_hp_loss":0.0,"gold_gain":0.0,"event_name":"Cursed Tome","player_choice":"Obtained Book","floor":19.0,"gold_loss":0.0,"damage_taken":16.0},{"damage_healed":0.0,"max_hp_gain":0.0,"max_hp_loss":0.0,"gold_gain":90.0,"event_name":"Knowing Skull","player_choice":"GOLD ","floor":20.0,"potions_obtained":[],"gold_loss":0.0,"damage_taken":16.0,"cards_obtained":[]}],"is_beta":false,"boss_relics":[{"not_picked":["Cursed Key","Coffee Dripper"],"picked":"Philosopher\u0027s Stone"}],"items_purged_floors":[10],"is_endless":false,"potions_floor_spawned":[4,12,13,14,22,28],"killed_by":"Champ","ascension_level":4}