{"gold_per_floor":[209,229,229,229,239,239,269,284,310,335,346,326,341,369,369,465,465,485,505,505,505,521,521,539,539,562,562],"floor_reached":27,"playtime":1823,"items_purged":[],"score":282,"play_id":"73074056-3e9b-4adc-8199-74819359c5a3","local_time":"20190601182435","is_ascension_mode":true,"campfire_choices":[{"data":"Dualcast","floor":6,"key":"SMITH"},{"floor":15,"key":"REST"},{"floor":23,"key":"REST"},{"data":"Recycle","floor":25,"key":"SMITH"}],"neow_cost":"NONE","seed_source_timestamp":1247028254132681,"circlet_count":0,"master_deck":["Strike_B","Strike_B","Strike_B","Defend_B","Defend_B","Defend_B","Defend_B","Zap+1","Dualcast+1","Cold Snap","Redo+1","Skim","Darkness","Sunder","Self Repair","Conserve Battery","Recycle+1","White Noise","Buffer","Chill+1","Compile Driver","Zap+1"],"relics":["FrozenCore","Potion Belt","Orichalcum","Happy Flower","Thread and Needle","Anchor"],"potions_floor_usage":[10,14,22,24],"damage_taken":[{"damage":0,"enemies":"Small Slimes","floor":1,"turns":3},{"damage":0,"enemies":"2 Louse","floor":2,"turns":2},{"damage":0,"enemies":"Cultist","floor":5,"turns":3},{"damage":16,"enemies":"3 Sentries","floor":7,"turns":7},{"damage":7,"enemies":"Red Slaver","floor":8,"turns":3},{"damage":15,"enemies":"Lagavulin","floor":10,"turns":5},{"damage":4,"enemies":"Looter","floor":11,"turns":3},{"damage":5,"enemies":"Gremlin Gang","floor":13,"turns":4},{"damage":3,"enemies":"3 Sentries","floor":14,"turns":6},{"damage":7,"enemies":"Slime Boss","floor":16,"turns":8},{"damage":0,"enemies":"Spheric Guardian","floor":18,"turns":6},{"damage":0,"enemies":"Shell Parasite","floor":19,"turns":7},{"damage":54,"enemies":"3 Cultists","floor":22,"turns":7},{"damage":0,"enemies":"Snecko","floor":24,"turns":5},{"damage":61,"enemies":"Slavers","floor":27,"turns":4}],"seed_played":"709444044353159434","potions_obtained":[{"floor":7,"key":"Fire Potion"},{"floor":11,"key":"Energy Potion"},{"floor":13,"key":"Swift Potion"},{"floor":16,"key":"Poison Potion"},{"floor":19,"key":"Ancient Potion"},{"floor":22,"key":"GamblersBrew"}],"is_trial":false,"path_per_floor":["M","M","?","?","M","R","E","M","T","E","M","?","M","E","R","B",null,"M","M","?","?","M","R","M","R","T","E"],"character_chosen":"DEFECT","items_purchased":[],"campfire_rested":2,"item_purchase_floors":[],"current_hp_per_floor":[75,75,68,53,53,53,37,30,30,15,18,18,13,17,39,39,75,75,75,75,75,28,50,57,57,57,0],"gold":562,"neow_bonus":"HUNDRED_GOLD","is_prod":false,"is_daily":false,"chose_seed":false,"campfire_upgraded":2,"win_rate":0,"timestamp":1559424275,"path_taken":["M","M","?","?","M","R","E","M","T","E","M","?","M","E","R","BOSS","M","M","?","?","M","R","?","R","T","E"],"build_version":"2019-01-23","purchased_purges":0,"victory":false,"max_hp_per_floor":[75,75,75,75,75,75,75,75,75,75,75,75,75,75,75,75,75,75,75,75,75,75,75,75,75,75,75],"card_choices":[{"not_picked":["Coolheaded","Rebound"],"picked":"Cold Snap","floor":1},{"not_picked":["Hologram","Coolheaded"],"picked":"Redo","floor":2},{"not_picked":["Rebound","Storm"],"picked":"Skim","floor":5},{"not_picked":["Beam Cell","Hello World"],"picked":"Darkness","floor":7},{"not_picked":["Steam Power","Streamline"],"picked":"Sunder","floor":8},{"not_picked":["Turbo","Heatsinks"],"picked":"Self Repair","floor":10},{"not_picked":["Streamline","Skim"],"picked":"Conserve Battery","floor":11},{"not_picked":["Stack","Barrage"],"picked":"Recycle","floor":13},{"not_picked":["Aggregate","Heatsinks"],"picked":"White Noise","floor":14},{"not_picked":["Rainbow","Hyperbeam"],"picked":"Buffer","floor":16},{"not_picked":["Stack","Steam+1","Turbo+1"],"picked":"SKIP","floor":18},{"not_picked":["Redo","Compile Driver"],"picked":"Chill+1","floor":19},{"not_picked":["Turbo+1","Redo","Compile Driver"],"picked":"SKIP","floor":22},{"not_picked":["Compile Driver","Barrage+1","Skim"],"picked":"SKIP","floor":24}],"player_experience":855819,"relics_obtained":[{"floor":7,"key":"Potion Belt"},{"floor":9,"key":"Orichalcum"},{"floor":10,"key":"Happy Flower"},{"floor":14,"key":"Thread and Needle"},{"floor":26,"key":"Anchor"}],"event_choices":[{"cards_removed":["Strike_B"],"damage_healed":0,"gold_gain":0,"player_choice":"Card Removal","damage_taken":7,"max_hp_gain":0,"max_hp_loss":0,"event_name":"Golden Wing","floor":3,"gold_loss":0},{"damage_healed":0,"gold_gain":0,"player_choice":"Entered Light","damage_taken":15,"max_hp_gain":0,"max_hp_loss":0,"event_name":"Shining Light","floor":4,"gold_loss":0,"cards_upgraded":["Zap","Redo"]},{"damage_healed":0,"gold_gain":0,"player_choice":"Left Gold","damage_taken":0,"max_hp_gain":0,"max_hp_loss":0,"event_name":"World of Goop","floor":12,"gold_loss":20},{"damage_healed":0,"gold_gain":0,"player_choice":"Read","damage_taken":0,"max_hp_gain":0,"max_hp_loss":0,"event_name":"The Library","floor":20,"gold_loss":0,"cards_obtained":["Compile Driver"]},{"damage_healed":0,"gold_gain":0,"player_choice":"Copied","damage_taken":0,"max_hp_gain":0,"max_hp_loss":0,"event_name":"Duplicator","floor":21,"gold_loss":0,"cards_obtained":["Zap"]}],"is_beta":false,"boss_relics":[{"not_picked":["Runic Pyramid","Astrolabe"],"picked":"FrozenCore"}],"items_purged_floors":[],"is_endless":false,"potions_floor_spawned":[7,11,13,16,19,22],"killed_by":"Slavers","ascension_level":4}