{"gold_per_floor":[116,136,20,36,36,36,36,36,36,36,50,79,79,79,79,178,178,194,154,28,48,61,61,71,6,29,42,55,71,90,103,103,207,257,271,271,271,281,9,9,9,9,89,102,102,121,145,157,157,157],"floor_reached":50,"playtime":3268,"items_purged":[],"score":521,"play_id":"e35966c7-2048-466b-b388-6286fa9d0677","local_time":"20190302082859","is_ascension_mode":false,"campfire_choices":[{"data":"Demon Form","floor":6,"key":"SMITH"},{"data":"Rage","floor":10,"key":"SMITH"},{"floor":15,"key":"REST"},{"floor":23,"key":"REST"},{"floor":32,"key":"REST"},{"floor":40,"key":"REST"},{"floor":42,"key":"REST"},{"floor":45,"key":"REST"},{"floor":49,"key":"REST"}],"neow_cost":"NONE","seed_source_timestamp":290490142678964,"circlet_count":0,"master_deck":["Strike_R+1","Strike_R","Strike_R","Defend_R","Defend_R+1","Defend_R","Bash","Shrug It Off","Demon Form+1","True Grit","Dramatic Entrance","Rage+1","Offering","Iron Wave+1","Sentinel+1","Rage+1","Armaments+1","Ghostly Armor+1","Inflame","Heavy Blade","Whirlwind+1","Evolve","Seeing Red","Intimidate","Battle Trance","Shrug It Off+1","Reaper","Heavy Blade+1","Uppercut","Enlightenment","Flex","Shrug It Off","Battle Trance","Berserk","Burning Pact+1"],"relics":["Burning Blood","Strawberry","The Courier","Red Skull","Dead Branch","Astrolabe","Pen Nib","Tiny House","Pear","Charon\u0027s Ashes","Dodecahedron","Vajra"],"potions_floor_usage":[12,16,18,21,22,28,29,33,35,46],"damage_taken":[{"damage":9,"enemies":"Jaw Worm","floor":1,"turns":4},{"damage":5,"enemies":"Small Slimes","floor":2,"turns":5},{"damage":0,"enemies":"2 Louse","floor":4,"turns":3},{"damage":0,"enemies":"2 Fungi Beasts","floor":11,"turns":4},{"damage":21,"enemies":"3 Sentries","floor":12,"turns":8},{"damage":32,"enemies":"Slime Boss","floor":16,"turns":9},{"damage":13,"enemies":"Chosen","floor":18,"turns":5},{"damage":24,"enemies":"Spheric Guardian","floor":21,"turns":6},{"damage":24,"enemies":"Centurion and Healer","floor":22,"turns":8},{"damage":23,"enemies":"Sentry and Sphere","floor":24,"turns":6},{"damage":16,"enemies":"Cultist and Chosen","floor":27,"turns":5},{"damage":2,"enemies":"Snecko","floor":28,"turns":4},{"damage":19,"enemies":"Centurion and Healer","floor":29,"turns":5},{"damage":14,"enemies":"Chosen and Byrds","floor":30,"turns":7},{"damage":14,"enemies":"Shelled Parasite and Fungi","floor":31,"turns":5},{"damage":44,"enemies":"Champ","floor":33,"turns":14},{"damage":43,"enemies":"3 Shapes","floor":35,"turns":2},{"damage":49,"enemies":"3 Darklings","floor":38,"turns":7},{"damage":85,"enemies":"Transient","floor":44,"turns":5},{"damage":29,"enemies":"Jaw Worm Horde","floor":46,"turns":4},{"damage":56,"enemies":"Spire Growth","floor":48,"turns":5},{"damage":110,"enemies":"Awakened One","floor":50,"turns":5}],"seed_played":"-5498541596539841137","potions_obtained":[{"floor":11,"key":"Dexterity Potion"},{"floor":12,"key":"FearPotion"},{"floor":16,"key":"EssenceOfSteel"},{"floor":18,"key":"Block Potion"},{"floor":21,"key":"Dexterity Potion"},{"floor":27,"key":"AttackPotion"},{"floor":28,"key":"Strength Potion"},{"floor":31,"key":"Fire Potion"},{"floor":34,"key":"Weak Potion"},{"floor":44,"key":"Energy Potion"}],"is_trial":false,"path_per_floor":["M","M","$","M","?","R","T","?","T","R","M","E","?","?","R","B",null,"M","?","$","M","M","R","M","$","T","M","M","M","M","M","R","B",null,"M","?","T","M","$","R","?","R","T","M","R","M","T","M","R","B"],"character_chosen":"IRONCLAD","items_purchased":["True Grit","Dramatic Entrance","Ghostly Armor","Inflame","Seeing Red","Charon\u0027s Ashes","Shrug It Off"],"campfire_rested":7,"item_purchase_floors":[3,3,20,20,25,39,39],"current_hp_per_floor":[85,86,86,88,88,88,95,100,100,100,100,85,78,78,100,74,100,93,93,93,75,57,87,70,70,70,60,64,51,43,35,65,27,105,74,74,84,59,59,93,93,115,115,36,70,47,47,29,63,0],"gold":157,"neow_bonus":"TEN_PERCENT_HP_BONUS","is_prod":false,"is_daily":false,"chose_seed":false,"campfire_upgraded":2,"win_rate":0,"timestamp":1551544139,"path_taken":["M","M","$","M","?","R","?","?","T","R","M","E","?","?","R","BOSS","M","?","$","M","M","R","M","$","T","M","M","M","?","M","R","BOSS","M","?","?","?","$","R","?","R","T","M","R","?","?","M","R","BOSS"],"build_version":"2019-01-23","purchased_purges":0,"victory":false,"max_hp_per_floor":[88,88,88,88,88,88,95,100,100,100,100,100,100,100,100,100,100,100,100,100,100,100,100,100,100,100,100,100,100,100,100,100,100,105,105,105,115,115,115,115,115,115,115,115,115,115,115,115,115,115],"card_choices":[{"not_picked":["Metallicize","Flex"],"picked":"Shrug It Off","floor":1},{"not_picked":["Twin Strike","Thunderclap"],"picked":"Demon Form","floor":2},{"not_picked":["Wild Strike","Carnage"],"picked":"Rage","floor":4},{"not_picked":["Body Slam","Heavy Blade","Perfected Strike"],"picked":"SKIP","floor":11},{"not_picked":["Sentinel","Headbutt"],"picked":"Demon Form","floor":12},{"not_picked":["Brutality","Barricade"],"picked":"Offering","floor":16},{"not_picked":["Shockwave","Heavy Blade"],"picked":"Armaments+1","floor":18},{"not_picked":["Feel No Pain+1","Clash"],"picked":"Heavy Blade","floor":21},{"not_picked":["Havoc","Body Slam"],"picked":"Whirlwind+1","floor":22},{"not_picked":["True Grit","Combust"],"picked":"Evolve","floor":24},{"not_picked":["Warcry","Metallicize+1"],"picked":"Intimidate","floor":27},{"not_picked":["Pommel Strike+1","Sentinel"],"picked":"Battle Trance","floor":28},{"not_picked":["Hemokinesis","Feel No Pain"],"picked":"Shrug It Off+1","floor":29},{"not_picked":["Headbutt","Havoc","Iron Wave"],"picked":"SKIP","floor":30},{"not_picked":["Warcry","Armaments","Thunderclap"],"picked":"SKIP","floor":31},{"not_picked":["Dark Embrace","Demon Form"],"picked":"Reaper","floor":33},{"not_picked":["Cleave","Disarm"],"picked":"Heavy Blade+1","floor":34},{"not_picked":["Perfected Strike","Havoc"],"picked":"Uppercut","floor":35},{"not_picked":["Purity","Impatience"],"picked":"Enlightenment","floor":36},{"not_picked":["Cleave+1","Armaments"],"picked":"Flex","floor":38},{"not_picked":["Pommel Strike","Iron Wave"],"picked":"Battle Trance","floor":44},{"not_picked":["Armaments+1","Anger"],"picked":"Berserk","floor":46},{"not_picked":["Wild Strike","Inflame"],"picked":"Burning Pact+1","floor":48}],"player_experience":539599,"relics_obtained":[{"floor":7,"key":"Strawberry"},{"floor":9,"key":"The Courier"},{"floor":12,"key":"Red Skull"},{"floor":26,"key":"Pen Nib"},{"floor":37,"key":"Pear"},{"floor":43,"key":"Dodecahedron"},{"floor":47,"key":"Vajra"}],"event_choices":[{"damage_healed":0,"gold_gain":0,"player_choice":"Ignored","damage_taken":0,"max_hp_gain":0,"max_hp_loss":0,"event_name":"Liars Game","floor":5,"gold_loss":0},{"damage_healed":0,"gold_gain":0,"player_choice":"Donut","damage_taken":0,"max_hp_gain":5,"max_hp_loss":0,"event_name":"Big Fish","floor":8,"gold_loss":0},{"damage_healed":0,"gold_gain":0,"player_choice":"Success","damage_taken":7,"relics_obtained":["Dead Branch"],"max_hp_gain":0,"max_hp_loss":0,"event_name":"Scrap Ooze","floor":13,"gold_loss":0},{"damage_healed":0,"gold_gain":0,"player_choice":"Ignored","damage_taken":0,"max_hp_gain":0,"max_hp_loss":0,"event_name":"Golden Wing","floor":14,"gold_loss":0},{"damage_healed":0,"gold_gain":0,"player_choice":"Upgraded Two","damage_taken":0,"max_hp_gain":0,"max_hp_loss":0,"event_name":"Designer","floor":19,"gold_loss":40,"cards_upgraded":["Strike_R","Defend_R"]},{"damage_healed":0,"gold_gain":0,"player_choice":"Memory 1","damage_taken":0,"max_hp_gain":0,"max_hp_loss":0,"event_name":"SensoryStone","floor":36,"gold_loss":0},{"cards_removed":["Defend_R"],"damage_healed":0,"gold_gain":0,"player_choice":"Offered Basic","damage_taken":0,"max_hp_gain":0,"max_hp_loss":0,"event_name":"Bonfire Elementals","floor":41,"gold_loss":0}],"is_beta":false,"boss_relics":[{"not_picked":["Snecko Eye","Calling Bell"],"picked":"Astrolabe"},{"not_picked":["White Beast Statue","Runic Dome"],"picked":"Tiny House"}],"items_purged_floors":[],"is_endless":false,"potions_floor_spawned":[11,12,16,18,21,27,28,31,44],"killed_by":"Awakened One","ascension_level":0}