{"gold_per_floor":[116,146,146,160,5,5,40,66,90,90,90,15,33,46,46,145,145,159,9,9,27,80,110,110,121,121,154,154,154,189,288,288,392,442,455,466,292,292,308,343,343,88,88,88,106,121,132,149,149,149],"floor_reached":50,"playtime":3110,"items_purged":["Strike_G","Writhe"],"score":741,"play_id":"74cf20d4-47aa-447a-913b-f430f9af35f7","local_time":"20181206143129","is_ascension_mode":true,"campfire_choices":[{"data":"Neutralize","floor":6.0,"key":"SMITH"},{"data":"Dagger Spray","floor":11.0,"key":"SMITH"},{"data":"Poisoned Stab","floor":15.0,"key":"SMITH"},{"data":"Envenom","floor":24.0,"key":"SMITH"},{"data":"Poisoned Stab","floor":28.0,"key":"SMITH"},{"data":"Poisoned Stab","floor":32.0,"key":"SMITH"},{"data":"Tools of the Trade","floor":41,"key":"SMITH"},{"floor":49,"key":"REST"}],"neow_cost":"NONE","seed_source_timestamp":0,"circlet_count":0,"master_deck":["Defend_G+1","Defend_G","Defend_G","Strike_G","Strike_G","Strike_G","Survivor","Neutralize+1","Poisoned Stab+1","Poisoned Stab+1","Dagger Spray+1","Poisoned Stab+1","Escape Plan","Envenom+1","Bane+1","Tools of the Trade+1","Escape Plan","Poisoned Stab+1","Backflip+1","Deadly Poison+1"],"special_seed":0,"relics":["Ring of the Snake","NeowsBlessing","Tiny Chest","Anchor","Gambling Chip","Odd Mushroom","Snake Skull","Busted Crown","Bag of Marbles","Oddly Smooth Stone","Regal Pillow","Blue Candle","Blood Vial","Mango","Bottled Flame","Tiny House","Art of War","Bottled Tornado","Dead Branch","Sundial"],"potions_floor_usage":[40,40,45,48,48],"damage_taken":[{"damage":0.0,"enemies":"Jaw Worm","floor":1.0,"turns":1.0},{"damage":0.0,"enemies":"Small Slimes","floor":4.0,"turns":1.0},{"damage":0.0,"enemies":"3 Sentries","floor":7.0,"turns":1.0},{"damage":0.0,"enemies":"The Mushroom Lair","floor":8.0,"turns":2.0},{"damage":0.0,"enemies":"2 Louse","floor":13.0,"turns":1.0},{"damage":3.0,"enemies":"Exordium Wildlife","floor":14.0,"turns":4.0},{"damage":7.0,"enemies":"Slime Boss","floor":16.0,"turns":10.0},{"damage":0.0,"enemies":"3 Byrds","floor":18.0,"turns":4.0},{"damage":0.0,"enemies":"Shell Parasite","floor":21.0,"turns":3.0},{"damage":0.0,"enemies":"Slavers","floor":23.0,"turns":5.0},{"damage":12.0,"enemies":"Snake Plant","floor":25.0,"turns":3.0},{"damage":0.0,"enemies":"Gremlin Leader","floor":27.0,"turns":2.0},{"damage":1.0,"enemies":"Slavers","floor":30.0,"turns":3.0},{"damage":38.0,"enemies":"Collector","floor":33.0,"turns":5.0},{"damage":0,"enemies":"Orb Walker","floor":35,"turns":2},{"damage":0,"enemies":"3 Shapes","floor":36,"turns":2},{"damage":36,"enemies":"Sphere and 2 Shapes","floor":39,"turns":6},{"damage":0,"enemies":"Reptomancer","floor":40,"turns":5},{"damage":17,"enemies":"Jaw Worm Horde","floor":45,"turns":4},{"damage":0,"enemies":"Transient","floor":46,"turns":5},{"damage":4,"enemies":"Sphere and 2 Shapes","floor":47,"turns":3},{"damage":14,"enemies":"4 Shapes","floor":48,"turns":6},{"damage":71,"enemies":"Donu and Deca","floor":50,"turns":9}],"seed_played":"4668911569945110252","potions_obtained":[{"floor":7.0,"key":"AttackPotion"},{"floor":8.0,"key":"Ancient Potion"},{"floor":13.0,"key":"Fire Potion"},{"floor":25.0,"key":"Swift Potion"},{"floor":27.0,"key":"Swift Potion"},{"floor":33.0,"key":"EssenceOfSteel"},{"floor":34,"key":"GamblersBrew"},{"floor":39,"key":"Fire Potion"},{"floor":45,"key":"SkillPotion"},{"floor":47,"key":"Swift Potion"}],"is_trial":false,"path_per_floor":["M","?","?","M","$","R","E","?","T","?","R","$","M","M","R","B",null,"M","$","?","M","T","E","R","M","T","E","R","?","E","?","R","B",null,"M","M","$","?","M","E","R","$","T","T","M","M","M","M","R","B"],"character_chosen":"THE_SILENT","items_purchased":["Anchor","Bag of Marbles","Escape Plan","Bottled Tornado"],"campfire_rested":1,"item_purchase_floors":[5,19,37,42],"current_hp_per_floor":[70,67,67,67,67,67,67,67,67,60,60,60,60,57,57,50,70,70,70,70,70,70,70,70,58,58,58,58,72,73,73,73,37,89,89,89,89,89,53,55,55,55,55,55,40,42,40,28,69,0],"gold":149,"neow_bonus":"THREE_ENEMY_KILL","is_prod":false,"is_daily":false,"chose_seed":false,"campfire_upgraded":7,"win_rate":0,"timestamp":1544121089,"path_taken":["M","?","?","M","$","R","E","?","T","?","R","$","M","M","R","BOSS","M","$","?","M","?","E","R","?","T","E","R","?","E","?","R","BOSS","M","M","$","?","?","E","R","$","T","?","M","M","M","M","R","BOSS"],"build_version":"2018-11-15","purchased_purges":2,"victory":false,"max_hp_per_floor":[70,70,70,70,70,70,70,70,70,70,70,70,70,70,70,70,70,70,70,70,70,70,70,70,70,70,70,70,84,84,84,84,84,89,89,89,89,89,89,89,89,89,89,89,89,89,89,89,89,89],"card_choices":[{"not_picked":["PiercingWail","Accuracy"],"picked":"Poisoned Stab","floor":1.0},{"not_picked":["Finisher","Calculated Gamble"],"picked":"Poisoned Stab","floor":4.0},{"not_picked":["PiercingWail","Blade Dance"],"picked":"Dagger Spray","floor":7.0},{"not_picked":["Deflect","Cloak And Dagger"],"picked":"Poisoned Stab","floor":8.0},{"not_picked":["Dagger Throw","Blade Dance","Leg Sweep"],"picked":"SKIP","floor":13.0},{"not_picked":["Dagger Spray","Crippling Poison"],"picked":"Escape Plan","floor":14.0},{"not_picked":["Corpse Explosion","Phantasmal Killer"],"picked":"Envenom","floor":16.0},{"not_picked":[],"picked":"Bane+1","floor":18.0},{"not_picked":["Slice+1"],"picked":"SKIP","floor":21.0},{"not_picked":["PiercingWail"],"picked":"SKIP","floor":23.0},{"not_picked":["Flying Knee+1"],"picked":"SKIP","floor":25.0},{"not_picked":["Setup+1"],"picked":"SKIP","floor":27.0},{"not_picked":["Masterful Stab"],"picked":"SKIP","floor":30.0},{"not_picked":[],"picked":"Tools of the Trade","floor":33.0},{"not_picked":["Blade Dance+1"],"picked":"SKIP","floor":35},{"not_picked":["Skewer"],"picked":"SKIP","floor":36},{"not_picked":["Leg Sweep+1"],"picked":"SKIP","floor":39},{"not_picked":[],"picked":"Poisoned Stab+1","floor":40},{"not_picked":["Bouncing Flask"],"picked":"SKIP","floor":45},{"not_picked":[],"picked":"Backflip+1","floor":46},{"not_picked":["Blade Dance"],"picked":"SKIP","floor":47},{"not_picked":[],"picked":"Deadly Poison+1","floor":48}],"player_experience":367166,"relics_obtained":[{"floor":7.0,"key":"Gambling Chip"},{"floor":8.0,"key":"Odd Mushroom"},{"floor":9.0,"key":"Snake Skull"},{"floor":22.0,"key":"Oddly Smooth Stone"},{"floor":23.0,"key":"Regal Pillow"},{"floor":26.0,"key":"Blue Candle"},{"floor":27.0,"key":"Blood Vial"},{"floor":30.0,"key":"Bottled Flame"},{"floor":40,"key":"Art of War"},{"floor":43,"key":"Dead Branch"},{"floor":44,"key":"Sundial"}],"event_choices":[{"damage_healed":0.0,"max_hp_gain":0.0,"max_hp_loss":0.0,"gold_gain":0.0,"event_name":"Scrap Ooze","player_choice":"Success","floor":2.0,"gold_loss":0.0,"damage_taken":3.0,"relics_obtained":["Tiny Chest"]},{"cards_removed":["Strike_G"],"damage_healed":0.0,"max_hp_gain":0.0,"max_hp_loss":0.0,"gold_gain":0.0,"event_name":"Living Wall","player_choice":"Forget","floor":3.0,"gold_loss":0.0,"damage_taken":0.0},{"damage_healed":0.0,"max_hp_gain":0.0,"max_hp_loss":0.0,"gold_gain":0.0,"event_name":"Mushrooms","player_choice":"Fought Mushrooms","floor":8.0,"gold_loss":0.0,"damage_taken":0.0},{"cards_removed":["Defend_G"],"damage_healed":0.0,"max_hp_gain":0.0,"max_hp_loss":0.0,"gold_gain":0.0,"event_name":"Golden Wing","player_choice":"Card Removal","floor":10.0,"gold_loss":0.0,"damage_taken":7.0},{"damage_healed":0.0,"max_hp_gain":0.0,"max_hp_loss":0.0,"gold_gain":0.0,"event_name":"The Mausoleum","player_choice":"Opened","floor":29.0,"gold_loss":0.0,"damage_taken":0.0,"relics_obtained":["Mango"],"cards_obtained":["Writhe"]},{"damage_healed":0.0,"max_hp_gain":0.0,"max_hp_loss":0.0,"gold_gain":99.0,"event_name":"Nest","player_choice":"Stole From Cult","floor":31.0,"gold_loss":0.0,"damage_taken":0.0},{"cards_removed":["Defend_G"],"damage_healed":0,"gold_gain":0,"player_choice":"Offered Basic","damage_taken":0,"max_hp_gain":0,"max_hp_loss":0,"event_name":"Bonfire Elementals","floor":38,"gold_loss":0}],"is_beta":false,"boss_relics":[{"not_picked":["Runic Pyramid","Cursed Key"],"picked":"Busted Crown"},{"not_picked":["Coffee Dripper","Velvet Choker"],"picked":"Tiny House"}],"items_purged_floors":[12,37],"is_endless":false,"potions_floor_spawned":[7,8,13,25,27,33,39,45,47],"killed_by":"Donu and Deca","ascension_level":2}