{"gold_per_floor":[109,129,7,7,7,7,22,22,22,62,83,107,143,159,159,282,282,300,225,239,78,101,141,159,159],"floor_reached":25,"playtime":3641,"items_purged":["Doubt"],"score":235,"play_id":"b872306c-bbdb-47b6-af49-cb1bf5e65f7b","local_time":"20190104121152","is_ascension_mode":false,"campfire_choices":[{"data":"Well Laid Plans","floor":6.0,"key":"SMITH"},{"data":"Neutralize","floor":8.0,"key":"SMITH"},{"floor":15.0,"key":"REST"}],"neow_cost":"NONE","seed_source_timestamp":0,"circlet_count":0,"master_deck":["Defend_G","Defend_G","Defend_G","Defend_G","Defend_G","Strike_G","Strike_G","Strike_G","Strike_G","Strike_G","Survivor","Neutralize+1","Deadly Poison","Dagger Spray+1","Well Laid Plans+1","Dodge and Roll","Injury","Backflip","Slice","Dagger Spray","Backflip","Backstab","Caltrops","Bullet Time","Deflect","Dash+1","Tactician","Good Instincts","Backstab","Envenom+1","Riddle With Holes"],"special_seed":0,"relics":["Ring of the Snake","Golden Idol","Torii","Omamori","Calling Bell","Orichalcum","Gremlin Horn","Gambling Chip","Frozen Egg 2"],"potions_floor_usage":[22,23,25],"damage_taken":[{"damage":5.0,"enemies":"Jaw Worm","floor":1.0,"turns":6.0},{"damage":0.0,"enemies":"2 Louse","floor":2.0,"turns":5.0},{"damage":0.0,"enemies":"Small Slimes","floor":7.0,"turns":3.0},{"damage":28.0,"enemies":"Gremlin Nob","floor":10.0,"turns":5.0},{"damage":0.0,"enemies":"Looter","floor":11.0,"turns":4.0},{"damage":1.0,"enemies":"Exordium Thugs","floor":12.0,"turns":5.0},{"damage":4.0,"enemies":"Lagavulin","floor":13.0,"turns":10.0},{"damage":0.0,"enemies":"Red Slaver","floor":14.0,"turns":4.0},{"damage":50.0,"enemies":"Slime Boss","floor":16.0,"turns":12.0},{"damage":8,"enemies":"Chosen","floor":18,"turns":5},{"damage":10,"enemies":"2 Thieves","floor":19,"turns":5},{"damage":14,"enemies":"Snake Plant","floor":20,"turns":5},{"damage":15,"enemies":"Snecko","floor":22,"turns":7},{"damage":13,"enemies":"Slavers","floor":23,"turns":7},{"damage":3,"enemies":"Shelled Parasite and Fungi","floor":24,"turns":8},{"damage":20,"enemies":"Gremlin Leader","floor":25,"turns":4}],"seed_played":"-9119540558885594683","potions_obtained":[{"floor":1.0,"key":"Ancient Potion"},{"floor":11.0,"key":"Weak Potion"},{"floor":12.0,"key":"Fire Potion"},{"floor":13.0,"key":"SteroidPotion"},{"floor":16.0,"key":"PowerPotion"},{"floor":20,"key":"SpeedPotion"},{"floor":24,"key":"Ancient Potion"}],"is_trial":false,"path_per_floor":["M","M","$","?","?","R","M","R","T","E","M","M","E","M","R","B",null,"M","M","M","$","M","E","M","E"],"character_chosen":"THE_SILENT","items_purchased":["Well Laid Plans","Dodge and Roll","Good Instincts"],"campfire_rested":1,"item_purchase_floors":[3,3,21],"current_hp_per_floor":[72,72,72,72,72,72,72,72,72,44,44,43,39,39,62,12,77,69,59,45,45,30,17,14,0],"gold":159,"neow_bonus":"TEN_PERCENT_HP_BONUS","is_prod":false,"is_daily":false,"chose_seed":false,"campfire_upgraded":2,"win_rate":0,"timestamp":1546632712,"path_taken":["M","M","$","?","?","R","M","R","T","E","M","M","E","M","R","BOSS","M","M","M","$","M","E","M","E"],"build_version":"2019-01-03v3","purchased_purges":1,"victory":false,"max_hp_per_floor":[77,77,77,77,77,77,77,77,77,77,77,77,77,77,77,77,77,77,77,77,77,77,77,77,77],"card_choices":[{"not_picked":["Eviscerate","Terror"],"picked":"Deadly Poison","floor":1.0},{"not_picked":["Dagger Throw","Flechettes"],"picked":"Dagger Spray","floor":2.0},{"not_picked":["Outmaneuver","Quick Slash"],"picked":"Backflip","floor":7.0},{"not_picked":["Distraction","Tactician"],"picked":"Slice","floor":10.0},{"not_picked":["Blade Dance","Outmaneuver"],"picked":"Dagger Spray","floor":11.0},{"not_picked":["Distraction","Choke"],"picked":"Backflip","floor":12.0},{"not_picked":["Adrenaline","Prepared"],"picked":"Backstab","floor":13.0},{"not_picked":["Quick Slash","Finisher"],"picked":"Caltrops","floor":14.0},{"not_picked":["Storm of Steel","After Image"],"picked":"Bullet Time","floor":16.0},{"not_picked":["Sucker Punch","Flying Knee"],"picked":"Deflect","floor":18},{"not_picked":["Sucker Punch+1","Catalyst"],"picked":"Dash+1","floor":19},{"not_picked":["Outmaneuver","Dagger Spray"],"picked":"Tactician","floor":20},{"not_picked":["Sucker Punch","Flechettes"],"picked":"Backstab","floor":22},{"not_picked":["Catalyst","Glass Knife"],"picked":"Envenom","floor":23},{"not_picked":["Expertise+1","Deflect+1"],"picked":"Riddle With Holes","floor":24}],"player_experience":497330,"relics_obtained":[{"floor":9.0,"key":"Torii"},{"floor":13.0,"key":"Omamori"},{"floor":17,"key":"Orichalcum"},{"floor":17,"key":"Gremlin Horn"},{"floor":17,"key":"Gambling Chip"},{"floor":23,"key":"Frozen Egg 2"}],"event_choices":[{"damage_healed":0.0,"max_hp_gain":0.0,"max_hp_loss":0.0,"gold_gain":0.0,"event_name":"Living Wall","player_choice":"Grow","floor":4.0,"gold_loss":0.0,"damage_taken":0.0,"cards_upgraded":["Dagger Spray"]},{"damage_healed":0.0,"max_hp_gain":0.0,"max_hp_loss":0.0,"gold_gain":0.0,"event_name":"Golden Idol","player_choice":"Take Wound","floor":5.0,"gold_loss":0.0,"damage_taken":0.0,"relics_obtained":["Golden Idol"],"cards_obtained":["Injury"]}],"is_beta":false,"boss_relics":[{"not_picked":["Black Star","Ring of the Serpent"],"picked":"Calling Bell"}],"items_purged_floors":[21],"is_endless":false,"potions_floor_spawned":[1,11,12,13,16,20,24],"killed_by":"Gremlin Leader","ascension_level":0}