{"gold_per_floor":[212,226,226,238,114,148,148,167,247,247,274,274,302,312,312,414,414,434,434,454,469,18,51,51,82,109,109,126,143,178,192,192,292,292,310,355,355,38,55,55,69,69,69,17,28,28,28,44,44,44],"floor_reached":51,"playtime":3972,"items_purged":["Strike_G","Strike_G","Injury"],"score":1089,"play_id":"0b07b329-00cc-4e13-afea-454e9f63ff85","local_time":"20190528205048","is_ascension_mode":true,"campfire_choices":[{"floor":7.0,"key":"REST"},{"data":"Leg Sweep","floor":12.0,"key":"SMITH"},{"floor":15.0,"key":"REST"},{"data":"Footwork","floor":24.0,"key":"SMITH"},{"data":"Bouncing Flask","floor":27.0,"key":"SMITH"},{"floor":32.0,"key":"REST"},{"data":"After Image","floor":40,"key":"SMITH"},{"floor":42,"key":"DIG"},{"floor":49,"key":"DIG"}],"neow_cost":"NONE","seed_source_timestamp":0,"circlet_count":0,"master_deck":["Defend_G","Defend_G","Defend_G","Defend_G","Defend_G","Strike_G+1","Strike_G+1","Strike_G","Survivor","Neutralize+1","All Out Attack","Noxious Fumes+1","Flying Knee","Blur","PiercingWail","Leg Sweep+1","Poisoned Stab+1","PiercingWail","After Image+1","Noxious Fumes+1","Blur","Footwork+1","Bouncing Flask+1","Panacea","Backflip","After Image","Parasite","PiercingWail","Dodge and Roll+1","Acrobatics","Masterful Stab+1"],"special_seed":0,"relics":["Ring of the Snake","FossilizedHelix","Mummified Hand","Ancient Tea Set","Shuriken","Busted Crown","Orichalcum","Whetstone","Potion Belt","Snake Skull","Blood Vial","Calling Bell","Oddly Smooth Stone","Matryoshka","Thread and Needle","Shovel","Lee\u0027s Waffle","Pen Nib","Juzu Bracelet","Pear","GremlinMask","Spirit Poop","Ninja Scroll"],"potions_floor_usage":[50,50,50],"damage_taken":[{"damage":3.0,"enemies":"Cultist","floor":1.0,"turns":6.0},{"damage":0.0,"enemies":"Jaw Worm","floor":2.0,"turns":5.0},{"damage":5.0,"enemies":"2 Louse","floor":4.0,"turns":3.0},{"damage":18.0,"enemies":"Gremlin Nob","floor":6.0,"turns":4.0},{"damage":0.0,"enemies":"Red Slaver","floor":8.0,"turns":5.0},{"damage":10.0,"enemies":"Lagavulin","floor":11.0,"turns":8.0},{"damage":26.0,"enemies":"Gremlin Nob","floor":13.0,"turns":6.0},{"damage":0.0,"enemies":"3 Louse","floor":14.0,"turns":3.0},{"damage":3.0,"enemies":"The Guardian","floor":16.0,"turns":11.0},{"damage":0.0,"enemies":"Shell Parasite","floor":18.0,"turns":7.0},{"damage":0.0,"enemies":"2 Thieves","floor":20.0,"turns":5.0},{"damage":11.0,"enemies":"Cultist and Chosen","floor":21.0,"turns":7.0},{"damage":0.0,"enemies":"Gremlin Leader","floor":23.0,"turns":7.0},{"damage":0.0,"enemies":"Book of Stabbing","floor":25.0,"turns":7.0},{"damage":0.0,"enemies":"Snecko","floor":28.0,"turns":6.0},{"damage":0.0,"enemies":"Centurion and Healer","floor":29.0,"turns":6.0},{"damage":0.0,"enemies":"Gremlin Leader","floor":30.0,"turns":7.0},{"damage":0.0,"enemies":"Shelled Parasite and Fungi","floor":31.0,"turns":5.0},{"damage":36.0,"enemies":"Automaton","floor":33.0,"turns":8.0},{"damage":20.0,"enemies":"3 Darklings","floor":35.0,"turns":5.0},{"damage":18.0,"enemies":"2 Orb Walkers","floor":36.0,"turns":8.0},{"damage":0.0,"enemies":"3 Shapes","floor":39.0,"turns":6.0},{"damage":4,"enemies":"Spire Growth","floor":41,"turns":6},{"damage":1,"enemies":"Transient","floor":45,"turns":5},{"damage":0,"enemies":"Jaw Worm Horde","floor":48,"turns":7},{"damage":30,"enemies":"Donu and Deca","floor":50,"turns":10}],"seed_played":"-7385519468857521724","potions_obtained":[{"floor":4.0,"key":"Fire Potion"},{"floor":11.0,"key":"Dexterity Potion"},{"floor":13.0,"key":"Poison Potion"},{"floor":16.0,"key":"GhostInAJar"},{"floor":18.0,"key":"LiquidBronze"},{"floor":25.0,"key":"SteroidPotion"},{"floor":28.0,"key":"SneckoOil"},{"floor":30.0,"key":"Dexterity Potion"},{"floor":33.0,"key":"Poison Potion"},{"floor":36.0,"key":"Energy Potion"},{"floor":39.0,"key":"SteroidPotion"},{"floor":45,"key":"SteroidPotion"}],"is_trial":false,"path_per_floor":["M","M","?","M","$","E","R","M","T","?","E","R","E","M","R","B",null,"M","?","M","M","$","E","R","E","T","R","M","M","E","M","R","B",null,"M","?","?","$","M","R","M","R","T","$","M","?","?","M","R","B",null],"character_chosen":"THE_SILENT","items_purchased":["PowerPotion","Footwork","Bouncing Flask","Panacea","Orichalcum","Lee\u0027s Waffle","Acrobatics"],"campfire_rested":3,"item_purchase_floors":[5,22,22,22,22,38,44],"current_hp_per_floor":[60,60,46,41,41,23,44,44,44,44,34,34,8,8,29,26,59,59,59,59,48,48,48,48,48,48,48,48,48,48,50,70,34,61,43,27,27,73,73,73,69,69,79,79,80,80,80,82,82,53],"gold":44,"neow_bonus":"HUNDRED_GOLD","is_prod":false,"is_daily":false,"chose_seed":false,"campfire_upgraded":4,"win_rate":0,"timestamp":1559101848,"path_taken":["M","M","?","M","$","E","R","M","T","?","E","R","E","?","R","BOSS","M","?","M","M","$","E","R","E","T","R","M","M","E","?","R","BOSS","M","?","?","$","M","R","M","R","T","$","M","?","?","M","R","BOSS"],"build_version":"2019-01-23","purchased_purges":3,"victory":true,"max_hp_per_floor":[70,70,70,70,70,70,70,70,70,70,70,70,70,70,70,70,70,70,70,70,70,70,70,70,70,70,70,70,70,70,70,70,70,70,70,70,66,73,73,73,73,73,83,83,83,83,83,83,83,83],"card_choices":[{"not_picked":["Acrobatics","Finisher"],"picked":"All Out Attack","floor":1.0},{"not_picked":["Eviscerate","Deflect"],"picked":"Noxious Fumes","floor":2.0},{"not_picked":["Acrobatics","Backflip"],"picked":"Flying Knee","floor":4.0},{"not_picked":["Deflect","Dagger Spray"],"picked":"Blur","floor":6.0},{"not_picked":["Dagger Spray","Noxious Fumes"],"picked":"PiercingWail","floor":8.0},{"not_picked":["Quick Slash","Prepared"],"picked":"Leg Sweep","floor":11.0},{"not_picked":["Expertise","Finisher"],"picked":"Poisoned Stab","floor":13.0},{"not_picked":["Caltrops","Reflex"],"picked":"PiercingWail","floor":14.0},{"not_picked":["Burst","Doppelganger"],"picked":"After Image","floor":16.0},{"not_picked":["Endless Agony"],"picked":"SKIP","floor":18.0},{"not_picked":["Poisoned Stab"],"picked":"SKIP","floor":20.0},{"not_picked":[],"picked":"Blur","floor":21.0},{"not_picked":[],"picked":"Backflip","floor":23.0},{"not_picked":["Expertise"],"picked":"SKIP","floor":25.0},{"not_picked":["Acrobatics"],"picked":"SKIP","floor":28.0},{"not_picked":["Acrobatics"],"picked":"SKIP","floor":28.0},{"not_picked":["Predator"],"picked":"SKIP","floor":29.0},{"not_picked":["Outmaneuver+1"],"picked":"SKIP","floor":30.0},{"not_picked":["Outmaneuver+1"],"picked":"SKIP","floor":31.0},{"not_picked":[],"picked":"After Image","floor":33.0},{"not_picked":["Sucker Punch"],"picked":"SKIP","floor":35.0},{"not_picked":[],"picked":"PiercingWail","floor":36.0},{"not_picked":[],"picked":"Dodge and Roll+1","floor":39.0},{"not_picked":["Skewer"],"picked":"SKIP","floor":41},{"not_picked":[],"picked":"Masterful Stab+1","floor":45},{"not_picked":["Terror+1"],"picked":"SKIP","floor":48}],"player_experience":769371,"relics_obtained":[{"floor":6.0,"key":"FossilizedHelix"},{"floor":9.0,"key":"Mummified Hand"},{"floor":11.0,"key":"Ancient Tea Set"},{"floor":13.0,"key":"Shuriken"},{"floor":23.0,"key":"Whetstone"},{"floor":25.0,"key":"Potion Belt"},{"floor":26.0,"key":"Snake Skull"},{"floor":30.0,"key":"Blood Vial"},{"floor":34.0,"key":"Oddly Smooth Stone"},{"floor":34.0,"key":"Matryoshka"},{"floor":34.0,"key":"Thread and Needle"},{"floor":36.0,"key":"Shovel"},{"floor":42,"key":"Pen Nib"},{"floor":43,"key":"Juzu Bracelet"},{"floor":43,"key":"Pear"},{"floor":49,"key":"Ninja Scroll"}],"event_choices":[{"damage_healed":0.0,"max_hp_gain":0.0,"max_hp_loss":0.0,"gold_gain":0.0,"event_name":"Shining Light","player_choice":"Entered Light","floor":3.0,"gold_loss":0.0,"damage_taken":14.0,"cards_upgraded":["Neutralize","Strike_G"]},{"damage_healed":0.0,"max_hp_gain":0.0,"max_hp_loss":0.0,"gold_gain":0.0,"event_name":"Upgrade Shrine","player_choice":"Upgraded","floor":10.0,"gold_loss":0.0,"damage_taken":0.0,"cards_upgraded":["Noxious Fumes"]},{"damage_healed":0.0,"max_hp_gain":0.0,"max_hp_loss":0.0,"gold_gain":0.0,"event_name":"Duplicator","player_choice":"Copied","floor":19.0,"gold_loss":0.0,"damage_taken":0.0,"cards_obtained":["Noxious Fumes"]},{"damage_healed":0.0,"max_hp_gain":0.0,"max_hp_loss":0.0,"gold_gain":0.0,"event_name":"Mysterious Sphere","player_choice":"Fight","floor":36.0,"gold_loss":0.0,"damage_taken":0.0},{"damage_healed":0.0,"max_hp_gain":0.0,"max_hp_loss":4.0,"gold_gain":0.0,"event_name":"Winding Halls","player_choice":"Max HP","floor":37.0,"gold_loss":0.0,"damage_taken":0.0},{"damage_healed":0,"gold_gain":0,"player_choice":"Trade","damage_taken":0,"relics_obtained":["GremlinMask"],"max_hp_gain":0,"max_hp_loss":0,"event_name":"FaceTrader","floor":46,"gold_loss":0},{"cards_removed":["Clumsy"],"damage_healed":0,"gold_gain":0,"player_choice":"Offered Curse","damage_taken":0,"relics_obtained":["Spirit Poop"],"max_hp_gain":0,"max_hp_loss":0,"event_name":"Bonfire Elementals","floor":47,"gold_loss":0}],"is_beta":false,"boss_relics":[{"not_picked":["HoveringKite","White Beast Statue"],"picked":"Busted Crown"},{"not_picked":["Pandora\u0027s Box","Tiny House"],"picked":"Calling Bell"}],"items_purged_floors":[5,22,38],"is_endless":false,"potions_floor_spawned":[4,11,13,16,18,25,28,30,33,36,39,45],"ascension_level":9}