{"gold_per_floor":[213,213,213,232,244,269,269,299,299,249,174,174,184,33,33,134,134,147,147,101,112,127,127,127],"floor_reached":24,"playtime":502,"items_purged":["Defend_R"],"score":204,"play_id":"7a3448ef-5ad4-4384-a59e-cc18c378fcf7","local_time":"20190418171403","is_ascension_mode":false,"campfire_choices":[{"floor":7,"key":"REST"},{"data":"Bash","floor":15,"key":"SMITH"},{"floor":23,"key":"REST"}],"neow_cost":"NONE","seed_source_timestamp":664009945086451,"circlet_count":0,"master_deck":["Strike_R","Strike_R","Strike_R","Bash+1","Heavy Blade"],"relics":["Burning Blood","Orichalcum","Mango","Self Forming Clay","Oddly Smooth Stone","Vajra","Empty Cage"],"potions_floor_usage":[6,6],"damage_taken":[{"damage":0,"enemies":"Small Slimes","floor":1,"turns":3},{"damage":6,"enemies":"Cultist","floor":4,"turns":3},{"damage":0,"enemies":"2 Louse","floor":5,"turns":2},{"damage":44,"enemies":"3 Sentries","floor":6,"turns":8},{"damage":15,"enemies":"Gremlin Nob","floor":8,"turns":4},{"damage":12,"enemies":"Red Slaver","floor":13,"turns":3},{"damage":47,"enemies":"Slime Boss","floor":16,"turns":15},{"damage":31,"enemies":"2 Thieves","floor":18,"turns":5},{"damage":21,"enemies":"Spheric Guardian","floor":21,"turns":4},{"damage":9,"enemies":"Snecko","floor":22,"turns":3},{"damage":66,"enemies":"Book of Stabbing","floor":24,"turns":5}],"seed_played":"4381605292691214951","potions_obtained":[{"floor":4,"key":"LiquidBronze"},{"floor":5,"key":"BloodPotion"},{"floor":13,"key":"Ancient Potion"},{"floor":16,"key":"Poison Potion"}],"is_trial":false,"path_per_floor":["M","?","?","M","M","E","R","E","T","?","$","?","M","$","R","B",null,"M","?","$","M","M","R","E"],"character_chosen":"IRONCLAD","items_purchased":["Vajra","Heavy Blade"],"campfire_rested":2,"item_purchase_floors":[14,20],"current_hp_per_floor":[80,80,80,80,80,50,74,79,79,79,79,79,73,73,73,32,94,69,51,51,36,33,61,0],"gold":127,"neow_bonus":"HUNDRED_GOLD","is_prod":false,"is_daily":false,"chose_seed":false,"campfire_upgraded":1,"win_rate":0,"timestamp":1555600443,"path_taken":["M","?","?","M","?","E","R","E","T","?","$","?","M","$","R","BOSS","M","?","$","?","M","R","E"],"build_version":"2019-01-23","purchased_purges":1,"victory":false,"max_hp_per_floor":[80,80,80,80,80,80,80,94,94,94,94,94,94,94,94,94,94,94,94,94,94,94,94,94],"card_choices":[{"not_picked":["Iron Wave","Battle Trance"],"picked":"Heavy Blade","floor":1},{"not_picked":["Iron Wave","Warcry","Blood for Blood"],"picked":"SKIP","floor":4},{"not_picked":["Heavy Blade","Warcry","Bloodletting"],"picked":"SKIP","floor":5},{"not_picked":["Immolate","Blood for Blood","Iron Wave"],"picked":"SKIP","floor":6},{"not_picked":["Cleave","Fire Breathing","Demon Form"],"picked":"SKIP","floor":8},{"not_picked":["True Grit","Fire Breathing","Iron Wave"],"picked":"SKIP","floor":13},{"not_picked":["Clothesline","Perfected Strike","Pommel Strike"],"picked":"SKIP","floor":18},{"not_picked":["Heavy Blade","Hemokinesis","Pummel"],"picked":"SKIP","floor":21},{"not_picked":["Rage","Cleave","Dual Wield+1"],"picked":"SKIP","floor":22}],"player_experience":123925,"relics_obtained":[{"floor":6,"key":"Orichalcum"},{"floor":8,"key":"Mango"},{"floor":9,"key":"Self Forming Clay"}],"event_choices":[{"cards_removed":["Defend_R"],"damage_healed":0,"gold_gain":0,"player_choice":"Forget","damage_taken":0,"max_hp_gain":0,"max_hp_loss":0,"event_name":"Living Wall","floor":2,"gold_loss":0},{"cards_removed":["Defend_R"],"damage_healed":0,"gold_gain":0,"player_choice":"Purged","damage_taken":0,"max_hp_gain":0,"max_hp_loss":0,"event_name":"Purifier","floor":3,"gold_loss":0},{"cards_removed":["Defend_R"],"damage_healed":0,"gold_gain":0,"player_choice":"Card Removal","damage_taken":0,"max_hp_gain":0,"max_hp_loss":0,"event_name":"The Cleric","floor":10,"gold_loss":50},{"cards_removed":["Heavy Blade"],"damage_healed":0,"gold_gain":0,"player_choice":"Gave Card","damage_taken":0,"relics_obtained":["Oddly Smooth Stone"],"max_hp_gain":0,"max_hp_loss":0,"event_name":"WeMeetAgain","floor":12,"gold_loss":0},{"damage_healed":0,"gold_gain":0,"player_choice":"POTION ","damage_taken":18,"max_hp_gain":0,"max_hp_loss":0,"event_name":"Knowing Skull","floor":19,"potions_obtained":["Poison Potion"],"gold_loss":0,"cards_obtained":[]}],"is_beta":false,"boss_relics":[{"not_picked":["Snecko Eye","Sozu"],"picked":"Empty Cage"}],"items_purged_floors":[11],"is_endless":false,"potions_floor_spawned":[4,5,13,16,21],"killed_by":"Book of Stabbing","ascension_level":0}