{"gold_per_floor":[109,59,134,134,148,148,148,183,183,222,26,26,14,28,28,151,151,176,196,196,37,57,57,101,101,171,214,214],"floor_reached":28,"playtime":1502,"items_purged":["Defend_G"],"score":445,"play_id":"58585477-5092-4baf-9efe-650d701ae826","local_time":"20190617102011","is_ascension_mode":true,"campfire_choices":[{"floor":6,"key":"REST"},{"data":"All Out Attack","floor":12,"key":"SMITH"},{"floor":15,"key":"REST"},{"floor":23,"key":"REST"},{"floor":25,"key":"REST"}],"neow_cost":"NONE","seed_source_timestamp":2600672998883651,"circlet_count":0,"master_deck":["AscendersBane","Defend_G","Defend_G","Defend_G","Defend_G","Strike_G","Strike_G","Strike_G","Strike_G","Survivor","Neutralize+1","Dash","All Out Attack+1","Caltrops","Well Laid Plans","Deadly Poison","Envenom","Prepared","Slice","Footwork+1","Slice"],"relics":["Ring of the Snake","PreservedInsect","Golden Idol","Singing Bowl","Pen Nib","Membership Card","Busted Crown","Nloth\u0027s Gift","Medical Kit","Peace Pipe","Toxic Egg 2","Unceasing Top"],"potions_floor_usage":[8,22,22],"damage_taken":[{"damage":1,"enemies":"2 Louse","floor":1,"turns":3},{"damage":4,"enemies":"Small Slimes","floor":5,"turns":4},{"damage":10,"enemies":"Lagavulin","floor":8,"turns":6},{"damage":5,"enemies":"3 Sentries","floor":10,"turns":5},{"damage":5,"enemies":"Jaw Worm","floor":14,"turns":4},{"damage":53,"enemies":"Slime Boss","floor":16,"turns":14},{"damage":7,"enemies":"3 Byrds","floor":18,"turns":5},{"damage":5,"enemies":"Shell Parasite","floor":19,"turns":6},{"damage":28,"enemies":"Shelled Parasite and Fungi","floor":22,"turns":7},{"damage":7,"enemies":"Gremlin Leader","floor":24,"turns":6},{"damage":42,"enemies":"Slavers","floor":27,"turns":6},{"damage":23,"enemies":"Cultist and Chosen","floor":28,"turns":8}],"seed_played":"-8700166842350386461","potions_obtained":[{"floor":1,"key":"SkillPotion"},{"floor":8,"key":"Swift Potion"},{"floor":18,"key":"SpeedPotion"},{"floor":27,"key":"SpeedPotion"}],"is_trial":false,"path_per_floor":["M","?","?","?","M","R","?","E","T","E","$","R","$","M","R","B",null,"M","M","?","$","M","R","E","R","T","E","M"],"character_chosen":"THE_SILENT","items_purchased":["Membership Card","Deadly Poison","Slice","Medical Kit"],"campfire_rested":4,"item_purchase_floors":[11,13,21,21],"current_hp_per_floor":[62,62,51,34,30,51,51,41,41,38,38,38,38,37,58,7,56,53,50,50,50,24,46,39,61,61,19,0],"gold":214,"neow_bonus":"RANDOM_COMMON_RELIC","is_prod":false,"is_daily":false,"chose_seed":false,"campfire_upgraded":1,"win_rate":0,"timestamp":1560777611,"path_taken":["M","?","?","?","M","R","?","E","T","E","$","R","$","?","R","BOSS","M","M","?","?","M","R","E","R","T","E","M"],"build_version":"2019-01-23","purchased_purges":1,"victory":false,"max_hp_per_floor":[70,70,70,70,70,70,70,70,70,70,70,70,70,72,72,72,72,74,74,74,74,76,76,76,76,76,76,76],"card_choices":[{"not_picked":["Backstab","Cloak And Dagger"],"picked":"Dash","floor":1},{"not_picked":["Sucker Punch","Quick Slash"],"picked":"All Out Attack","floor":5},{"not_picked":["Outmaneuver","Flying Knee"],"picked":"Caltrops","floor":8},{"not_picked":["Deflect","Distraction"],"picked":"Well Laid Plans","floor":10},{"not_picked":["Accuracy","Dagger Throw","All Out Attack"],"picked":"Singing Bowl","floor":14},{"not_picked":["Die Die Die","Burst"],"picked":"Envenom","floor":16},{"not_picked":["Outmaneuver"],"picked":"Singing Bowl","floor":18},{"not_picked":[],"picked":"Prepared","floor":19},{"not_picked":["Dagger Throw"],"picked":"Singing Bowl","floor":22},{"not_picked":[],"picked":"Footwork+1","floor":24},{"not_picked":[],"picked":"Slice","floor":27}],"player_experience":1072706,"relics_obtained":[{"floor":8,"key":"Blood Vial"},{"floor":9,"key":"Singing Bowl"},{"floor":10,"key":"Pen Nib"},{"floor":24,"key":"Peace Pipe"},{"floor":26,"key":"Toxic Egg 2"},{"floor":27,"key":"Unceasing Top"}],"event_choices":[{"cards_removed":["Strike_G"],"damage_healed":0,"gold_gain":0,"player_choice":"Card Removal","damage_taken":0,"max_hp_gain":0,"max_hp_loss":0,"event_name":"The Cleric","floor":2,"gold_loss":50},{"damage_healed":0,"gold_gain":75,"player_choice":"Gather Gold","damage_taken":11,"max_hp_gain":0,"max_hp_loss":0,"event_name":"World of Goop","floor":3,"gold_loss":0},{"damage_healed":0,"gold_gain":0,"player_choice":"Take Damage","damage_taken":17,"relics_obtained":["Golden Idol"],"max_hp_gain":0,"max_hp_loss":0,"event_name":"Golden Idol","floor":4,"gold_loss":0},{"damage_healed":0,"gold_gain":0,"player_choice":"Grow","damage_taken":0,"max_hp_gain":0,"max_hp_loss":0,"event_name":"Living Wall","floor":7,"gold_loss":0,"cards_upgraded":["Neutralize"]},{"damage_healed":0,"gold_gain":0,"player_choice":"Traded Relic","damage_taken":0,"relics_obtained":["Nloth\u0027s Gift"],"max_hp_gain":0,"max_hp_loss":0,"event_name":"N\u0027loth","floor":20,"relics_lost":["Blood Vial"],"gold_loss":0}],"is_beta":false,"boss_relics":[{"not_picked":["HoveringKite","Philosopher\u0027s Stone"],"picked":"Busted Crown"}],"items_purged_floors":[21],"is_endless":false,"potions_floor_spawned":[1,8,18,27],"killed_by":"Cultist and Chosen","ascension_level":11}