{"gold_per_floor":[113,192,192,192,192,225,241,259,284,302,317,317,338,308,308,437,437,462,462,481,431,455,486,486,521,521,521,545,572,602,614,626,761,773,806,943,955,566,584,584,625,638,638,638,663,763,778,802,802,802],"floor_reached":51,"playtime":8231,"items_purged":["Defend_G"],"score":780,"play_id":"99db825b-f4c9-437a-8695-7989af890157","local_time":"20190505184025","is_ascension_mode":true,"campfire_choices":[{"floor":12.0,"key":"REST"},{"data":"After Image","floor":15.0,"key":"SMITH"},{"floor":24,"key":"REST"},{"floor":27,"key":"REST"},{"data":"Envenom","floor":32,"key":"SMITH"},{"data":"Footwork","floor":40,"key":"SMITH"},{"data":"Deadly Poison","floor":44,"key":"SMITH"},{"data":"Backflip","floor":49,"key":"SMITH"}],"neow_cost":"NONE","seed_source_timestamp":0,"circlet_count":0,"master_deck":["Defend_G","Defend_G+1","Defend_G","Defend_G","Strike_G","Strike_G+1","Survivor","Neutralize","Flying Knee","Backflip+1","Backflip","After Image+1","Masterful Stab","Envenom+1","Glass Knife+1","Choke+1","Venomology+1","Glass Knife+1","Footwork+1","Terror+1","Deadly Poison+1","Distraction+1","Distraction+1","Caltrops+1","Poisoned Stab+1","Normality","Backflip+1","Dagger Spray+1"],"special_seed":0,"relics":["Ring of the Snake","NeowsBlessing","Mummified Hand","Golden Idol","Happy Flower","Smiling Mask","Astrolabe","Dead Branch","Potion Belt","Ornamental Fan","MawBank","Cursed Key","FossilizedHelix","Membership Card","PreservedInsect","Meat on the Bone","Bag of Preparation","Molten Egg 2"],"potions_floor_usage":[23,23,23,23,25,30,33,35,39,39,41,42,42,45,48,50,50,50,50,50,50,50,50],"damage_taken":[{"damage":0.0,"enemies":"Cultist","floor":1.0,"turns":1.0},{"damage":0.0,"enemies":"Lagavulin","floor":6.0,"turns":1.0},{"damage":0.0,"enemies":"Small Slimes","floor":7.0,"turns":1.0},{"damage":0.0,"enemies":"2 Louse","floor":8.0,"turns":2.0},{"damage":1.0,"enemies":"2 Fungi Beasts","floor":10.0,"turns":4.0},{"damage":0.0,"enemies":"Red Slaver","floor":11.0,"turns":6.0},{"damage":7.0,"enemies":"Exordium Thugs","floor":13.0,"turns":9.0},{"damage":0.0,"enemies":"Looter","floor":14.0,"turns":4.0},{"damage":44.0,"enemies":"Slime Boss","floor":16.0,"turns":20.0},{"damage":12.0,"enemies":"2 Thieves","floor":18.0,"turns":3.0},{"damage":0.0,"enemies":"Chosen","floor":20.0,"turns":3.0},{"damage":1.0,"enemies":"Snecko","floor":22.0,"turns":4.0},{"damage":19,"enemies":"Gremlin Leader","floor":23,"turns":5},{"damage":17,"enemies":"Slavers","floor":25,"turns":5},{"damage":0,"enemies":"Centurion and Healer","floor":28,"turns":6},{"damage":0,"enemies":"Sentry and Sphere","floor":30,"turns":4},{"damage":5,"enemies":"Colosseum Slavers","floor":31,"turns":3},{"damage":57,"enemies":"Collector","floor":33,"turns":7},{"damage":2,"enemies":"3 Darklings","floor":35,"turns":5},{"damage":0,"enemies":"Mind Bloom Boss Battle","floor":36,"turns":7},{"damage":0,"enemies":"3 Shapes","floor":39,"turns":3},{"damage":0,"enemies":"Giant Head","floor":41,"turns":4},{"damage":0,"enemies":"Jaw Worm Horde","floor":42,"turns":5},{"damage":0,"enemies":"4 Shapes","floor":45,"turns":10},{"damage":0,"enemies":"Spire Growth","floor":47,"turns":4},{"damage":0,"enemies":"Maw","floor":48,"turns":7},{"damage":63,"enemies":"Time Eater","floor":50,"turns":10}],"seed_played":"7694036361368000578","potions_obtained":[{"floor":1.0,"key":"EntropicBrew"},{"floor":8.0,"key":"Ancient Potion"},{"floor":10.0,"key":"Dexterity Potion"},{"floor":22.0,"key":"GhostInAJar"},{"floor":25,"key":"FairyPotion"},{"floor":28,"key":"PowerPotion"},{"floor":30,"key":"GhostInAJar"},{"floor":39,"key":"GamblersBrew"},{"floor":45,"key":"Energy Potion"}],"is_trial":false,"path_per_floor":["M","T","?","?","?","E","M","M","T","M","M","R","M","M","R","B",null,"M","?","M","$","M","E","R","E","T","R","M","T","M","?","R","B",null,"M","?","?","$","M","R","E","M","T","R","M","?","M","M","R","B",null],"character_chosen":"THE_SILENT","items_purchased":["Membership Card","PreservedInsect","Meat on the Bone"],"campfire_rested":3,"item_purchase_floors":[38,38,38],"current_hp_per_floor":[70,70,65,52,45,45,45,45,45,44,44,63,56,56,56,12,65,53,53,53,53,52,33,52,49,49,65,65,65,65,60,60,3,65,63,63,63,63,63,63,63,63,63,63,63,63,63,63,63,18],"gold":802,"neow_bonus":"THREE_ENEMY_KILL","is_prod":false,"is_daily":false,"chose_seed":false,"campfire_upgraded":5,"win_rate":0,"timestamp":1557074425,"path_taken":["M","?","?","?","?","E","M","M","T","M","M","R","M","M","R","BOSS","M","?","M","$","M","E","R","E","T","R","?","?","M","?","R","BOSS","M","?","?","$","M","R","E","M","T","R","M","?","M","M","R","BOSS"],"build_version":"2019-01-23","purchased_purges":1,"victory":true,"max_hp_per_floor":[70,70,65,65,65,65,65,65,65,65,65,65,65,65,65,65,65,65,65,65,65,65,65,65,65,65,65,65,65,65,65,65,65,65,65,65,65,65,65,65,65,65,65,65,65,65,65,65,65,65],"card_choices":[{"not_picked":["Endless Agony","Dagger Spray","Prepared"],"picked":"SKIP","floor":1.0},{"not_picked":["Tactician","Quick Slash"],"picked":"Flying Knee","floor":6.0},{"not_picked":["Caltrops","Quick Slash"],"picked":"Catalyst","floor":7.0},{"not_picked":["Reflex","Outmaneuver","Acrobatics"],"picked":"SKIP","floor":8.0},{"not_picked":["Deflect","Heel Hook"],"picked":"Backflip","floor":10.0},{"not_picked":["Escape Plan","Dodge and Roll"],"picked":"Backflip","floor":11.0},{"not_picked":["Poisoned Stab","Noxious Fumes"],"picked":"After Image","floor":13.0},{"not_picked":["Underhanded Strike","Riddle With Holes"],"picked":"Masterful Stab","floor":14.0},{"not_picked":["Corpse Explosion","Venomology"],"picked":"Envenom","floor":16.0},{"not_picked":["Dagger Throw","Crippling Poison","Distraction"],"picked":"SKIP","floor":18.0},{"not_picked":["Catalyst","Escape Plan","Backflip"],"picked":"SKIP","floor":20.0},{"not_picked":["Caltrops","Acrobatics","PiercingWail"],"picked":"SKIP","floor":22.0},{"not_picked":["Dagger Spray","Deflect+1"],"picked":"Footwork","floor":23},{"not_picked":["Accuracy+1","Masterful Stab"],"picked":"Terror+1","floor":25},{"not_picked":["Sucker Punch+1","Acrobatics","Dagger Throw+1"],"picked":"SKIP","floor":28},{"not_picked":["Slice","PiercingWail"],"picked":"Deadly Poison","floor":30},{"not_picked":["Bane+1","Slice+1"],"picked":"Distraction+1","floor":35},{"not_picked":["Backflip","Flying Knee"],"picked":"Distraction+1","floor":36},{"not_picked":["Dagger Throw+1","Reflex"],"picked":"Caltrops+1","floor":39},{"not_picked":["Riddle With Holes+1","Noxious Fumes","Escape Plan"],"picked":"SKIP","floor":41},{"not_picked":["Underhanded Strike+1","Dodge and Roll"],"picked":"Poisoned Stab+1","floor":42},{"not_picked":["Finisher+1","PiercingWail"],"picked":"Backflip+1","floor":45},{"not_picked":["Underhanded Strike+1","Accuracy","Noxious Fumes"],"picked":"SKIP","floor":47},{"not_picked":["Flying Knee+1","Quick Slash+1"],"picked":"Dagger Spray+1","floor":48}],"player_experience":169651,"relics_obtained":[{"floor":2.0,"key":"Mummified Hand"},{"floor":6.0,"key":"Happy Flower"},{"floor":9.0,"key":"Smiling Mask"},{"floor":23,"key":"Dead Branch"},{"floor":25,"key":"Potion Belt"},{"floor":26,"key":"Ornamental Fan"},{"floor":29,"key":"MawBank"},{"floor":36,"key":"FossilizedHelix"},{"floor":41,"key":"Bag of Preparation"},{"floor":43,"key":"Molten Egg 2"}],"event_choices":[{"damage_healed":0.0,"max_hp_gain":0.0,"max_hp_loss":5.0,"gold_gain":0.0,"event_name":"Golden Idol","player_choice":"Lose Max HP","floor":3.0,"gold_loss":0.0,"damage_taken":0.0,"relics_obtained":["Golden Idol"]},{"damage_healed":0.0,"max_hp_gain":0.0,"max_hp_loss":0.0,"gold_gain":0.0,"event_name":"Shining Light","player_choice":"Entered Light","floor":4.0,"gold_loss":0.0,"damage_taken":13.0,"cards_upgraded":["Defend_G","Strike_G"]},{"cards_removed":["Strike_G"],"damage_healed":0.0,"max_hp_gain":0.0,"max_hp_loss":0.0,"gold_gain":0.0,"event_name":"Golden Wing","player_choice":"Card Removal","floor":5.0,"gold_loss":0.0,"damage_taken":7.0},{"damage_healed":0.0,"max_hp_gain":0.0,"max_hp_loss":0.0,"gold_gain":0.0,"event_name":"Duplicator","player_choice":"Copied","floor":19.0,"gold_loss":0.0,"damage_taken":0.0,"cards_obtained":["Glass Knife"]},{"damage_healed":0,"gold_gain":0,"player_choice":"Fight","damage_taken":0,"max_hp_gain":0,"max_hp_loss":0,"event_name":"Colosseum","floor":31,"gold_loss":0},{"damage_healed":0,"gold_gain":0,"player_choice":"Fled From Nobs","damage_taken":0,"max_hp_gain":0,"max_hp_loss":0,"event_name":"Colosseum","floor":31,"gold_loss":0},{"damage_healed":0,"gold_gain":0,"player_choice":"Fight","damage_taken":0,"max_hp_gain":0,"max_hp_loss":0,"event_name":"MindBloom","floor":36,"gold_loss":0},{"damage_healed":0,"gold_gain":0,"player_choice":"Ignored","damage_taken":0,"max_hp_gain":0,"max_hp_loss":0,"event_name":"Mysterious Sphere","floor":37,"gold_loss":0},{"damage_healed":0,"gold_gain":100,"player_choice":"Pray","damage_taken":0,"max_hp_gain":0,"max_hp_loss":0,"event_name":"Golden Shrine","floor":46,"gold_loss":0}],"is_beta":false,"boss_relics":[{"not_picked":["Ring of the Serpent","Fusion Hammer"],"picked":"Astrolabe"},{"not_picked":["Eternal Feather","Snecko Eye"],"picked":"Cursed Key"}],"items_purged_floors":[21],"is_endless":false,"potions_floor_spawned":[1,8,10,16,22,25,28,30,39,45,47],"ascension_level":1}