{"gold_per_floor":[359,377,70,70,82,82,114,114,114,134,164,339,373,392,392,487,487,507,507],"floor_reached":19,"playtime":741,"items_purged":[],"score":177,"play_id":"55778998-4067-4258-87db-00ca80ea92df","local_time":"20190418092700","is_ascension_mode":false,"campfire_choices":[{"floor":6,"key":"REST"},{"floor":8,"key":"REST"},{"floor":15,"key":"REST"}],"neow_cost":"PERCENT_DAMAGE","seed_source_timestamp":727933314406391,"circlet_count":0,"master_deck":["Strike_B","Strike_B","Strike_B","Strike_B","Defend_B","Defend_B","Defend_B+1","Defend_B","Zap","Dualcast+1","Auto Shields","Ball Lightning","Defragment","Sunder","Reboot","Melter","Gash","Doubt","Capacitor","Gash","Reboot+1"],"relics":["Cracked Core","Runic Capacitor","Bottled Lightning","Mummified Hand","Toxic Egg 2","War Paint","Busted Crown"],"potions_floor_usage":[7,13,19,19],"damage_taken":[{"damage":7,"enemies":"2 Louse","floor":1,"turns":2},{"damage":10,"enemies":"Small Slimes","floor":2,"turns":3},{"damage":0,"enemies":"Jaw Worm","floor":5,"turns":3},{"damage":33,"enemies":"3 Sentries","floor":7,"turns":7},{"damage":0,"enemies":"Exordium Wildlife","floor":10,"turns":4},{"damage":18,"enemies":"Lagavulin","floor":13,"turns":6},{"damage":2,"enemies":"3 Louse","floor":14,"turns":3},{"damage":25,"enemies":"The Guardian","floor":16,"turns":9},{"damage":0,"enemies":"Chosen","floor":18,"turns":3},{"damage":24,"enemies":"Colosseum Slavers","floor":19,"turns":3},{"damage":53,"enemies":"Colosseum Nobs","floor":19,"turns":4}],"seed_played":"8023247022371022091","potions_obtained":[{"floor":5,"key":"AttackPotion"},{"floor":10,"key":"Poison Potion"},{"floor":13,"key":"Fire Potion"},{"floor":14,"key":"AttackPotion"}],"is_trial":false,"path_per_floor":["M","M","$","?","M","R","E","R","T","M","?","?","E","M","R","B",null,"M","?"],"character_chosen":"DEFECT","items_purchased":["Defragment","Runic Capacitor","Sunder"],"campfire_rested":3,"item_purchase_floors":[3,3,3],"current_hp_per_floor":[47,37,37,37,37,59,26,48,48,48,48,48,30,28,50,25,75,75,0],"gold":507,"neow_bonus":"TWO_FIFTY_GOLD","is_prod":false,"is_daily":false,"chose_seed":false,"campfire_upgraded":0,"win_rate":0,"timestamp":1555590420,"path_taken":["M","M","$","?","M","R","E","R","T","M","?","?","E","M","R","BOSS","M","?"],"build_version":"2019-01-23","purchased_purges":0,"victory":false,"max_hp_per_floor":[75,75,75,75,75,75,75,75,75,75,75,75,75,75,75,75,75,75,75],"card_choices":[{"not_picked":["Beam Cell","Tempest"],"picked":"Auto Shields","floor":1},{"not_picked":["Aggregate","Cold Snap"],"picked":"Ball Lightning","floor":2},{"not_picked":["Redo","Beam Cell"],"picked":"Reboot","floor":5},{"not_picked":["Reprogram","Chaos"],"picked":"Melter","floor":7},{"not_picked":["Conserve Battery","Rebound"],"picked":"Gash","floor":10},{"not_picked":["Hyperbeam","Streamline"],"picked":"Capacitor","floor":13},{"not_picked":["Stack+1","Compile Driver"],"picked":"Gash","floor":14},{"not_picked":["Hyperbeam","Meteor Strike"],"picked":"Reboot+1","floor":16},{"not_picked":["Turbo+1"],"picked":"SKIP","floor":18}],"player_experience":613490,"relics_obtained":[{"floor":7,"key":"Bottled Lightning"},{"floor":9,"key":"Mummified Hand"},{"floor":13,"key":"War Paint"}],"event_choices":[{"damage_healed":0,"gold_gain":0,"player_choice":"Ignored","damage_taken":0,"max_hp_gain":0,"max_hp_loss":0,"event_name":"Golden Idol","floor":4,"gold_loss":0},{"damage_healed":0,"gold_gain":30,"player_choice":"Searched \u00273\u0027 times","damage_taken":0,"relics_obtained":["Toxic Egg 2"],"max_hp_gain":0,"max_hp_loss":0,"event_name":"Dead Adventurer","floor":11,"gold_loss":0},{"damage_healed":0,"gold_gain":175,"player_choice":"AGREE","damage_taken":0,"max_hp_gain":0,"max_hp_loss":0,"event_name":"Liars Game","floor":12,"gold_loss":0,"cards_obtained":["Doubt"]},{"damage_healed":0,"gold_gain":0,"player_choice":"Fight","damage_taken":0,"max_hp_gain":0,"max_hp_loss":0,"event_name":"Colosseum","floor":19,"gold_loss":0},{"damage_healed":0,"gold_gain":0,"player_choice":"Fought Nobs","damage_taken":0,"max_hp_gain":0,"max_hp_loss":0,"event_name":"Colosseum","floor":19,"gold_loss":0}],"is_beta":false,"boss_relics":[{"not_picked":["Sozu","Tiny House"],"picked":"Busted Crown"}],"items_purged_floors":[],"is_endless":false,"potions_floor_spawned":[5,10,13,14],"killed_by":"Colosseum Nobs","ascension_level":0}