{"gold_per_floor":[110,110,121,139,64,64,94,109,133,150,150,160,123,88,88,167,167,143,157,157,170,180,180,180],"floor_reached":24,"playtime":1254,"items_purged":["Defend_R"],"score":405,"play_id":"1cfd1c4b-60f9-4994-9bfc-147ddafe53bc","local_time":"20190618193244","is_ascension_mode":true,"campfire_choices":[{"floor":6,"key":"REST"},{"floor":11,"key":"REST"},{"data":"Havoc","floor":15,"key":"SMITH"},{"floor":23,"key":"REST"}],"neow_cost":"PERCENT_DAMAGE","seed_source_timestamp":102207071019690,"circlet_count":0,"master_deck":["AscendersBane","Defend_R","Bash","Havoc+1","Entrench","Rampage","Clothesline","Flame Barrier","Shrug It Off","True Grit","Burning Pact","Spot Weakness","Demon Form","Hemokinesis+1","Shockwave+1","Demon Form+1","Sword Boomerang","Bite","Bite","Bite","Bite","Bite","Ghostly Armor"],"relics":["Burning Blood","Anchor","Bag of Marbles","Astrolabe"],"potions_floor_usage":[7,7,7,8,16,18,22],"damage_taken":[{"damage":28,"enemies":"Jaw Worm","floor":1,"turns":8},{"damage":1,"enemies":"Cultist","floor":3,"turns":3},{"damage":7,"enemies":"2 Louse","floor":4,"turns":4},{"damage":42,"enemies":"Gremlin Nob","floor":7,"turns":5},{"damage":17,"enemies":"Large Slime","floor":8,"turns":6},{"damage":1,"enemies":"Looter","floor":10,"turns":4},{"damage":0,"enemies":"3 Louse","floor":12,"turns":3},{"damage":27,"enemies":"Hexaghost","floor":16,"turns":12},{"damage":6,"enemies":"2 Thieves","floor":18,"turns":4},{"damage":33,"enemies":"Spheric Guardian","floor":19,"turns":4},{"damage":17,"enemies":"Centurion and Healer","floor":21,"turns":5},{"damage":8,"enemies":"Chosen and Byrds","floor":22,"turns":5},{"damage":58,"enemies":"Book of Stabbing","floor":24,"turns":4}],"seed_played":"3109957369879994944","potions_obtained":[{"floor":1,"key":"EntropicBrew"},{"floor":3,"key":"SpeedPotion"},{"floor":10,"key":"Swift Potion"},{"floor":12,"key":"Swift Potion"},{"floor":18,"key":"LiquidBronze"},{"floor":22,"key":"EssenceOfSteel"}],"is_trial":false,"path_per_floor":["M","?","M","M","$","R","E","M","T","M","R","M","$","?","R","B",null,"M","M","?","M","M","R","E"],"character_chosen":"IRONCLAD","items_purchased":["Spot Weakness"],"campfire_rested":3,"item_purchase_floors":[13],"current_hp_per_floor":[28,28,33,32,32,54,18,7,7,12,34,40,40,58,58,37,66,66,39,39,34,38,52,0],"gold":180,"neow_bonus":"TRANSFORM_TWO_CARDS","is_prod":false,"is_daily":false,"chose_seed":false,"campfire_upgraded":1,"win_rate":0,"timestamp":1560897164,"path_taken":["M","?","?","M","$","R","E","M","T","M","R","M","?","?","R","BOSS","M","M","?","M","M","R","E"],"build_version":"2019-01-23","purchased_purges":1,"victory":false,"max_hp_per_floor":[75,75,75,75,75,75,75,75,75,75,75,75,75,75,75,75,75,75,75,52,52,52,52,52],"card_choices":[{"not_picked":["Flame Barrier","Body Slam"],"picked":"Rampage","floor":1},{"not_picked":["Thunderclap","Intimidate"],"picked":"Clothesline","floor":3},{"not_picked":["Cleave","Anger","Hemokinesis"],"picked":"SKIP","floor":4},{"not_picked":["Sword Boomerang","Corruption"],"picked":"Flame Barrier","floor":7},{"not_picked":["Perfected Strike","Clash"],"picked":"Shrug It Off","floor":8},{"not_picked":["Searing Blow","Thunderclap"],"picked":"True Grit","floor":10},{"not_picked":["True Grit","Sentinel"],"picked":"Burning Pact","floor":12},{"not_picked":["Fiend Fire","Immolate"],"picked":"Demon Form","floor":16},{"not_picked":["Sever Soul+1","Pommel Strike"],"picked":"Sword Boomerang","floor":18},{"not_picked":["Clash","Sword Boomerang","Dropkick"],"picked":"SKIP","floor":19},{"not_picked":["Sword Boomerang","Twin Strike","Clothesline"],"picked":"SKIP","floor":21},{"not_picked":["Dark Embrace","Heavy Blade"],"picked":"Ghostly Armor","floor":22}],"player_experience":1093313,"relics_obtained":[{"floor":7,"key":"Anchor"},{"floor":9,"key":"Bag of Marbles"}],"event_choices":[{"cards_removed":["Strike_R"],"damage_healed":0,"gold_gain":0,"player_choice":"Purged","damage_taken":0,"max_hp_gain":0,"max_hp_loss":0,"event_name":"Purifier","floor":2,"gold_loss":0},{"damage_healed":18,"gold_gain":0,"player_choice":"Healed","damage_taken":0,"max_hp_gain":0,"max_hp_loss":0,"event_name":"The Cleric","floor":14,"gold_loss":35},{"damage_healed":0,"gold_gain":0,"player_choice":"Became a vampire","damage_taken":0,"max_hp_gain":0,"max_hp_loss":23,"event_name":"Vampires","floor":20,"gold_loss":0,"cards_obtained":["Bite","Bite","Bite","Bite","Bite"]}],"is_beta":false,"boss_relics":[{"not_picked":["Black Star","Runic Dome"],"picked":"Astrolabe"}],"items_purged_floors":[5],"is_endless":false,"potions_floor_spawned":[1,3,10,12,18,22],"killed_by":"Book of Stabbing","ascension_level":18}