{"gold_per_floor":[109,71,85,105,75,75,93,124,124,138,149,177,177,177,177,276,276,256,18,37,14,26,26,26,44,44,44,44,44,44,59,59,162,162,176,24,124,45,56,56,70,88,88,88,102,0,11,11,11,11],"floor_reached":51,"playtime":2171,"items_purged":[],"score":759,"play_id":"9be21b70-e4d9-497b-91cf-ddf5859cdf6a","local_time":"20190410190957","is_ascension_mode":false,"campfire_choices":[{"data":"Demon Form","floor":6,"key":"SMITH"},{"floor":13,"key":"REST"},{"floor":15,"key":"REST"},{"data":"Searing Blow","floor":23,"key":"SMITH"},{"floor":27,"key":"REST"},{"floor":32,"key":"REST"},{"floor":40,"key":"REST"},{"floor":44,"key":"REST"},{"floor":49,"key":"REST"}],"neow_cost":"NONE","seed_source_timestamp":63059441467898,"circlet_count":0,"master_deck":["Strike_R+1","Strike_R+1","Strike_R+1","Strike_R+1","Strike_R+1","Defend_R+1","Defend_R+1","Defend_R+1","Defend_R+1","Bash+1","Demon Form+1","Intimidate","Pommel Strike","Fire Breathing","Feed","Shrug It Off","Spot Weakness","Whirlwind","Seeing Red","Feed","Armaments","Dramatic Entrance","Ghostly Armor","Shrug It Off","Searing Blow+1","Pummel","Battle Trance+1","Limit Break","Shrug It Off+1","Anger","Carnage","Pummel+1","Reaper","Parasite","Shrug It Off+1","Infernal Blade","Heavy Blade","Fiend Fire"],"relics":["Black Blood","FossilizedHelix","Self Forming Clay","Paper Frog","Centennial Puzzle","Art of War","Lizard Tail","Orichalcum","Prayer Wheel","Question Card","Red Mask","Mango"],"potions_floor_usage":[8,16,16,20,33,42,42,50],"damage_taken":[{"damage":8,"enemies":"Small Slimes","floor":1,"turns":4},{"damage":6,"enemies":"Jaw Worm","floor":3,"turns":5},{"damage":0,"enemies":"Cultist","floor":4,"turns":3},{"damage":8,"enemies":"Large Slime","floor":7,"turns":6},{"damage":23,"enemies":"Gremlin Nob","floor":8,"turns":5},{"damage":22,"enemies":"Exordium Thugs","floor":10,"turns":6},{"damage":9,"enemies":"Blue Slaver","floor":11,"turns":5},{"damage":20,"enemies":"3 Sentries","floor":12,"turns":7},{"damage":44,"enemies":"Hexaghost","floor":16,"turns":8},{"damage":9,"enemies":"2 Thieves","floor":18,"turns":4},{"damage":16,"enemies":"Shell Parasite","floor":20,"turns":6},{"damage":35,"enemies":"Centurion and Healer","floor":22,"turns":7},{"damage":27,"enemies":"Cultist and Chosen","floor":25,"turns":8},{"damage":28,"enemies":"Sentry and Sphere","floor":31,"turns":7},{"damage":48,"enemies":"Champ","floor":33,"turns":13},{"damage":57,"enemies":"Orb Walker","floor":35,"turns":8},{"damage":15,"enemies":"Mind Bloom Boss Battle","floor":37,"turns":9},{"damage":11,"enemies":"3 Shapes","floor":39,"turns":3},{"damage":43,"enemies":"Spire Growth","floor":41,"turns":5},{"damage":72,"enemies":"Writhing Mass","floor":42,"turns":8},{"damage":34,"enemies":"Transient","floor":45,"turns":5},{"damage":17,"enemies":"Spire Growth","floor":47,"turns":5},{"damage":83,"enemies":"Time Eater","floor":50,"turns":10}],"seed_played":"6090216520409475879","potions_obtained":[{"floor":1,"key":"Swift Potion"},{"floor":5,"key":"SteroidPotion"},{"floor":5,"key":"PowerPotion"},{"floor":8,"key":"Ancient Potion"},{"floor":12,"key":"EssenceOfSteel"},{"floor":18,"key":"Block Potion"},{"floor":22,"key":"PowerPotion"},{"floor":37,"key":"Swift Potion"},{"floor":39,"key":"Ancient Potion"},{"floor":42,"key":"Regen Potion"}],"is_trial":false,"path_per_floor":["M","?","M","M","?","R","M","E","T","M","M","E","R","?","R","B",null,"M","$","M","$","M","R","?","M","T","R","?","?","?","M","R","B",null,"M","$","?","$","M","R","M","M","T","R","M","?","M","T","R","B",null],"character_chosen":"IRONCLAD","items_purchased":["Dramatic Entrance","Centennial Puzzle","Shrug It Off","Orichalcum","Carnage"],"campfire_rested":7,"item_purchase_floors":[19,19,21,36,38],"current_hp_per_floor":[78,78,78,80,80,80,78,64,64,51,51,40,67,67,92,57,95,98,98,95,95,74,74,74,60,60,92,92,92,92,74,106,68,108,61,61,56,56,58,91,58,65,65,98,81,81,74,88,125,52],"gold":11,"neow_bonus":"ONE_RANDOM_RARE_CARD","is_prod":false,"is_daily":false,"chose_seed":false,"campfire_upgraded":2,"win_rate":0,"timestamp":1554948597,"path_taken":["M","?","M","M","?","R","M","E","T","?","M","E","R","?","R","BOSS","M","$","M","$","M","R","?","M","T","R","?","?","?","M","R","BOSS","M","$","?","$","M","R","M","M","T","R","M","?","M","?","R","BOSS"],"build_version":"2019-01-23","purchased_purges":0,"victory":true,"max_hp_per_floor":[80,80,80,80,80,80,80,83,83,86,89,92,92,92,92,95,95,98,98,101,101,105,105,105,108,108,108,108,108,108,108,108,108,108,108,108,108,108,111,111,111,111,111,111,111,111,111,125,125,125],"card_choices":[{"not_picked":["Twin Strike","Perfected Strike"],"picked":"Intimidate","floor":1},{"not_picked":["Intimidate","Sword Boomerang"],"picked":"Pommel Strike","floor":3},{"not_picked":["True Grit","Thunderclap"],"picked":"Fire Breathing","floor":4},{"not_picked":["Havoc","Spot Weakness"],"picked":"Feed","floor":7},{"not_picked":["Pommel Strike","Whirlwind"],"picked":"Shrug It Off","floor":8},{"not_picked":["Feel No Pain","Hemokinesis"],"picked":"Spot Weakness","floor":10},{"not_picked":["Armaments","Entrench"],"picked":"Whirlwind","floor":11},{"not_picked":["Clash","Bloodletting"],"picked":"Seeing Red","floor":12},{"not_picked":["Dark Embrace","Bludgeon"],"picked":"Feed","floor":16},{"not_picked":["Burning Pact+1","Clash+1"],"picked":"Armaments","floor":18},{"not_picked":["Iron Wave+1","Intimidate"],"picked":"Ghostly Armor","floor":20},{"not_picked":["Shrug It Off","Body Slam"],"picked":"Searing Blow","floor":22},{"not_picked":["Reckless Charge","Flex","Iron Wave"],"picked":"SKIP","floor":25},{"not_picked":["Burning Pact","Brutality"],"picked":"Battle Trance+1","floor":31},{"not_picked":["Feed","Berserk"],"picked":"Limit Break","floor":33},{"not_picked":["Bloodletting+1","Thunderclap+1"],"picked":"Shrug It Off+1","floor":35},{"not_picked":["Headbutt","Shrug It Off+1"],"picked":"Anger","floor":37},{"not_picked":["Reckless Charge","Havoc+1","Rampage+1"],"picked":"SKIP","floor":39},{"not_picked":["Searing Blow+1","Twin Strike+1","Pummel+1"],"picked":"SKIP","floor":39},{"not_picked":["Searing Blow+1","Twin Strike+1"],"picked":"Pummel+1","floor":39},{"not_picked":["Reckless Charge","Havoc+1","Rampage+1"],"picked":"SKIP","floor":39},{"not_picked":["Shrug It Off+1","Inflame+1"],"picked":"Reaper","floor":41},{"not_picked":["Clothesline+1","Sever Soul+1","Perfected Strike"],"picked":"SKIP","floor":41},{"not_picked":["Shrug It Off","Iron Wave","True Grit"],"picked":"SKIP","floor":42},{"not_picked":["Blood for Blood","Rupture","Shrug It Off+1"],"picked":"SKIP","floor":42},{"not_picked":["Blood for Blood","Rupture"],"picked":"Shrug It Off+1","floor":42},{"not_picked":["Shrug It Off","Iron Wave","True Grit"],"picked":"SKIP","floor":42},{"not_picked":["Offering","Thunderclap","Iron Wave"],"picked":"Infernal Blade","floor":45},{"not_picked":["Perfected Strike+1","Thunderclap+1","Warcry+1"],"picked":"Heavy Blade","floor":45},{"not_picked":["Body Slam+1","Clash","Wild Strike+1"],"picked":"Fiend Fire","floor":47},{"not_picked":["Anger+1","Iron Wave+1","Flame Barrier+1","Armaments+1"],"picked":"SKIP","floor":47}],"player_experience":693825,"relics_obtained":[{"floor":8,"key":"FossilizedHelix"},{"floor":9,"key":"Self Forming Clay"},{"floor":12,"key":"Paper Frog"},{"floor":26,"key":"Art of War"},{"floor":37,"key":"Prayer Wheel"},{"floor":43,"key":"Question Card"},{"floor":48,"key":"Mango"}],"event_choices":[{"damage_healed":0,"gold_gain":0,"player_choice":"Left Gold","damage_taken":0,"max_hp_gain":0,"max_hp_loss":0,"event_name":"World of Goop","floor":2,"gold_loss":38},{"damage_healed":0,"gold_gain":0,"player_choice":"Bought 2 Potions","damage_taken":0,"max_hp_gain":0,"max_hp_loss":0,"event_name":"The Woman in Blue","floor":5,"gold_loss":0},{"damage_healed":0,"gold_gain":0,"player_choice":"Forge","damage_taken":0,"max_hp_gain":0,"max_hp_loss":0,"event_name":"Accursed Blacksmith","floor":14,"gold_loss":0,"cards_upgraded":["Bash"]},{"damage_healed":0,"gold_gain":0,"player_choice":"Ignored","damage_taken":0,"max_hp_gain":0,"max_hp_loss":0,"event_name":"Vampires","floor":24,"gold_loss":0},{"damage_healed":0,"gold_gain":0,"player_choice":"Read","damage_taken":0,"max_hp_gain":0,"max_hp_loss":0,"event_name":"The Library","floor":28,"gold_loss":0,"cards_obtained":["Pummel"]},{"damage_healed":0,"gold_gain":0,"player_choice":"Simplicity","damage_taken":0,"max_hp_gain":0,"max_hp_loss":0,"event_name":"Back to Basics","floor":29,"gold_loss":0,"cards_upgraded":["Strike_R","Strike_R","Strike_R","Strike_R","Strike_R","Defend_R","Defend_R","Defend_R","Defend_R"]},{"damage_healed":0,"gold_gain":0,"player_choice":"Ignored","damage_taken":0,"max_hp_gain":0,"max_hp_loss":0,"event_name":"Beggar","floor":30,"gold_loss":0},{"damage_healed":0,"gold_gain":0,"player_choice":"Fight","damage_taken":0,"max_hp_gain":0,"max_hp_loss":0,"event_name":"MindBloom","floor":37,"gold_loss":0},{"damage_healed":0,"gold_gain":0,"player_choice":"Paid","damage_taken":0,"relics_obtained":["Red Mask"],"max_hp_gain":0,"max_hp_loss":0,"event_name":"Tomb of Lord Red Mask","floor":46,"gold_loss":102}],"is_beta":false,"boss_relics":[{"not_picked":["Orrery","Velvet Choker"],"picked":"Black Blood"},{"not_picked":["Coffee Dripper","Pandora\u0027s Box"],"picked":"Lizard Tail"}],"items_purged_floors":[],"is_endless":false,"potions_floor_spawned":[1,7,8,12,18,22,37,39,42],"ascension_level":0}