{"gold_per_floor":[111,111,127,52,64,64,95,95,95,95,95,109,109,109,109,205,205,216,116,116,164,164,195,195,195,195,214,214,229,242,117,117,117],"floor_reached":33,"playtime":860,"items_purged":["Defend_R","Defend_R","Defend_R"],"score":261,"play_id":"9899fadb-b137-40ee-9668-058b360e73c3","local_time":"20190421124732","is_ascension_mode":false,"campfire_choices":[{"data":"Defend_R","floor":6,"key":"SMITH"},{"floor":15,"key":"REST"},{"data":"Shrug It Off","floor":25,"key":"SMITH"},{"floor":28,"key":"REST"},{"data":"Strike_R","floor":32,"key":"SMITH"}],"neow_cost":"NONE","seed_source_timestamp":906858162714532,"circlet_count":0,"master_deck":["Strike_R+1","Strike_R","Strike_R","Strike_R","Defend_R+1","Bash+1","Shrug It Off+1"],"relics":["Burning Blood","NeowsBlessing","Sundial","Ornamental Fan","Boot","Bronze Scales","PreservedInsect","Runic Dome","Nilry\u0027s Codex","Orichalcum","Letter Opener","Omamori"],"potions_floor_usage":[7,33],"damage_taken":[{"damage":0,"enemies":"2 Louse","floor":1,"turns":2},{"damage":0,"enemies":"Cultist","floor":3,"turns":1},{"damage":0,"enemies":"Jaw Worm","floor":5,"turns":1},{"damage":27,"enemies":"Lagavulin","floor":7,"turns":6},{"damage":18,"enemies":"3 Louse","floor":12,"turns":4},{"damage":53,"enemies":"Slime Boss","floor":16,"turns":11},{"damage":3,"enemies":"Shell Parasite","floor":18,"turns":5},{"damage":29,"enemies":"Slavers","floor":23,"turns":5},{"damage":1,"enemies":"2 Thieves","floor":27,"turns":4},{"damage":0,"enemies":"Snecko","floor":29,"turns":5},{"damage":8,"enemies":"Shelled Parasite and Fungi","floor":30,"turns":5},{"damage":84,"enemies":"Collector","floor":33,"turns":7}],"seed_played":"7114740226141224624","potions_obtained":[{"floor":5,"key":"Block Potion"},{"floor":29,"key":"LiquidBronze"},{"floor":30,"key":"Strength Potion"}],"is_trial":false,"path_per_floor":["M","?","M","$","M","R","E","T","T","$","?","M","?","T","R","B",null,"M","$","?","T","?","E","?","R","T","M","R","M","M","$","R","B"],"character_chosen":"IRONCLAD","items_purchased":[],"campfire_rested":2,"item_purchase_floors":[],"current_hp_per_floor":[80,80,80,80,80,80,59,59,59,59,80,68,43,43,67,20,80,80,80,64,64,80,57,57,57,57,62,80,80,78,78,78,0],"gold":117,"neow_bonus":"THREE_ENEMY_KILL","is_prod":false,"is_daily":false,"chose_seed":false,"campfire_upgraded":3,"win_rate":0,"timestamp":1555843652,"path_taken":["M","?","?","$","M","R","E","?","T","$","?","M","?","?","R","BOSS","M","$","?","?","?","E","?","R","T","M","R","M","M","$","R","BOSS"],"build_version":"2019-01-23","purchased_purges":3,"victory":false,"max_hp_per_floor":[80,80,80,80,80,80,80,80,80,80,80,80,80,80,80,80,80,80,80,80,80,80,80,80,80,80,80,80,80,80,80,80,80],"card_choices":[{"not_picked":["Armaments","Cleave","Sword Boomerang"],"picked":"SKIP","floor":1},{"not_picked":["Body Slam","Twin Strike","Evolve"],"picked":"SKIP","floor":3},{"not_picked":["Offering","Flex","Warcry"],"picked":"SKIP","floor":5},{"not_picked":["Pummel","Heavy Blade","Combust"],"picked":"SKIP","floor":7},{"not_picked":["Wild Strike","Havoc","Perfected Strike"],"picked":"SKIP","floor":12},{"not_picked":["Sentinel","Thunderclap"],"picked":"Shrug It Off","floor":18},{"not_picked":["Heavy Blade","Clothesline","Headbutt"],"picked":"SKIP","floor":23},{"not_picked":["Shrug It Off","Rampage","Havoc"],"picked":"SKIP","floor":27},{"not_picked":["Clothesline","Wild Strike","Flex"],"picked":"SKIP","floor":29},{"not_picked":["Shrug It Off+1","Sword Boomerang","Havoc"],"picked":"SKIP","floor":30}],"player_experience":136525,"relics_obtained":[{"floor":7,"key":"Sundial"},{"floor":8,"key":"Ornamental Fan"},{"floor":9,"key":"Boot"},{"floor":14,"key":"PreservedInsect"},{"floor":20,"key":"Nilry\u0027s Codex"},{"floor":21,"key":"Orichalcum"},{"floor":23,"key":"Letter Opener"},{"floor":26,"key":"Omamori"}],"event_choices":[{"damage_healed":0,"gold_gain":0,"player_choice":"Upgraded","damage_taken":0,"max_hp_gain":0,"max_hp_loss":0,"event_name":"Upgrade Shrine","floor":2,"gold_loss":0,"cards_upgraded":["Bash"]},{"damage_healed":26,"gold_gain":0,"player_choice":"Banana","damage_taken":0,"max_hp_gain":0,"max_hp_loss":0,"event_name":"Big Fish","floor":11,"gold_loss":0},{"damage_healed":0,"gold_gain":0,"player_choice":"Success","damage_taken":25,"relics_obtained":["Bronze Scales"],"max_hp_gain":0,"max_hp_loss":0,"event_name":"Scrap Ooze","floor":13,"gold_loss":0},{"damage_healed":0,"gold_gain":0,"player_choice":"Obtained Book","damage_taken":16,"max_hp_gain":0,"max_hp_loss":0,"event_name":"Cursed Tome","floor":20,"gold_loss":0},{"damage_healed":26,"gold_gain":0,"player_choice":"Heal","damage_taken":0,"max_hp_gain":0,"max_hp_loss":0,"event_name":"The Library","floor":22,"gold_loss":0},{"cards_removed":["Strike_R"],"damage_healed":0,"gold_gain":0,"player_choice":"Elegance","damage_taken":0,"max_hp_gain":0,"max_hp_loss":0,"event_name":"Back to Basics","floor":24,"gold_loss":0}],"is_beta":false,"boss_relics":[{"not_picked":["Coffee Dripper","Mark of Pain"],"picked":"Runic Dome"}],"items_purged_floors":[4,19,31],"is_endless":false,"potions_floor_spawned":[5,29,30],"killed_by":"Collector","ascension_level":0}