{"gold_per_floor":[118,118,130,142,142,142,168,168,168,168,68,85,101,121,121,218,218,236,506,492,492,511,511,124,124,147,165,17,33,62,12,12,113,113,125,58,69,86,186,212,224,224,224,224,237,257,273,23,23,23],"floor_reached":50,"playtime":5379,"items_purged":["Strike_G","Strike_G"],"score":496,"play_id":"ecf9ff29-5351-4171-aa89-ccecbd1f2e0c","local_time":"20190304223555","is_ascension_mode":false,"campfire_choices":[{"data":"Doppelganger","floor":6.0,"key":"SMITH"},{"data":"Corpse Explosion","floor":8.0,"key":"SMITH"},{"data":"Neutralize","floor":10.0,"key":"SMITH"},{"floor":15.0,"key":"REST"},{"floor":23.0,"key":"REST"},{"floor":25.0,"key":"REST"},{"floor":32.0,"key":"REST"},{"floor":42.0,"key":"REST"},{"data":"Envenom","floor":44.0,"key":"SMITH"},{"floor":49.0,"key":"REST"}],"neow_cost":"NONE","seed_source_timestamp":0,"circlet_count":0,"master_deck":["Defend_G","Defend_G","Defend_G","Defend_G","Defend_G","Strike_G","Survivor","Neutralize+1","Doppelganger+1","Dagger Throw","Poisoned Stab","Crippling Poison+1","Corpse Explosion+1","Dagger Spray","Deflect","Wraith Form v2","Quick Slash+1","Trip","Infinite Blades","PiercingWail","Envenom+1","PiercingWail","Skewer","Tools of the Trade","Catalyst","Leg Sweep","Dodge and Roll","Cloak And Dagger","Adrenaline","PiercingWail","Escape Plan+1","Deflect+1","Poisoned Stab"],"special_seed":0,"relics":["Ring of the Snake","Bird Faced Urn","Bottled Flame","WristBlade","Mummified Hand","Boot","Shuriken","Black Star","Oddly Smooth Stone","Anchor","Potion Belt","Centennial Puzzle"],"potions_floor_usage":[50,50,50],"damage_taken":[{"damage":1.0,"enemies":"2 Louse","floor":1.0,"turns":3.0},{"damage":0.0,"enemies":"Jaw Worm","floor":3.0,"turns":3.0},{"damage":0.0,"enemies":"Small Slimes","floor":4.0,"turns":3.0},{"damage":12.0,"enemies":"Lagavulin","floor":7.0,"turns":8.0},{"damage":8.0,"enemies":"Gremlin Gang","floor":12.0,"turns":2.0},{"damage":0.0,"enemies":"Blue Slaver","floor":13.0,"turns":4.0},{"damage":0.0,"enemies":"Red Slaver","floor":14.0,"turns":4.0},{"damage":55.0,"enemies":"Slime Boss","floor":16.0,"turns":10.0},{"damage":3.0,"enemies":"Shell Parasite","floor":18.0,"turns":6.0},{"damage":2.0,"enemies":"2 Thieves","floor":20.0,"turns":4.0},{"damage":21.0,"enemies":"Snake Plant","floor":22.0,"turns":4.0},{"damage":25.0,"enemies":"Shelled Parasite and Fungi","floor":27.0,"turns":9.0},{"damage":4.0,"enemies":"Centurion and Healer","floor":29.0,"turns":4.0},{"damage":14.0,"enemies":"Book of Stabbing","floor":30.0,"turns":6.0},{"damage":31.0,"enemies":"Automaton","floor":33.0,"turns":9.0},{"damage":9.0,"enemies":"3 Darklings","floor":35.0,"turns":5.0},{"damage":4.0,"enemies":"Orb Walker","floor":37.0,"turns":4.0},{"damage":13.0,"enemies":"Maw","floor":38.0,"turns":8.0},{"damage":46.0,"enemies":"Reptomancer","floor":40.0,"turns":9.0},{"damage":3.0,"enemies":"Sphere and 2 Shapes","floor":41.0,"turns":5.0},{"damage":0.0,"enemies":"4 Shapes","floor":45.0,"turns":5.0},{"damage":19.0,"enemies":"Transient","floor":46.0,"turns":5.0},{"damage":0.0,"enemies":"3 Darklings","floor":47.0,"turns":3.0},{"damage":63,"enemies":"Awakened One","floor":50,"turns":16}],"seed_played":"7750793331879687125","potions_obtained":[{"floor":3.0,"key":"GamblersBrew"},{"floor":4.0,"key":"GhostInAJar"},{"floor":13.0,"key":"LiquidBronze"},{"floor":18.0,"key":"Strength Potion"},{"floor":22.0,"key":"GhostInAJar"},{"floor":30.0,"key":"Block Potion"},{"floor":37.0,"key":"AttackPotion"},{"floor":40.0,"key":"AttackPotion"},{"floor":45.0,"key":"FearPotion"}],"is_trial":false,"path_per_floor":["M","?","M","M","?","R","E","R","T","R","$","M","M","M","R","B",null,"M","?","M","?","M","R","$","R","T","M","$","M","E","?","R","B",null,"M","$","M","M","?","E","M","R","T","R","M","M","M","$","R","B"],"character_chosen":"THE_SILENT","items_purchased":["Dagger Spray","Mummified Hand","Infinite Blades","Envenom","Leg Sweep","Centennial Puzzle","Weak Potion","Poisoned Stab"],"campfire_rested":6,"item_purchase_floors":[11,24,24,28,36,48,48,48],"current_hp_per_floor":[69,62,62,62,62,62,50,50,50,50,50,42,42,42,63,8,70,69,34,34,34,13,34,34,55,55,34,34,32,22,22,43,16,70,65,65,65,60,60,20,21,42,42,42,46,31,31,31,52,0],"gold":23,"neow_bonus":"ONE_RANDOM_RARE_CARD","is_prod":false,"is_daily":false,"chose_seed":false,"campfire_upgraded":4,"win_rate":0,"timestamp":1551767755,"path_taken":["M","?","M","M","?","R","E","R","T","R","$","M","M","M","R","BOSS","M","?","?","?","?","R","$","R","T","M","?","M","E","?","R","BOSS","M","?","M","M","?","E","M","R","T","R","?","M","M","$","R","BOSS"],"build_version":"2019-01-23","purchased_purges":2,"victory":false,"max_hp_per_floor":[70,70,70,70,70,70,70,70,70,70,70,70,70,70,70,70,70,70,70,70,70,70,70,70,70,70,70,70,70,70,70,70,70,70,70,70,70,70,70,70,70,70,70,70,70,70,70,70,70,70],"card_choices":[{"not_picked":["Underhanded Strike","Slice"],"picked":"Dagger Throw","floor":1.0},{"not_picked":["Cloak And Dagger","Acrobatics"],"picked":"Poisoned Stab","floor":3.0},{"not_picked":["Blade Dance","Flying Knee"],"picked":"Crippling Poison","floor":4.0},{"not_picked":["Caltrops","Dagger Throw"],"picked":"Corpse Explosion","floor":7.0},{"not_picked":["All Out Attack","Outmaneuver","Poisoned Stab"],"picked":"SKIP","floor":12.0},{"not_picked":["Underhanded Strike","Storm of Steel"],"picked":"Deflect","floor":13.0},{"not_picked":["Dash","Bane","Outmaneuver"],"picked":"SKIP","floor":14.0},{"not_picked":["Phantasmal Killer","Unload"],"picked":"Wraith Form v2","floor":16.0},{"not_picked":["Underhanded Strike","Riddle With Holes"],"picked":"Quick Slash+1","floor":18.0},{"not_picked":["Tactician+1","Quick Slash","Deadly Poison+1"],"picked":"SKIP","floor":20.0},{"not_picked":["Reflex","Dagger Throw+1","Riddle With Holes+1"],"picked":"SKIP","floor":22.0},{"not_picked":["Underhanded Strike","Flechettes"],"picked":"PiercingWail","floor":27.0},{"not_picked":["Accuracy","Distraction"],"picked":"PiercingWail","floor":29.0},{"not_picked":["Eviscerate+1","Finisher+1"],"picked":"Skewer","floor":30.0},{"not_picked":["Storm of Steel","Unload"],"picked":"Tools of the Trade","floor":33.0},{"not_picked":["Outmaneuver","Dagger Throw"],"picked":"Catalyst","floor":35.0},{"not_picked":["Slice","Concentrate+1"],"picked":"Dodge and Roll","floor":37.0},{"not_picked":["Poisoned Stab+1","Dodge and Roll"],"picked":"Cloak And Dagger","floor":38.0},{"not_picked":["Grand Finale","Die Die Die"],"picked":"Adrenaline","floor":40.0},{"not_picked":["Outmaneuver","Flying Knee"],"picked":"PiercingWail","floor":41.0},{"not_picked":["Bouncing Flask","Quick Slash+1"],"picked":"Escape Plan+1","floor":46.0},{"not_picked":["Endless Agony+1","Sucker Punch"],"picked":"Deflect+1","floor":47.0}],"player_experience":552174,"relics_obtained":[{"floor":7.0,"key":"Bird Faced Urn"},{"floor":9.0,"key":"Bottled Flame"},{"floor":26.0,"key":"Boot"},{"floor":30.0,"key":"Shuriken"},{"floor":40.0,"key":"Oddly Smooth Stone"},{"floor":40.0,"key":"Anchor"},{"floor":43.0,"key":"Potion Belt"}],"event_choices":[{"cards_removed":["Strike_G"],"damage_healed":0.0,"max_hp_gain":0.0,"max_hp_loss":0.0,"gold_gain":0.0,"event_name":"Golden Wing","player_choice":"Card Removal","floor":2.0,"gold_loss":0.0,"damage_taken":7.0},{"damage_healed":0.0,"max_hp_gain":0.0,"max_hp_loss":0.0,"gold_gain":0.0,"event_name":"Living Wall","player_choice":"Grow","floor":5.0,"gold_loss":0.0,"damage_taken":0.0,"cards_upgraded":["Crippling Poison"]},{"damage_healed":0.0,"max_hp_gain":0.0,"max_hp_loss":0.0,"gold_gain":270.0,"event_name":"Knowing Skull","player_choice":"GOLD GOLD CARD GOLD ","floor":19.0,"potions_obtained":[],"gold_loss":0.0,"damage_taken":35.0,"cards_obtained":["Trip"]},{"damage_healed":0.0,"max_hp_gain":0.0,"max_hp_loss":0.0,"gold_gain":270.0,"event_name":"Knowing Skull","player_choice":"GOLD GOLD CARD GOLD ","floor":19.0,"potions_obtained":[],"gold_loss":0.0,"damage_taken":35.0,"cards_obtained":["Trip"]},{"cards_removed":["Strike_G"],"damage_healed":0.0,"max_hp_gain":0.0,"max_hp_loss":0.0,"gold_gain":0.0,"event_name":"Purifier","player_choice":"Purged","floor":21.0,"gold_loss":0.0,"damage_taken":0.0},{"damage_healed":0.0,"max_hp_gain":0.0,"max_hp_loss":0.0,"gold_gain":0.0,"event_name":"The Joust","player_choice":"Bet on Owner","floor":31.0,"gold_loss":50.0,"damage_taken":0.0},{"damage_healed":0.0,"max_hp_gain":0.0,"max_hp_loss":0.0,"gold_gain":100.0,"event_name":"Golden Shrine","player_choice":"Pray","floor":39.0,"gold_loss":0.0,"damage_taken":0.0}],"is_beta":false,"boss_relics":[{"not_picked":["Snecko Eye","Tiny House"],"picked":"WristBlade"},{"not_picked":["HoveringKite","Calling Bell"],"picked":"Black Star"}],"items_purged_floors":[11,24],"is_endless":false,"potions_floor_spawned":[3,4,13,18,22,30,37,40,45],"killed_by":"Awakened One","ascension_level":0}