{"gold_per_floor":[117,136,151,166,186,186,211,230,257,332,332,332,368,438,438,438],"floor_reached":16,"playtime":1112,"items_purged":[],"score":213,"play_id":"f22969a5-8b80-4b19-b6c9-23613953326e","local_time":"20190615120211","is_ascension_mode":true,"campfire_choices":[{"data":"Uppercut","floor":6,"key":"SMITH"},{"floor":12,"key":"REST"},{"floor":15,"key":"REST"}],"neow_cost":"NONE","seed_source_timestamp":2434382741499823,"circlet_count":0,"master_deck":["AscendersBane","Strike_R","Strike_R","Strike_R","Strike_R","Strike_R","Defend_R","Defend_R","Defend_R","Defend_R","Bash","Flame Barrier","Intimidate","Anger","Shrug It Off","Feel No Pain","Uppercut+1","True Grit"],"relics":["Burning Blood","Strawberry","Omamori","Golden Idol","Dead Branch"],"potions_floor_usage":[5,7,7,13,16],"damage_taken":[{"damage":1,"enemies":"Cultist","floor":1,"turns":4},{"damage":6,"enemies":"Jaw Worm","floor":2,"turns":6},{"damage":2,"enemies":"Small Slimes","floor":3,"turns":3},{"damage":6,"enemies":"Looter","floor":4,"turns":3},{"damage":12,"enemies":"Exordium Wildlife","floor":5,"turns":6},{"damage":24,"enemies":"Gremlin Nob","floor":7,"turns":4},{"damage":22,"enemies":"Exordium Thugs","floor":8,"turns":4},{"damage":18,"enemies":"3 Sentries","floor":13,"turns":11},{"damage":63,"enemies":"Slime Boss","floor":16,"turns":11}],"seed_played":"7925654654104028156","potions_obtained":[{"floor":1,"key":"Ancient Potion"},{"floor":3,"key":"Regen Potion"},{"floor":5,"key":"Explosive Potion"},{"floor":7,"key":"LiquidBronze"},{"floor":13,"key":"Poison Potion"}],"is_trial":false,"path_per_floor":["M","M","M","M","M","R","E","M","T","?","?","R","E","?","R","B"],"character_chosen":"IRONCLAD","items_purchased":[],"campfire_rested":2,"item_purchase_floors":[],"current_hp_per_floor":[73,73,75,75,69,69,67,51,51,40,12,36,24,24,48,0],"gold":438,"neow_bonus":"THREE_CARDS","is_prod":false,"is_daily":false,"chose_seed":false,"campfire_upgraded":1,"win_rate":0,"timestamp":1560610931,"path_taken":["M","M","?","M","M","R","E","M","T","?","?","R","E","?","R","BOSS"],"build_version":"2019-01-23","purchased_purges":0,"victory":false,"max_hp_per_floor":[75,75,75,75,75,75,82,82,82,82,82,82,82,82,82,82],"card_choices":[{"not_picked":["Bloodletting","Thunderclap"],"picked":"Flame Barrier","floor":0},{"not_picked":["Bloodletting","Corruption"],"picked":"Intimidate","floor":1},{"not_picked":["Thunderclap","Combust"],"picked":"Anger","floor":2},{"not_picked":["Infernal Blade","Combust"],"picked":"Shrug It Off","floor":3},{"not_picked":["Evolve","Iron Wave"],"picked":"Feel No Pain","floor":4},{"not_picked":["Warcry","Intimidate"],"picked":"Uppercut","floor":5},{"not_picked":["Reckless Charge","Brutality"],"picked":"True Grit","floor":7},{"not_picked":["Thunderclap","Clash","Shrug It Off"],"picked":"SKIP","floor":8},{"not_picked":["Pommel Strike","Flex","Thunderclap"],"picked":"SKIP","floor":13}],"player_experience":1052407,"relics_obtained":[{"floor":7,"key":"Strawberry"},{"floor":9,"key":"Omamori"},{"floor":13,"key":"Dead Branch"}],"event_choices":[{"damage_healed":0,"gold_gain":75,"player_choice":"Gather Gold","damage_taken":11,"max_hp_gain":0,"max_hp_loss":0,"event_name":"World of Goop","floor":10,"gold_loss":0},{"damage_healed":0,"gold_gain":0,"player_choice":"Take Damage","damage_taken":28,"relics_obtained":["Golden Idol"],"max_hp_gain":0,"max_hp_loss":0,"event_name":"Golden Idol","floor":11,"gold_loss":0},{"damage_healed":0,"gold_gain":70,"player_choice":"Gained Gold","damage_taken":0,"max_hp_gain":0,"max_hp_loss":0,"event_name":"Golden Wing","floor":14,"gold_loss":0}],"is_beta":false,"boss_relics":[],"items_purged_floors":[],"is_endless":false,"potions_floor_spawned":[1,3,5,7,13],"killed_by":"Slime Boss","ascension_level":18}