{"gold_per_floor":[114,124,124,124,124,124,124,140,140,140,164,164,199,274,274,398,398,416,416,437,462,475,475,508,508,508,508,533,632,169,187,187,187],"floor_reached":33,"playtime":1456,"items_purged":[],"score":318,"play_id":"42428c6f-f389-401e-9b90-3d6afa739f01","local_time":"20190409190056","is_ascension_mode":true,"campfire_choices":[{"data":"Metallicize","floor":6,"key":"SMITH"},{"data":"Armaments","floor":10,"key":"SMITH"},{"data":"Headbutt","floor":12,"key":"SMITH"},{"data":"Iron Wave","floor":15,"key":"SMITH"},{"floor":23,"key":"REST"},{"floor":25,"key":"REST"},{"data":"Shockwave","floor":27,"key":"SMITH"},{"floor":32,"key":"REST"}],"neow_cost":"NONE","seed_source_timestamp":88101764704567,"circlet_count":0,"master_deck":["Strike_R","Strike_R","Strike_R","Strike_R","Strike_R","Defend_R","Defend_R","Defend_R","Defend_R","Headbutt+1","Metallicize+1","Armaments+1","Iron Wave+1","Iron Wave+1","Shockwave+1","Seeing Red","Cleave","Flex+1"],"relics":["Burning Blood","Bronze Scales","Golden Idol","Dodecahedron","Regal Pillow","Runic Cube","Potion Belt","Pantograph","Bottled Flame","MealTicket"],"potions_floor_usage":[16,20,28,33,33],"damage_taken":[{"damage":7,"enemies":"2 Louse","floor":1,"turns":2},{"damage":3,"enemies":"Small Slimes","floor":2,"turns":3},{"damage":1,"enemies":"Cultist","floor":8,"turns":4},{"damage":6,"enemies":"Lots of Slimes","floor":11,"turns":4},{"damage":15,"enemies":"Gremlin Nob","floor":13,"turns":4},{"damage":57,"enemies":"Slime Boss","floor":16,"turns":14},{"damage":13,"enemies":"3 Byrds","floor":18,"turns":5},{"damage":0,"enemies":"Shell Parasite","floor":20,"turns":5},{"damage":12,"enemies":"Snake Plant","floor":21,"turns":5},{"damage":44,"enemies":"Shelled Parasite and Fungi","floor":22,"turns":9},{"damage":50,"enemies":"Slavers","floor":24,"turns":9},{"damage":28,"enemies":"Sentry and Sphere","floor":28,"turns":6},{"damage":22,"enemies":"Snake Plant","floor":31,"turns":5},{"damage":95,"enemies":"Champ","floor":33,"turns":13}],"seed_played":"-712063910692552715","potions_obtained":[{"floor":1,"key":"Regen Potion"},{"floor":11,"key":"Poison Potion"},{"floor":13,"key":"Strength Potion"},{"floor":21,"key":"FearPotion"},{"floor":24,"key":"FearPotion"},{"floor":31,"key":"Swift Potion"}],"is_trial":false,"path_per_floor":["M","M","$","?","?","R","?","M","T","R","M","R","E","?","R","B",null,"M","?","M","M","M","R","E","R","T","R","M","?","$","M","R","B"],"character_chosen":"IRONCLAD","items_purchased":["Bottled Flame","MealTicket"],"campfire_rested":3,"item_purchase_floors":[30,30],"current_hp_per_floor":[79,80,80,80,73,73,73,74,74,74,74,74,65,58,58,22,74,67,84,84,78,40,80,36,76,76,76,54,54,54,38,78,0],"gold":187,"neow_bonus":"RANDOM_COMMON_RELIC","is_prod":false,"is_daily":false,"chose_seed":false,"campfire_upgraded":5,"win_rate":0,"timestamp":1554829256,"path_taken":["M","M","$","?","?","R","?","M","T","R","M","R","E","?","R","BOSS","M","?","M","M","?","R","E","R","T","R","M","?","$","M","R","BOSS"],"build_version":"2019-01-23","purchased_purges":0,"victory":false,"max_hp_per_floor":[80,80,80,80,80,80,74,74,74,74,74,74,74,74,74,74,74,74,84,84,84,84,84,84,84,84,84,84,84,84,84,84,84],"card_choices":[{"not_picked":["Sentinel","Clothesline"],"picked":"Headbutt","floor":1},{"not_picked":["Flex","Anger"],"picked":"Metallicize","floor":2},{"not_picked":["Twin Strike","Rage"],"picked":"Armaments","floor":8},{"not_picked":["Fire Breathing","Thunderclap","Havoc"],"picked":"SKIP","floor":11},{"not_picked":["Combust","Sentinel"],"picked":"Iron Wave","floor":13},{"not_picked":["Offering","Brutality"],"picked":"Limit Break","floor":16},{"not_picked":["Flex","Anger+1","Dropkick+1"],"picked":"SKIP","floor":18},{"not_picked":["Pommel Strike+1","Dropkick+1"],"picked":"Iron Wave+1","floor":20},{"not_picked":["Sword Boomerang","Clash","Havoc"],"picked":"SKIP","floor":21},{"not_picked":["Searing Blow","Clash"],"picked":"Shockwave","floor":22},{"not_picked":["Wild Strike+1","Clothesline"],"picked":"Seeing Red","floor":24},{"not_picked":["Perfected Strike+1","Wild Strike"],"picked":"Cleave","floor":28},{"not_picked":["True Grit+1","Sword Boomerang"],"picked":"Flex+1","floor":31}],"player_experience":105391,"relics_obtained":[{"floor":9,"key":"Dodecahedron"},{"floor":13,"key":"Regal Pillow"},{"floor":24,"key":"Potion Belt"},{"floor":26,"key":"Pantograph"}],"event_choices":[{"damage_healed":0,"gold_gain":0,"player_choice":"Ignored","damage_taken":0,"max_hp_gain":0,"max_hp_loss":0,"event_name":"Liars Game","floor":4,"gold_loss":0},{"cards_removed":["Bash"],"damage_healed":0,"gold_gain":0,"player_choice":"Card Removal","damage_taken":7,"max_hp_gain":0,"max_hp_loss":0,"event_name":"Golden Wing","floor":5,"gold_loss":0},{"damage_healed":0,"gold_gain":0,"player_choice":"Lose Max HP","damage_taken":0,"relics_obtained":["Golden Idol"],"max_hp_gain":0,"max_hp_loss":6,"event_name":"Golden Idol","floor":7,"gold_loss":0},{"damage_healed":0,"gold_gain":75,"player_choice":"Touch","damage_taken":7,"max_hp_gain":0,"max_hp_loss":0,"event_name":"FaceTrader","floor":14,"gold_loss":0},{"cards_removed":["Limit Break"],"damage_healed":7,"gold_gain":0,"player_choice":"Offered Rare","damage_taken":0,"max_hp_gain":10,"max_hp_loss":0,"event_name":"Bonfire Elementals","floor":19,"gold_loss":0},{"damage_healed":0,"gold_gain":99,"player_choice":"Stole From Cult","damage_taken":0,"max_hp_gain":0,"max_hp_loss":0,"event_name":"Nest","floor":29,"gold_loss":0}],"is_beta":false,"boss_relics":[{"not_picked":["Mark of Pain","Coffee Dripper"],"picked":"Runic Cube"}],"items_purged_floors":[],"is_endless":false,"potions_floor_spawned":[1,11,13,21,24,31],"killed_by":"Champ","ascension_level":4}