{"gold_per_floor":[113,288,303,303,32,32,32,32,58,89,49,82,98,117,117,215,215,232,247,266,266,282,282,207,207],"floor_reached":25,"playtime":1442,"items_purged":["Regret"],"score":274,"play_id":"5fef1100-8647-4a58-a960-d29a201b86c6","local_time":"20190603071444","is_ascension_mode":true,"campfire_choices":[{"data":"Zap","floor":6,"key":"SMITH"},{"data":"Coolheaded","floor":8,"key":"SMITH"},{"floor":15,"key":"REST"},{"floor":23,"key":"REST"}],"neow_cost":"NONE","seed_source_timestamp":1380013886243779,"circlet_count":0,"master_deck":["Strike_B","Strike_B","Strike_B","Strike_B","Defend_B","Defend_B","Defend_B+1","Defend_B+1","Zap+1","Dualcast","Finesse","Rebound","Coolheaded+1","Genetic Algorithm","Doom and Gloom","FTL","Go for the Eyes","Skim","Coolheaded","Barrage","Panacea"],"relics":["Cracked Core","Ornamental Fan","Runic Capacitor","Smiling Mask","Anchor","Dodecahedron","Snecko Eye"],"potions_floor_usage":[12,16,18,20,20,25],"damage_taken":[{"damage":0,"enemies":"Small Slimes","floor":1,"turns":4},{"damage":6,"enemies":"Jaw Worm","floor":3,"turns":4},{"damage":24,"enemies":"3 Sentries","floor":10,"turns":7},{"damage":15,"enemies":"Gremlin Nob","floor":12,"turns":4},{"damage":0,"enemies":"Cultist","floor":13,"turns":3},{"damage":0,"enemies":"2 Fungi Beasts","floor":14,"turns":3},{"damage":14,"enemies":"Slime Boss","floor":16,"turns":10},{"damage":0,"enemies":"3 Byrds","floor":18,"turns":5},{"damage":9,"enemies":"Chosen","floor":19,"turns":6},{"damage":22,"enemies":"3 Cultists","floor":20,"turns":6},{"damage":30,"enemies":"Cultist and Chosen","floor":22,"turns":7},{"damage":31,"enemies":"Gremlin Leader","floor":25,"turns":5}],"seed_played":"1224854696161556810","potions_obtained":[{"floor":3,"key":"PowerPotion"},{"floor":10,"key":"FairyPotion"},{"floor":12,"key":"Explosive Potion"},{"floor":13,"key":"Block Potion"},{"floor":16,"key":"SkillPotion"},{"floor":19,"key":"Block Potion"},{"floor":22,"key":"FocusPotion"}],"is_trial":false,"path_per_floor":["M","?","M","?","$","R","?","R","T","E","$","E","M","M","R","B",null,"M","M","M","?","M","R","?","E"],"character_chosen":"DEFECT","items_purchased":["Runic Capacitor","Genetic Algorithm"],"campfire_rested":2,"item_purchase_floors":[5,11],"current_hp_per_floor":[68,68,62,62,62,62,47,47,47,23,23,8,8,8,30,16,60,60,51,29,29,7,29,29,0],"gold":207,"neow_bonus":"RANDOM_COLORLESS","is_prod":false,"is_daily":false,"chose_seed":false,"campfire_upgraded":2,"win_rate":0,"timestamp":1559556884,"path_taken":["M","?","M","?","$","R","?","R","T","E","?","E","M","M","R","BOSS","M","M","M","?","?","R","?","E"],"build_version":"2019-01-23","purchased_purges":1,"victory":false,"max_hp_per_floor":[75,75,75,75,75,75,75,75,75,75,75,75,75,75,75,75,75,75,75,75,75,75,75,75,75],"card_choices":[{"not_picked":["White Noise","Heatsinks"],"picked":"Rebound","floor":1},{"not_picked":["Gash","Steam"],"picked":"Coolheaded","floor":3},{"not_picked":["Creative AI","Double Energy","Heatsinks"],"picked":"SKIP","floor":10},{"not_picked":["Tempest","Turbo"],"picked":"Doom and Gloom","floor":12},{"not_picked":["BootSequence","Go for the Eyes"],"picked":"FTL","floor":13},{"not_picked":["Sunder","Cold Snap"],"picked":"Go for the Eyes","floor":14},{"not_picked":["Gash","Chill"],"picked":"Skim","floor":18},{"not_picked":["Rebound+1","BootSequence","Reprogram"],"picked":"SKIP","floor":19},{"not_picked":["Lockon","Barrage"],"picked":"Coolheaded","floor":20},{"not_picked":["Reprogram","Redo","Force Field+1"],"picked":"SKIP","floor":22}],"player_experience":880160,"relics_obtained":[{"floor":9,"key":"Smiling Mask"},{"floor":10,"key":"Anchor"},{"floor":12,"key":"Dodecahedron"}],"event_choices":[{"damage_healed":0,"gold_gain":175,"player_choice":"AGREE","damage_taken":0,"max_hp_gain":0,"max_hp_loss":0,"event_name":"Liars Game","floor":2,"gold_loss":0,"cards_obtained":["Doubt"]},{"damage_healed":0,"gold_gain":0,"player_choice":"Box","damage_taken":0,"relics_obtained":["Ornamental Fan"],"max_hp_gain":0,"max_hp_loss":0,"event_name":"Big Fish","floor":4,"gold_loss":0,"cards_obtained":["Regret"]},{"damage_healed":0,"gold_gain":0,"player_choice":"Entered Light","damage_taken":15,"max_hp_gain":0,"max_hp_loss":0,"event_name":"Shining Light","floor":7,"gold_loss":0,"cards_upgraded":["Defend_B","Defend_B"]},{"damage_healed":0,"gold_gain":0,"player_choice":"2 cards matched","damage_taken":0,"max_hp_gain":0,"max_hp_loss":0,"event_name":"Match and Keep!","floor":21,"gold_loss":0,"cards_obtained":["Barrage","Panacea"]},{"cards_removed":["Doubt"],"damage_healed":0,"gold_gain":0,"player_choice":"Gave Gold","damage_taken":0,"max_hp_gain":0,"max_hp_loss":0,"event_name":"Beggar","floor":24,"gold_loss":75}],"is_beta":false,"boss_relics":[{"not_picked":["Calling Bell","Sozu"],"picked":"Snecko Eye"}],"items_purged_floors":[5],"is_endless":false,"potions_floor_spawned":[3,10,12,13,16,19,22],"killed_by":"Gremlin Leader","ascension_level":6}