{"gold_per_floor":[117,117,135,155,155,155,189,189,189,230,248,271,13,13,13,144,144,157,157,172,185,117,117],"floor_reached":23,"playtime":833,"items_purged":[],"score":276,"play_id":"de36b112-14b6-407c-ab2e-cce9365aca25","local_time":"20190531130636","is_ascension_mode":true,"campfire_choices":[{"data":"Chaos","floor":6,"key":"SMITH"},{"floor":8,"key":"REST"},{"floor":15,"key":"REST"}],"neow_cost":"NONE","seed_source_timestamp":1142537461573058,"circlet_count":0,"master_deck":["Strike_B","Strike_B","Strike_B","Defend_B","Defend_B","Defend_B","Defend_B","Zap","Dualcast","Ball Lightning","Chaos+1","Sweeping Beam","Cold Snap","Ball Lightning","Beam Cell","Go for the Eyes","Reboot","Capacitor","Defragment"],"relics":["Velvet Choker","Gremlin Horn","Pen Nib","Blood Vial","Shuriken","StoneCalendar","Eternal Feather","Nloth\u0027s Gift"],"potions_floor_usage":[7,7,23],"damage_taken":[{"damage":7,"enemies":"2 Louse","floor":1,"turns":3},{"damage":7,"enemies":"Jaw Worm","floor":3,"turns":2},{"damage":0,"enemies":"Small Slimes","floor":4,"turns":2},{"damage":22,"enemies":"Gremlin Nob","floor":7,"turns":4},{"damage":14,"enemies":"Lagavulin","floor":10,"turns":6},{"damage":6,"enemies":"Blue Slaver","floor":11,"turns":2},{"damage":2,"enemies":"Exordium Thugs","floor":12,"turns":3},{"damage":0,"enemies":"Slime Boss","floor":16,"turns":6},{"damage":12,"enemies":"3 Byrds","floor":18,"turns":3},{"damage":0,"enemies":"Chosen","floor":20,"turns":4},{"damage":17,"enemies":"Snake Plant","floor":21,"turns":4},{"damage":46,"enemies":"Slavers","floor":23,"turns":2}],"seed_played":"-3632992080500786893","potions_obtained":[{"floor":3,"key":"AttackPotion"},{"floor":4,"key":"Weak Potion"},{"floor":10,"key":"Poison Potion"}],"is_trial":false,"path_per_floor":["M","?","M","M","?","R","E","R","T","E","M","M","$","?","R","B",null,"M","?","M","M","$","E"],"character_chosen":"DEFECT","items_purchased":["Shuriken","Defragment"],"campfire_rested":2,"item_purchase_floors":[13,22],"current_hp_per_floor":[68,68,61,61,54,54,32,52,52,38,34,34,34,31,51,53,69,57,57,59,44,44,0],"gold":117,"neow_bonus":"BOSS_RELIC","is_prod":false,"is_daily":false,"chose_seed":false,"campfire_upgraded":1,"win_rate":0,"timestamp":1559318796,"path_taken":["M","?","M","M","?","R","E","R","T","E","M","M","$","?","R","BOSS","M","?","M","M","?","E"],"build_version":"2019-01-23","purchased_purges":0,"victory":false,"max_hp_per_floor":[75,69,69,69,69,69,69,69,69,69,69,69,69,69,69,69,69,69,69,69,69,69,69],"card_choices":[{"not_picked":["Beam Cell","Rebound"],"picked":"Ball Lightning","floor":1},{"not_picked":["Stack","Leap"],"picked":"Chaos","floor":3},{"not_picked":["Turbo","Reprogram"],"picked":"Sweeping Beam","floor":4},{"not_picked":["Aggregate","Streamline"],"picked":"Cold Snap","floor":7},{"not_picked":["Amplify","Stack"],"picked":"Ball Lightning","floor":10},{"not_picked":["Reinforced Body","Coolheaded"],"picked":"Beam Cell","floor":11},{"not_picked":["Rebound","Hologram","Coolheaded"],"picked":"SKIP","floor":12},{"not_picked":["Sweeping Beam","Reprogram"],"picked":"Go for the Eyes","floor":18},{"not_picked":["Go for the Eyes","Force Field"],"picked":"Reboot","floor":20},{"not_picked":["Streamline+1","Coolheaded+1"],"picked":"Capacitor","floor":21}],"player_experience":835509,"relics_obtained":[{"floor":7,"key":"Gremlin Horn"},{"floor":9,"key":"Pen Nib"},{"floor":10,"key":"Blood Vial"}],"event_choices":[{"damage_healed":0,"gold_gain":0,"player_choice":"Lose Max HP","damage_taken":0,"relics_obtained":["Golden Idol"],"max_hp_gain":0,"max_hp_loss":6,"event_name":"Golden Idol","floor":2,"gold_loss":0},{"cards_removed":["Strike_B"],"damage_healed":0,"gold_gain":0,"player_choice":"Card Removal","damage_taken":7,"max_hp_gain":0,"max_hp_loss":0,"event_name":"Golden Wing","floor":5,"gold_loss":0},{"damage_healed":0,"gold_gain":0,"player_choice":"Success","damage_taken":3,"relics_obtained":["StoneCalendar"],"max_hp_gain":0,"max_hp_loss":0,"event_name":"Scrap Ooze","floor":14,"gold_loss":0},{"damage_healed":0,"gold_gain":0,"player_choice":"Traded Relic","damage_taken":0,"relics_obtained":["Nloth\u0027s Gift"],"max_hp_gain":0,"max_hp_loss":0,"event_name":"N\u0027loth","floor":19,"relics_lost":["Golden Idol"],"gold_loss":0}],"is_beta":false,"boss_relics":[{"not_picked":["White Beast Statue","Pandora\u0027s Box"],"picked":"Eternal Feather"}],"items_purged_floors":[],"is_endless":false,"potions_floor_spawned":[3,4,10],"killed_by":"Slavers","ascension_level":2}