{"gold_per_floor":[119,119,119,194,144,144,176,18,69,84,94,94,112,124,124,219,219,233,252,252,177,177,177,177,192,243,243,260,278,304,168,168,268,268,281,281,299,311,86,86,96,106,106,106,121,121,121,140,140,140],"floor_reached":50,"playtime":2345,"items_purged":["Strike_B","Defend_B","Sunder"],"score":489,"play_id":"ce18cc38-5752-4cde-af6c-6f31b2f960d3","local_time":"20190418134446","is_ascension_mode":false,"campfire_choices":[{"data":"Dualcast","floor":6,"key":"SMITH"},{"floor":12,"key":"REST"},{"data":"Coolheaded","floor":15,"key":"SMITH"},{"floor":23,"key":"REST"},{"data":"RitualDagger","floor":27,"key":"SMITH"},{"floor":32,"key":"REST"},{"floor":40,"key":"RECALL"},{"floor":44,"key":"REST"},{"floor":46,"key":"REST"},{"floor":49,"key":"REST"}],"neow_cost":"NONE","seed_source_timestamp":741793002968253,"circlet_count":0,"master_deck":["Defend_B+1","Zap+1","Dualcast+1","Tempest","Core Surge","Dramatic Entrance","Coolheaded+1","Go for the Eyes","Cold Snap","Sweeping Beam","Electrodynamics","RitualDagger+1","Barrage+1","Leap+1","Auto Shields","Skim","Lockon","Rebound","Zap","Redo+1","Gash","White Noise","Coolheaded+1","Gash","Go for the Eyes+1","Magnetism"],"relics":["Cracked Core","Orichalcum","Omamori","Busted Crown","Anchor","War Paint","Empty Cage","Question Card"],"potions_floor_usage":[16,30,35,42,42,42,42,48],"damage_taken":[{"damage":0,"enemies":"2 Louse","floor":1,"turns":2},{"damage":22,"enemies":"3 Sentries","floor":7,"turns":6},{"damage":0,"enemies":"Small Slimes","floor":10,"turns":2},{"damage":0,"enemies":"Cultist","floor":11,"turns":3},{"damage":0,"enemies":"Gremlin Gang","floor":13,"turns":3},{"damage":0,"enemies":"Blue Slaver","floor":14,"turns":2},{"damage":14,"enemies":"Hexaghost","floor":16,"turns":9},{"damage":0,"enemies":"Chosen","floor":18,"turns":3},{"damage":6,"enemies":"Shell Parasite","floor":19,"turns":3},{"damage":9,"enemies":"Shelled Parasite and Fungi","floor":25,"turns":6},{"damage":8,"enemies":"Snecko","floor":28,"turns":4},{"damage":4,"enemies":"Cultist and Chosen","floor":29,"turns":4},{"damage":17,"enemies":"Slavers","floor":30,"turns":5},{"damage":32,"enemies":"Collector","floor":33,"turns":10},{"damage":0,"enemies":"Orb Walker","floor":35,"turns":2},{"damage":0,"enemies":"3 Shapes","floor":37,"turns":3},{"damage":20,"enemies":"Transient","floor":38,"turns":5},{"damage":23,"enemies":"Writhing Mass","floor":41,"turns":7},{"damage":33,"enemies":"Maw","floor":42,"turns":8},{"damage":2,"enemies":"Transient","floor":45,"turns":5},{"damage":20,"enemies":"Jaw Worm Horde","floor":48,"turns":2},{"damage":60,"enemies":"Donu and Deca","floor":50,"turns":6}],"seed_played":"4515299315995058927","potions_obtained":[{"floor":1,"key":"SneckoOil"},{"floor":7,"key":"FearPotion"},{"floor":28,"key":"FearPotion"},{"floor":29,"key":"FearPotion"},{"floor":33,"key":"Fire Potion"},{"floor":38,"key":"EntropicBrew"},{"floor":41,"key":"LiquidBronze"},{"floor":42,"key":"Regen Potion"}],"is_trial":false,"path_per_floor":["M","?","?","?","?","R","E","$","T","M","M","R","M","M","R","B",null,"M","M","?","?","?","R","?","M","T","R","M","M","E","$","R","B",null,"M","?","M","M","$","R","M","M","T","R","M","R","?","M","R","B"],"character_chosen":"DEFECT","items_purchased":["Dramatic Entrance","Sunder","Gash","White Noise"],"campfire_rested":6,"item_purchase_floors":[8,31,39,39],"current_hp_per_floor":[75,75,68,57,57,57,35,35,35,35,35,57,57,57,57,43,75,75,69,63,63,49,73,73,64,64,64,56,52,35,35,59,27,80,80,80,80,60,60,60,37,4,4,28,26,50,50,35,59,0],"gold":140,"neow_bonus":"UPGRADE_CARD","is_prod":false,"is_daily":false,"chose_seed":false,"campfire_upgraded":3,"win_rate":0,"timestamp":1555605886,"path_taken":["M","?","?","?","?","R","E","?","T","?","M","R","M","?","R","BOSS","M","M","?","?","?","R","?","?","T","R","M","M","E","$","R","BOSS","M","?","M","M","$","R","?","M","T","R","M","R","?","M","R","BOSS"],"build_version":"2019-01-23","purchased_purges":3,"victory":false,"max_hp_per_floor":[75,75,75,75,75,75,75,75,75,75,75,75,75,75,75,75,75,75,75,75,75,80,80,80,80,80,80,80,80,80,80,80,80,80,80,80,80,80,80,80,80,80,80,80,80,80,80,80,80,80],"card_choices":[{"not_picked":["Skim","Stack"],"picked":"Tempest","floor":1},{"not_picked":["Beam Cell","Compile Driver"],"picked":"Core Surge","floor":7},{"not_picked":["Compile Driver","Consume"],"picked":"Coolheaded","floor":10},{"not_picked":["Lockon","Conserve Battery"],"picked":"Go for the Eyes","floor":11},{"not_picked":["Steam Power","Compile Driver"],"picked":"Cold Snap","floor":13},{"not_picked":["Storm","Redo"],"picked":"Sweeping Beam","floor":14},{"not_picked":["All For One","Reboot"],"picked":"Electrodynamics","floor":16},{"not_picked":["Steam"],"picked":"SKIP","floor":18},{"not_picked":["Stack"],"picked":"SKIP","floor":19},{"not_picked":[],"picked":"Barrage+1","floor":25},{"not_picked":[],"picked":"Leap","floor":28},{"not_picked":[],"picked":"Auto Shields","floor":29},{"not_picked":["Skim"],"picked":"SKIP","floor":30},{"not_picked":[],"picked":"Skim","floor":30},{"not_picked":[],"picked":"Lockon","floor":35},{"not_picked":[],"picked":"Redo+1","floor":37},{"not_picked":["Steam Power"],"picked":"SKIP","floor":38},{"not_picked":[],"picked":"Coolheaded+1","floor":41},{"not_picked":[],"picked":"Gash","floor":42},{"not_picked":["Rebound+1"],"picked":"Go for the Eyes+1","floor":45},{"not_picked":["Bandage Up"],"picked":"Magnetism","floor":47},{"not_picked":["Go for the Eyes","Compile Driver"],"picked":"SKIP","floor":48}],"player_experience":617181,"relics_obtained":[{"floor":7,"key":"Omamori"},{"floor":26,"key":"Anchor"},{"floor":30,"key":"War Paint"},{"floor":43,"key":"Question Card"}],"event_choices":[{"damage_healed":0,"gold_gain":0,"player_choice":"Box","damage_taken":0,"relics_obtained":["Orichalcum"],"max_hp_gain":0,"max_hp_loss":0,"event_name":"Big Fish","floor":2,"gold_loss":0,"cards_obtained":["Regret"]},{"cards_removed":["Regret"],"damage_healed":0,"gold_gain":0,"player_choice":"Card Removal","damage_taken":7,"max_hp_gain":0,"max_hp_loss":0,"event_name":"Golden Wing","floor":3,"gold_loss":0},{"damage_healed":0,"gold_gain":75,"player_choice":"Gather Gold","damage_taken":11,"max_hp_gain":0,"max_hp_loss":0,"event_name":"World of Goop","floor":4,"gold_loss":0},{"cards_removed":["Strike_B"],"damage_healed":0,"gold_gain":0,"player_choice":"Card Removal","damage_taken":0,"max_hp_gain":0,"max_hp_loss":0,"event_name":"The Cleric","floor":5,"gold_loss":50},{"damage_healed":0,"gold_gain":0,"player_choice":"Joined the Cult","damage_taken":6,"max_hp_gain":0,"max_hp_loss":0,"event_name":"Nest","floor":20,"gold_loss":0,"cards_obtained":["RitualDagger"]},{"cards_removed":["Strike_B"],"damage_healed":0,"gold_gain":0,"player_choice":"Gave Gold","damage_taken":0,"max_hp_gain":0,"max_hp_loss":0,"event_name":"Beggar","floor":21,"gold_loss":75},{"damage_healed":0,"gold_gain":0,"player_choice":"Shed Blood","damage_taken":19,"max_hp_gain":5,"max_hp_loss":0,"event_name":"Forgotten Altar","floor":22,"gold_loss":0},{"cards_removed":["Defend_B"],"damage_healed":0,"gold_gain":0,"player_choice":"Purged","damage_taken":0,"max_hp_gain":0,"max_hp_loss":0,"event_name":"Purifier","floor":24,"gold_loss":0},{"damage_healed":0,"gold_gain":0,"player_choice":"3 cards matched","damage_taken":0,"max_hp_gain":0,"max_hp_loss":0,"event_name":"Match and Keep!","floor":36,"gold_loss":0,"cards_obtained":["Rebound","Clumsy","Zap"]},{"damage_healed":0,"gold_gain":0,"player_choice":"Memory 1","damage_taken":0,"max_hp_gain":0,"max_hp_loss":0,"event_name":"SensoryStone","floor":47,"gold_loss":0}],"is_beta":false,"boss_relics":[{"not_picked":["Orrery","Black Star"],"picked":"Busted Crown"},{"not_picked":["Astrolabe","Philosopher\u0027s Stone"],"picked":"Empty Cage"}],"items_purged_floors":[8,31,39],"is_endless":false,"potions_floor_spawned":[1,7,28,29,33,38,41,42],"killed_by":"Donu and Deca","ascension_level":0}