{"gold_per_floor":[110,123,123,273,139,139,168,181,207,207,207,246,264,47,47,47],"floor_reached":16,"playtime":504,"items_purged":["Doubt"],"score":253,"play_id":"c701d93a-e8a6-421e-abd2-97d70290c86f","local_time":"20190523160513","is_ascension_mode":true,"campfire_choices":[{"data":"Iron Wave","floor":6,"key":"SMITH"},{"data":"Iron Wave","floor":11,"key":"SMITH"},{"data":"Clothesline","floor":15,"key":"SMITH"}],"neow_cost":"NONE","seed_source_timestamp":462392938119507,"circlet_count":0,"master_deck":["AscendersBane","Strike_R","Strike_R","Strike_R","Strike_R","Strike_R","Defend_R","Defend_R","Defend_R","Defend_R","Bash","Intimidate+1","Clothesline+1","Iron Wave+1","Intimidate","Iron Wave+1","Injury","Feel No Pain","Warcry"],"relics":["Burning Blood","NeowsBlessing","Art of War","Blood Vial","Golden Idol","Sundial","Membership Card"],"potions_floor_usage":[12,12],"damage_taken":[{"damage":0,"enemies":"2 Louse","floor":1,"turns":1},{"damage":0,"enemies":"Small Slimes","floor":2,"turns":1},{"damage":0,"enemies":"Gremlin Nob","floor":7,"turns":1},{"damage":9,"enemies":"Jaw Worm","floor":8,"turns":4},{"damage":32,"enemies":"Lagavulin","floor":12,"turns":8},{"damage":2,"enemies":"3 Louse","floor":13,"turns":5},{"damage":62,"enemies":"Hexaghost","floor":16,"turns":14}],"seed_played":"-3074825888867882142","potions_obtained":[{"floor":1,"key":"PowerPotion"},{"floor":8,"key":"FearPotion"},{"floor":13,"key":"Ancient Potion"}],"is_trial":false,"path_per_floor":["M","M","?","?","$","R","E","M","T","?","R","E","M","$","R","B"],"character_chosen":"IRONCLAD","items_purchased":["Iron Wave","Membership Card"],"campfire_rested":0,"item_purchase_floors":[5,14],"current_hp_per_floor":[74,75,75,75,75,75,75,72,72,72,72,48,54,54,54,0],"gold":47,"neow_bonus":"THREE_ENEMY_KILL","is_prod":false,"is_daily":false,"chose_seed":false,"campfire_upgraded":3,"win_rate":0,"timestamp":1558638313,"path_taken":["M","M","?","?","?","R","E","M","T","?","R","E","M","$","R","BOSS"],"build_version":"2019-01-23","purchased_purges":1,"victory":false,"max_hp_per_floor":[75,75,75,75,75,75,75,75,75,75,75,75,75,75,75,75],"card_choices":[{"not_picked":["Flame Barrier","Sword Boomerang"],"picked":"Intimidate","floor":1},{"not_picked":["Warcry","Dual Wield"],"picked":"Clothesline","floor":2},{"not_picked":["Entrench","Limit Break"],"picked":"Intimidate","floor":7},{"not_picked":["Carnage","Wild Strike"],"picked":"Iron Wave","floor":8},{"not_picked":["Wild Strike","Carnage"],"picked":"Feel No Pain","floor":12},{"not_picked":["Exhume","Pommel Strike"],"picked":"Warcry","floor":13}],"player_experience":782429,"relics_obtained":[{"floor":7,"key":"Art of War"},{"floor":9,"key":"Blood Vial"},{"floor":12,"key":"Sundial"}],"event_choices":[{"damage_healed":0,"gold_gain":0,"player_choice":"Grow","damage_taken":0,"max_hp_gain":0,"max_hp_loss":0,"event_name":"Living Wall","floor":3,"gold_loss":0,"cards_upgraded":["Intimidate"]},{"damage_healed":0,"gold_gain":150,"player_choice":"AGREE","damage_taken":0,"max_hp_gain":0,"max_hp_loss":0,"event_name":"Liars Game","floor":4,"gold_loss":0,"cards_obtained":["Doubt"]},{"damage_healed":0,"gold_gain":0,"player_choice":"Take Wound","damage_taken":0,"relics_obtained":["Golden Idol"],"max_hp_gain":0,"max_hp_loss":0,"event_name":"Golden Idol","floor":10,"gold_loss":0,"cards_obtained":["Injury"]}],"is_beta":false,"boss_relics":[],"items_purged_floors":[5],"is_endless":false,"potions_floor_spawned":[1,8,13],"killed_by":"Hexaghost","ascension_level":18}