{"gold_per_floor":[112,131,131,150,162,162,176,206,206,206,206,206,219,229,229,330,330,341,357,357,270,287,287,315,325,373,390,390,401,401,414,414,414],"floor_reached":33,"playtime":2173,"items_purged":["Strike_G"],"score":369,"play_id":"a091c328-9ac7-4be8-a65a-b76d0e4118de","local_time":"20190509235844","is_ascension_mode":true,"campfire_choices":[{"data":"Dagger Spray","floor":6.0,"key":"SMITH"},{"data":"Dash","floor":10.0,"key":"SMITH"},{"data":"Bouncing Flask","floor":15.0,"key":"SMITH"},{"data":"Adrenaline","floor":23,"key":"SMITH"},{"floor":28,"key":"REST"},{"floor":32,"key":"REST"}],"neow_cost":"NONE","seed_source_timestamp":0,"circlet_count":0,"master_deck":["Defend_G","Defend_G","Defend_G","Defend_G","Defend_G","Strike_G","Strike_G","Survivor","Neutralize","Dagger Spray+1","PiercingWail","All Out Attack","Deadly Poison","Terror","Dash+1","Backflip","Bouncing Flask+1","Adrenaline+1","Noxious Fumes+1","Catalyst","Envenom","Caltrops","Escape Plan+1","Flechettes","Sucker Punch","Calculated Gamble+1"],"special_seed":0,"relics":["Ring of the Serpent","Gremlin Horn","Smiling Mask","Letter Opener","Pantograph","Mummified Hand","Boot"],"potions_floor_usage":[22,27,31,33],"damage_taken":[{"damage":0.0,"enemies":"Small Slimes","floor":1.0,"turns":4.0},{"damage":1.0,"enemies":"Jaw Worm","floor":2.0,"turns":3.0},{"damage":3.0,"enemies":"Cultist","floor":4.0,"turns":4.0},{"damage":9.0,"enemies":"Blue Slaver","floor":5.0,"turns":5.0},{"damage":0.0,"enemies":"Gremlin Gang","floor":7.0,"turns":4.0},{"damage":20.0,"enemies":"Gremlin Nob","floor":8.0,"turns":4.0},{"damage":0.0,"enemies":"3 Louse","floor":13.0,"turns":2.0},{"damage":3.0,"enemies":"Looter","floor":14.0,"turns":3.0},{"damage":8.0,"enemies":"Slime Boss","floor":16.0,"turns":7.0},{"damage":21.0,"enemies":"Spheric Guardian","floor":18.0,"turns":5.0},{"damage":12.0,"enemies":"Chosen","floor":19.0,"turns":5.0},{"damage":2,"enemies":"3 Cultists","floor":22,"turns":4},{"damage":29,"enemies":"Slavers","floor":24,"turns":6},{"damage":11,"enemies":"Snake Plant","floor":25,"turns":4},{"damage":1,"enemies":"Snecko","floor":27,"turns":4},{"damage":24,"enemies":"Shelled Parasite and Fungi","floor":29,"turns":4},{"damage":6,"enemies":"Snake Plant","floor":31,"turns":3},{"damage":65,"enemies":"Champ","floor":33,"turns":11}],"seed_played":"9012432521013902364","potions_obtained":[{"floor":2.0,"key":"Regen Potion"},{"floor":5.0,"key":"GhostInAJar"},{"floor":8.0,"key":"AttackPotion"},{"floor":16.0,"key":"Energy Potion"},{"floor":24,"key":"Ancient Potion"},{"floor":31,"key":"SkillPotion"}],"is_trial":false,"path_per_floor":["M","M","?","M","M","R","M","E","T","R","?","T","M","M","R","B",null,"M","M","?","$","M","R","E","M","T","M","R","M","?","M","R","B"],"character_chosen":"THE_SILENT","items_purchased":["Catalyst"],"campfire_rested":2,"item_purchase_floors":[21],"current_hp_per_floor":[70,69,66,63,54,54,54,34,34,34,39,39,39,36,36,53,75,54,42,42,42,54,54,25,14,14,13,37,13,13,7,31,0],"gold":414,"neow_bonus":"TEN_PERCENT_HP_BONUS","is_prod":false,"is_daily":false,"chose_seed":false,"campfire_upgraded":4,"win_rate":0,"timestamp":1557471524,"path_taken":["M","M","?","M","M","R","M","E","T","R","?","?","?","M","R","BOSS","M","M","?","$","M","R","E","M","T","?","R","M","?","M","R","BOSS"],"build_version":"2019-01-23","purchased_purges":1,"victory":false,"max_hp_per_floor":[77,77,77,77,77,77,77,77,77,77,82,82,82,82,82,82,82,82,82,82,82,82,82,82,82,82,82,82,82,82,82,82,82],"card_choices":[{"not_picked":["PiercingWail","Dodge and Roll"],"picked":"Dagger Spray","floor":1.0},{"not_picked":["Prepared","Outmaneuver"],"picked":"PiercingWail","floor":2.0},{"not_picked":["Grand Finale","Leg Sweep"],"picked":"All Out Attack","floor":4.0},{"not_picked":["Sucker Punch","Slice"],"picked":"Deadly Poison","floor":5.0},{"not_picked":["Setup","Blade Dance"],"picked":"Terror","floor":7.0},{"not_picked":["Choke","Sucker Punch"],"picked":"Dash","floor":8.0},{"not_picked":["Infinite Blades","Quick Slash"],"picked":"Backflip","floor":13.0},{"not_picked":["Acrobatics","Terror"],"picked":"Bouncing Flask","floor":14.0},{"not_picked":["Bullet Time","A Thousand Cuts"],"picked":"Adrenaline","floor":16.0},{"not_picked":["Deflect+1","Dagger Spray"],"picked":"Noxious Fumes+1","floor":18.0},{"not_picked":["Flying Knee+1","Blade Dance+1","Sucker Punch"],"picked":"SKIP","floor":19},{"not_picked":["Outmaneuver","Acrobatics","Underhanded Strike"],"picked":"SKIP","floor":22},{"not_picked":["Crippling Poison","Poisoned Stab"],"picked":"Envenom","floor":24},{"not_picked":["Flying Knee","Deadly Poison","Bane+1"],"picked":"SKIP","floor":25},{"not_picked":["Flying Knee","Underhanded Strike+1"],"picked":"Caltrops","floor":27},{"not_picked":["Acrobatics","Terror"],"picked":"Escape Plan+1","floor":29},{"not_picked":["Flechettes","Dagger Throw"],"picked":"Calculated Gamble+1","floor":31}],"player_experience":739536,"relics_obtained":[{"floor":8.0,"key":"Smiling Mask"},{"floor":9.0,"key":"Letter Opener"},{"floor":12.0,"key":"Pantograph"},{"floor":24,"key":"Mummified Hand"},{"floor":26,"key":"Boot"}],"event_choices":[{"damage_healed":0.0,"max_hp_gain":0.0,"max_hp_loss":0.0,"gold_gain":0.0,"event_name":"Scrap Ooze","player_choice":"Success","floor":3.0,"gold_loss":0.0,"damage_taken":3.0,"relics_obtained":["Gremlin Horn"]},{"damage_healed":0.0,"max_hp_gain":5.0,"max_hp_loss":0.0,"gold_gain":0.0,"event_name":"Big Fish","player_choice":"Donut","floor":11.0,"gold_loss":0.0,"damage_taken":0.0},{"damage_healed":0,"gold_gain":0,"player_choice":"Bought 0 Potions","damage_taken":0,"max_hp_gain":0,"max_hp_loss":0,"event_name":"The Woman in Blue","floor":20,"gold_loss":0},{"damage_healed":0,"gold_gain":0,"cards_transformed":["Strike_G","Strike_G"],"player_choice":"Became Test Subject","damage_taken":0,"max_hp_gain":0,"max_hp_loss":0,"event_name":"Drug Dealer","floor":30,"gold_loss":0,"cards_obtained":["Flechettes","Sucker Punch"]}],"is_beta":false,"boss_relics":[{"not_picked":["Orrery","HoveringKite"],"picked":"Ring of the Serpent"}],"items_purged_floors":[21],"is_endless":false,"potions_floor_spawned":[2,5,8,13,16,24,25,31],"killed_by":"Champ","ascension_level":7}