{"gold_per_floor":[114,127,202,202,68,68,96,111,137,157,157,82,82,98,98,175,175,190,32,32,44,44,44],"floor_reached":23,"playtime":736,"items_purged":["Strike_R"],"score":540,"play_id":"522cf456-f8fb-4ad3-b302-f61addd4214f","local_time":"20190327204801","is_ascension_mode":true,"campfire_choices":[{"data":"Whirlwind","floor":6.0,"key":"SMITH"},{"data":"Bash","floor":11.0,"key":"SMITH"},{"data":"Clothesline","floor":15.0,"key":"SMITH"}],"neow_cost":"NONE","seed_source_timestamp":18583336071206,"circlet_count":0,"master_deck":["AscendersBane","Defend_R","Defend_R","Defend_R","Defend_R+1","Bash+1","Inflame+1","Clothesline+1","Whirlwind+1","Thunderclap","Inflame+1","Offering","Feed","Headbutt","Bite","Bite","Bite","Bite","Battle Trance"],"special_seed":0,"relics":["Burning Blood","NeowsBlessing","Strawberry","Bag of Marbles","Runic Cube","Anchor"],"potions_floor_usage":[23],"damage_taken":[{"damage":0.0,"enemies":"Small Slimes","floor":1.0,"turns":1.0},{"damage":0.0,"enemies":"Jaw Worm","floor":2.0,"turns":1.0},{"damage":0.0,"enemies":"3 Sentries","floor":7.0,"turns":1.0},{"damage":0.0,"enemies":"Cultist","floor":8.0,"turns":3.0},{"damage":2.0,"enemies":"Exordium Wildlife","floor":10.0,"turns":2.0},{"damage":10.0,"enemies":"Large Slime","floor":14.0,"turns":4.0},{"damage":6.0,"enemies":"Slime Boss","floor":16.0,"turns":4.0},{"damage":31.0,"enemies":"Shell Parasite","floor":18.0,"turns":3.0},{"damage":35.0,"enemies":"2 Thieves","floor":21.0,"turns":3.0},{"damage":61,"enemies":"Book of Stabbing","floor":23,"turns":5}],"seed_played":"3981593664615958245","potions_obtained":[{"floor":1.0,"key":"SkillPotion"},{"floor":18.0,"key":"Regen Potion"}],"is_trial":false,"path_per_floor":["M","M","?","?","$","R","E","M","T","M","R","$","?","M","R","B",null,"M","$","?","M","?","E"],"character_chosen":"IRONCLAD","items_purchased":["Whirlwind","Strength Potion","Anchor"],"campfire_rested":0,"item_purchase_floors":[5,5,19],"current_hp_per_floor":[74,75,64,64,64,64,77,82,82,82,82,82,57,53,53,53,75,50,50,50,31,31,0],"gold":44,"neow_bonus":"THREE_ENEMY_KILL","is_prod":false,"is_daily":false,"chose_seed":false,"campfire_upgraded":3,"win_rate":0,"timestamp":1553734081,"path_taken":["M","M","?","?","$","R","E","?","T","M","R","$","?","M","R","BOSS","M","$","?","M","?","E"],"build_version":"2019-01-23","purchased_purges":1,"victory":false,"max_hp_per_floor":[75,75,75,75,75,75,82,82,82,82,82,82,82,82,82,82,82,82,82,57,57,57,57],"card_choices":[{"not_picked":["Corruption","Wild Strike"],"picked":"Inflame","floor":1.0},{"not_picked":["Perfected Strike","Flex"],"picked":"Clothesline","floor":2.0},{"not_picked":["Wild Strike","Feel No Pain"],"picked":"Thunderclap","floor":7.0},{"not_picked":["Havoc","Heavy Blade","Sentinel"],"picked":"SKIP","floor":8.0},{"not_picked":["Whirlwind","Power Through"],"picked":"Inflame","floor":10.0},{"not_picked":["True Grit","Armaments"],"picked":"Offering","floor":14.0},{"not_picked":["Brutality","Fiend Fire"],"picked":"Feed","floor":16.0},{"not_picked":["Second Wind","Infernal Blade"],"picked":"Headbutt","floor":18.0},{"not_picked":["Intimidate+1","Infernal Blade+1"],"picked":"Battle Trance","floor":21.0}],"player_experience":592514,"relics_obtained":[{"floor":7.0,"key":"Strawberry"},{"floor":9.0,"key":"Bag of Marbles"}],"event_choices":[{"damage_healed":0.0,"max_hp_gain":0.0,"max_hp_loss":0.0,"gold_gain":75.0,"event_name":"World of Goop","player_choice":"Gather Gold","floor":3.0,"gold_loss":0.0,"damage_taken":11.0},{"damage_healed":0.0,"max_hp_gain":0.0,"max_hp_loss":0.0,"gold_gain":0.0,"event_name":"Upgrade Shrine","player_choice":"Upgraded","floor":4.0,"gold_loss":0.0,"damage_taken":0.0,"cards_upgraded":["Inflame"]},{"damage_healed":0.0,"max_hp_gain":0.0,"max_hp_loss":0.0,"gold_gain":0.0,"event_name":"Shining Light","player_choice":"Entered Light","floor":13.0,"gold_loss":0.0,"damage_taken":25.0,"cards_upgraded":["Inflame","Defend_R"]},{"damage_healed":0.0,"max_hp_gain":0.0,"max_hp_loss":25.0,"gold_gain":0.0,"event_name":"Vampires","player_choice":"Became a vampire","floor":20.0,"gold_loss":0.0,"damage_taken":0.0,"cards_obtained":["Bite","Bite","Bite","Bite","Bite"]},{"cards_removed":["Bite"],"damage_healed":0.0,"max_hp_gain":0.0,"max_hp_loss":0.0,"gold_gain":0.0,"event_name":"Back to Basics","player_choice":"Elegance","floor":22.0,"gold_loss":0.0,"damage_taken":0.0}],"is_beta":false,"boss_relics":[{"not_picked":["Pandora\u0027s Box","Tiny House"],"picked":"Runic Cube"}],"items_purged_floors":[12],"is_endless":false,"potions_floor_spawned":[1,18],"killed_by":"Book of Stabbing","ascension_level":19}