{"gold_per_floor":[112,112,112,125,125,153,170,170,170,185,207,269,269],"floor_reached":13,"playtime":1099,"items_purged":[],"score":91,"play_id":"0722a047-238b-43a5-92be-f89eb932f6ee","local_time":"20190331192629","is_ascension_mode":true,"campfire_choices":[{"floor":8,"key":"REST"}],"neow_cost":"NONE","seed_source_timestamp":1531981707904281,"circlet_count":0,"master_deck":["Strike_R","Strike_R","Strike_R","Strike_R","Strike_R","Defend_R","Defend_R","Defend_R","Bash","Shrug It Off","Ghostly Armor","Flex","True Grit","True Grit","Power Through","Body Slam"],"relics":["Burning Blood","Charon\u0027s Ashes","Ice Cream","Odd Mushroom","Mercury Hourglass"],"potions_floor_usage":[11,12],"damage_taken":[{"damage":13,"enemies":"Jaw Worm","floor":1,"turns":4},{"damage":0,"enemies":"2 Louse","floor":4,"turns":2},{"damage":78,"enemies":"Lagavulin","floor":6,"turns":12},{"damage":4,"enemies":"Small Slimes","floor":7,"turns":5},{"damage":0,"enemies":"Blue Slaver","floor":10,"turns":8},{"damage":23,"enemies":"The Mushroom Lair","floor":11,"turns":6},{"damage":13,"enemies":"3 Sentries","floor":12,"turns":7},{"damage":24,"enemies":"Gremlin Nob","floor":13,"turns":4}],"seed_played":"8735552374759957468","potions_obtained":[{"floor":4,"key":"LiquidBronze"},{"floor":7,"key":"Poison Potion"},{"floor":10,"key":"AttackPotion"},{"floor":11,"key":"Strength Potion"}],"is_trial":false,"path_per_floor":["M","$","?","M","?","E","M","R","T","M","?","?","E"],"character_chosen":"IRONCLAD","items_purchased":[],"campfire_rested":1,"item_purchase_floors":[],"current_hp_per_floor":[73,73,73,79,79,7,9,33,33,39,22,15,0],"gold":269,"neow_bonus":"REMOVE_CARD","is_prod":false,"is_daily":false,"chose_seed":false,"campfire_upgraded":0,"win_rate":0,"timestamp":1554053189,"path_taken":["M","$","?","M","?","E","M","R","T","M","?","?","E"],"build_version":"2019-01-23","purchased_purges":0,"victory":false,"max_hp_per_floor":[80,80,80,80,80,80,80,80,80,80,80,80,80],"card_choices":[{"not_picked":["Body Slam","Armaments"],"picked":"Shrug It Off","floor":1},{"not_picked":["Warcry","Bloodletting"],"picked":"Ghostly Armor","floor":4},{"not_picked":["Anger","Corruption"],"picked":"Flex","floor":6},{"not_picked":["Sever Soul","Heavy Blade"],"picked":"True Grit","floor":7},{"not_picked":["Headbutt","Shrug It Off"],"picked":"True Grit","floor":10},{"not_picked":["Sever Soul","Burning Pact"],"picked":"Power Through","floor":11},{"not_picked":["Armaments","Combust"],"picked":"Body Slam","floor":12}],"player_experience":81820,"relics_obtained":[{"floor":6,"key":"Charon\u0027s Ashes"},{"floor":9,"key":"Ice Cream"},{"floor":11,"key":"Odd Mushroom"},{"floor":12,"key":"Mercury Hourglass"}],"event_choices":[{"damage_healed":0,"gold_gain":0,"player_choice":"Ignored","damage_taken":0,"max_hp_gain":0,"max_hp_loss":0,"event_name":"Liars Game","floor":3,"gold_loss":0},{"damage_healed":0,"gold_gain":0,"player_choice":"Leave","damage_taken":0,"max_hp_gain":0,"max_hp_loss":0,"event_name":"The Cleric","floor":5,"gold_loss":0},{"damage_healed":0,"gold_gain":0,"player_choice":"Fought Mushrooms","damage_taken":0,"max_hp_gain":0,"max_hp_loss":0,"event_name":"Mushrooms","floor":11,"gold_loss":0},{"damage_healed":0,"gold_gain":0,"player_choice":"Searched \u00271\u0027 times","damage_taken":0,"max_hp_gain":0,"max_hp_loss":0,"event_name":"Dead Adventurer","floor":12,"gold_loss":0}],"is_beta":false,"boss_relics":[],"items_purged_floors":[],"is_endless":false,"potions_floor_spawned":[4,7,10,11],"killed_by":"Gremlin Nob","ascension_level":2}