{"gold_per_floor":[114,114,114,64,76,76,102,102,102,155,55,74,91,106,106,205,205,225,235,135,135,10,10,10,26,26,58,58,58,76,56,56,152,152,165,265,115,127,142,142,170,170,216,216,227,242,242,261,261,261],"floor_reached":51,"playtime":1581,"items_purged":["Defend_R","Strike_R","Strike_R","Strike_R+1"],"score":845,"play_id":"1878ceba-43c7-4f58-bf93-590b97740fee","local_time":"20190422153508","is_ascension_mode":false,"campfire_choices":[{"floor":6.0,"key":"REST"},{"data":"Strike_R","floor":8.0,"key":"SMITH"},{"data":"Shrug It Off","floor":15.0,"key":"SMITH"},{"data":"Clash","floor":23.0,"key":"SMITH"},{"data":"Dropkick","floor":28.0,"key":"SMITH"},{"floor":32.0,"key":"REST"},{"floor":40.0,"key":"REST"},{"floor":42,"key":"REST"},{"floor":47,"key":"REST"},{"floor":49,"key":"REST"}],"neow_cost":"NONE","seed_source_timestamp":1002403731483139,"circlet_count":0,"master_deck":["Strike_R+1","Bash+1","Shrug It Off+1","Clash+1","Dropkick+1"],"special_seed":0,"relics":["Black Blood","Bottled Flame","Strawberry","Boot","Pantograph","Regal Pillow","Mercury Hourglass","Busted Crown","Ginger","Dead Branch","Whetstone"],"potions_floor_usage":[50,50,50],"damage_taken":[{"damage":0.0,"enemies":"2 Louse","floor":1.0,"turns":2.0},{"damage":2.0,"enemies":"Small Slimes","floor":5.0,"turns":3.0},{"damage":14.0,"enemies":"Gremlin Nob","floor":7.0,"turns":3.0},{"damage":11.0,"enemies":"Jaw Worm","floor":12.0,"turns":2.0},{"damage":13.0,"enemies":"Red Slaver","floor":13.0,"turns":2.0},{"damage":13.0,"enemies":"3 Louse","floor":14.0,"turns":2.0},{"damage":44.0,"enemies":"Slime Boss","floor":16.0,"turns":10.0},{"damage":32.0,"enemies":"3 Byrds","floor":18.0,"turns":6.0},{"damage":1.0,"enemies":"Shell Parasite","floor":19.0,"turns":3.0},{"damage":0.0,"enemies":"Cultist and Chosen","floor":25.0,"turns":3.0},{"damage":15.0,"enemies":"Gremlin Leader","floor":27.0,"turns":3.0},{"damage":0.0,"enemies":"3 Cultists","floor":30.0,"turns":4.0},{"damage":79.0,"enemies":"Automaton","floor":33.0,"turns":8.0},{"damage":12.0,"enemies":"3 Darklings","floor":35.0,"turns":4.0},{"damage":37.0,"enemies":"Mind Bloom Boss Battle","floor":36.0,"turns":4.0},{"damage":24.0,"enemies":"3 Shapes","floor":38.0,"turns":3.0},{"damage":19.0,"enemies":"Sphere and 2 Shapes","floor":39.0,"turns":4.0},{"damage":15,"enemies":"Reptomancer","floor":41,"turns":4},{"damage":4,"enemies":"3 Darklings","floor":45,"turns":3},{"damage":0,"enemies":"Transient","floor":46,"turns":5},{"damage":12,"enemies":"4 Shapes","floor":48,"turns":4},{"damage":67,"enemies":"Awakened One","floor":50,"turns":8}],"seed_played":"-183853454387058376","potions_obtained":[{"floor":1.0,"key":"Fire Potion"},{"floor":5.0,"key":"Fire Potion"},{"floor":7.0,"key":"EssenceOfSteel"},{"floor":31.0,"key":"Energy Potion"},{"floor":35.0,"key":"PowerPotion"}],"is_trial":false,"path_per_floor":["M","?","?","?","M","R","E","R","T","T","$","M","M","M","R","B",null,"M","M","$","?","$","R","?","M","T","E","R","T","M","?","R","B",null,"M","?","$","M","M","R","E","R","T","?","M","M","R","M","R","B",null],"character_chosen":"IRONCLAD","items_purchased":["Shrug It Off"],"campfire_rested":6,"item_purchase_floors":[11],"current_hp_per_floor":[80,64,64,64,68,80,72,72,79,79,79,74,67,60,60,22,87,65,74,74,74,74,74,74,84,84,79,79,79,87,87,87,18,87,85,60,60,46,37,78,73,87,87,87,87,87,87,85,87,30],"gold":261,"neow_bonus":"UPGRADE_CARD","is_prod":false,"is_daily":false,"chose_seed":false,"campfire_upgraded":4,"win_rate":0,"timestamp":1555940108,"path_taken":["M","?","?","?","M","R","E","R","T","?","$","?","M","M","R","BOSS","M","M","?","?","$","R","?","?","T","E","R","?","M","?","R","BOSS","M","?","$","M","M","R","E","R","T","?","M","M","R","M","R","BOSS"],"build_version":"2019-01-23","purchased_purges":4,"victory":true,"max_hp_per_floor":[80,80,80,80,80,80,80,80,87,87,87,87,87,87,87,87,87,87,87,87,87,87,87,87,87,87,87,87,87,87,87,87,87,87,87,87,87,87,87,87,87,87,87,87,87,87,87,87,87,87],"card_choices":[{"not_picked":["Second Wind","True Grit","Flex"],"picked":"SKIP","floor":1.0},{"not_picked":["Perfected Strike","Metallicize","Warcry"],"picked":"SKIP","floor":5.0},{"not_picked":["Flame Barrier","Perfected Strike","Ghostly Armor"],"picked":"SKIP","floor":7.0},{"not_picked":["Thunderclap","Reckless Charge"],"picked":"Clash","floor":12.0},{"not_picked":["Iron Wave","Uppercut","Feel No Pain"],"picked":"SKIP","floor":13.0},{"not_picked":["Corruption","Warcry"],"picked":"Dropkick","floor":14.0},{"not_picked":["Cleave+1","Flame Barrier","Body Slam"],"picked":"SKIP","floor":18.0},{"not_picked":["Intimidate+1","Armaments","Thunderclap"],"picked":"SKIP","floor":19.0},{"not_picked":["Clash","Clothesline+1","Juggernaut"],"picked":"SKIP","floor":25.0},{"not_picked":["Burning Pact","Armaments","Shrug It Off"],"picked":"SKIP","floor":27.0},{"not_picked":["Iron Wave","Wild Strike+1","Clash"],"picked":"SKIP","floor":30.0},{"not_picked":["Heavy Blade+1"],"picked":"SKIP","floor":35.0},{"not_picked":["Thunderclap"],"picked":"SKIP","floor":38.0},{"not_picked":["Perfected Strike"],"picked":"SKIP","floor":39.0},{"not_picked":["Twin Strike"],"picked":"SKIP","floor":41},{"not_picked":["Armaments"],"picked":"SKIP","floor":45},{"not_picked":["Uppercut"],"picked":"SKIP","floor":46},{"not_picked":["Shockwave+1"],"picked":"SKIP","floor":48}],"player_experience":144495,"relics_obtained":[{"floor":7.0,"key":"Bottled Flame"},{"floor":9.0,"key":"Strawberry"},{"floor":10.0,"key":"Boot"},{"floor":26.0,"key":"Pantograph"},{"floor":27.0,"key":"Regal Pillow"},{"floor":29.0,"key":"Mercury Hourglass"},{"floor":36.0,"key":"Ginger"},{"floor":41,"key":"Dead Branch"},{"floor":43,"key":"Whetstone"}],"event_choices":[{"damage_healed":0.0,"max_hp_gain":0.0,"max_hp_loss":0.0,"gold_gain":0.0,"event_name":"Shining Light","player_choice":"Entered Light","floor":2.0,"gold_loss":0.0,"damage_taken":16.0,"cards_upgraded":["Strike_R","Strike_R"]},{"cards_removed":["Defend_R"],"damage_healed":0.0,"max_hp_gain":0.0,"max_hp_loss":0.0,"gold_gain":0.0,"event_name":"Living Wall","player_choice":"Forget","floor":3.0,"gold_loss":0.0,"damage_taken":0.0},{"cards_removed":["Defend_R"],"damage_healed":0.0,"max_hp_gain":0.0,"max_hp_loss":0.0,"gold_gain":0.0,"event_name":"The Cleric","player_choice":"Card Removal","floor":4.0,"gold_loss":50.0,"damage_taken":0.0},{"cards_removed":["Defend_R"],"damage_healed":0.0,"max_hp_gain":0.0,"max_hp_loss":0.0,"gold_gain":0.0,"event_name":"Back to Basics","player_choice":"Elegance","floor":21.0,"gold_loss":0.0,"damage_taken":0.0},{"cards_removed":["Strike_R"],"damage_healed":0.0,"max_hp_gain":0.0,"max_hp_loss":0.0,"gold_gain":0.0,"event_name":"Bonfire Elementals","player_choice":"Offered Basic","floor":24.0,"gold_loss":0.0,"damage_taken":0.0},{"damage_healed":0.0,"max_hp_gain":0.0,"max_hp_loss":0.0,"gold_gain":0.0,"event_name":"The Woman in Blue","player_choice":"Bought 1 Potion","floor":31.0,"gold_loss":0.0,"damage_taken":0.0},{"damage_healed":0.0,"max_hp_gain":0.0,"max_hp_loss":0.0,"gold_gain":0.0,"event_name":"MindBloom","player_choice":"Fight","floor":36.0,"gold_loss":0.0,"damage_taken":0.0},{"damage_healed":0,"gold_gain":0,"player_choice":"Memory 1","damage_taken":0,"max_hp_gain":0,"max_hp_loss":0,"event_name":"SensoryStone","floor":44,"gold_loss":0}],"is_beta":false,"boss_relics":[{"not_picked":["Snecko Eye","Lizard Tail"],"picked":"Black Blood"},{"not_picked":["Velvet Choker","Runic Dome"],"picked":"Busted Crown"}],"items_purged_floors":[11,20,22,37],"is_endless":false,"potions_floor_spawned":[1,5,7,14,18,19,35,41,46],"ascension_level":0}