{"gold_per_floor":[14,29,29,29,46,77,77,108,108,108,163,163,174,193,193,295,295,313,326,85,99,125,159,159,187,187,51,71,85,115,127,127,223,223,240,250,5,5,21,21,21,121,193,193,193,212,237,266,278,290],"floor_reached":51,"playtime":3927,"items_purged":["Strike_G","Strike_G","Defend_G"],"score":938,"play_id":"7a458aaa-a801-4031-a475-aeeb5ab2405b","local_time":"20190528084458","is_ascension_mode":true,"campfire_choices":[{"floor":7,"key":"REST"},{"data":"Metamorphosis","floor":10,"key":"SMITH"},{"floor":15,"key":"REST"},{"floor":24,"key":"REST"},{"floor":32,"key":"REST"},{"floor":40,"key":"REST"},{"floor":41,"key":"REST"},{"floor":49,"key":"REST"}],"neow_cost":"NO_GOLD","seed_source_timestamp":864534889524733,"circlet_count":0,"master_deck":["Defend_G","Defend_G","Defend_G","Defend_G","Strike_G","Strike_G","Survivor","Neutralize","Metamorphosis+1","Madness","PiercingWail","Well Laid Plans","Backflip","All Out Attack","Slice","Underhanded Strike","Malaise","Deflect","Footwork","Noxious Fumes","Finisher+1","Prepared+1","Riddle With Holes+1","Footwork","Concentrate","Leg Sweep","Backstab"],"relics":["Ring of the Snake","Unceasing Top","WingedGreaves","Ginger","Pen Nib","Tiny Chest","Centennial Puzzle","Busted Crown","Bag of Marbles","Strawberry","Paper Crane","Omamori","Darkstone Periapt","Snake Skull","WristBlade","Du-Vu Doll","Sundial","MawBank"],"potions_floor_usage":[6,6,8,16,19,28,28,28,28,33,39,39,50,50,50,50,50],"damage_taken":[{"damage":0,"enemies":"Cultist","floor":1,"turns":3},{"damage":11,"enemies":"Jaw Worm","floor":2,"turns":5},{"damage":0,"enemies":"2 Louse","floor":5,"turns":3},{"damage":30,"enemies":"Gremlin Nob","floor":6,"turns":5},{"damage":1,"enemies":"Lagavulin","floor":8,"turns":8},{"damage":9,"enemies":"3 Sentries","floor":11,"turns":6},{"damage":7,"enemies":"Exordium Wildlife","floor":13,"turns":3},{"damage":8,"enemies":"Large Slime","floor":14,"turns":6},{"damage":14,"enemies":"Slime Boss","floor":16,"turns":10},{"damage":8,"enemies":"2 Thieves","floor":18,"turns":3},{"damage":8,"enemies":"Spheric Guardian","floor":19,"turns":4},{"damage":2,"enemies":"Shelled Parasite and Fungi","floor":21,"turns":4},{"damage":13,"enemies":"Book of Stabbing","floor":23,"turns":5},{"damage":0,"enemies":"Gremlin Leader","floor":25,"turns":4},{"damage":0,"enemies":"Snecko","floor":28,"turns":7},{"damage":11,"enemies":"Centurion and Healer","floor":29,"turns":5},{"damage":18,"enemies":"Slavers","floor":30,"turns":7},{"damage":12,"enemies":"Cultist and Chosen","floor":31,"turns":5},{"damage":43,"enemies":"Collector","floor":33,"turns":10},{"damage":32,"enemies":"3 Shapes","floor":35,"turns":5},{"damage":8,"enemies":"3 Darklings","floor":36,"turns":5},{"damage":11,"enemies":"Sphere and 2 Shapes","floor":39,"turns":5},{"damage":2,"enemies":"Mind Bloom Boss Battle","floor":42,"turns":7},{"damage":28,"enemies":"4 Shapes","floor":46,"turns":5},{"damage":5,"enemies":"3 Darklings","floor":48,"turns":3},{"damage":8,"enemies":"Donu and Deca","floor":50,"turns":8}],"seed_played":"7106898146114055484","potions_obtained":[{"floor":1,"key":"EssenceOfSteel"},{"floor":5,"key":"FearPotion"},{"floor":6,"key":"GamblersBrew"},{"floor":13,"key":"EssenceOfSteel"},{"floor":16,"key":"FairyPotion"},{"floor":18,"key":"Ancient Potion"},{"floor":23,"key":"SneckoOil"},{"floor":25,"key":"EntropicBrew"},{"floor":28,"key":"Ancient Potion"},{"floor":31,"key":"SkillPotion"},{"floor":36,"key":"GamblersBrew"},{"floor":42,"key":"Strength Potion"},{"floor":46,"key":"EntropicBrew"}],"is_trial":false,"path_per_floor":["M","M","T","$","M","E","R","E","T","R","E","T","M","M","R","B",null,"M","M","$","M","T","E","R","E","T","$","M","M","E","M","R","B",null,"M","M","$","?","M","R","R","?","T","?","?","M","T","M","R","B",null],"character_chosen":"THE_SILENT","items_purchased":["Bag of Marbles","Deflect","Noxious Fumes","Footwork","Concentrate"],"campfire_rested":7,"item_purchase_floors":[20,20,27,37,37],"current_hp_per_floor":[63,52,52,52,52,22,43,42,42,42,33,33,26,18,39,25,59,51,43,43,41,48,35,58,58,58,58,58,47,29,17,40,7,60,28,20,20,20,9,32,55,53,53,53,53,25,25,20,43,35],"gold":302,"neow_bonus":"RANDOM_COLORLESS_2","is_prod":false,"is_daily":false,"chose_seed":false,"campfire_upgraded":1,"win_rate":0,"timestamp":1559043898,"path_taken":["M","?","?","?","M","E","R","E","T","R","E","?","M","?","R","BOSS","M","M","$","M","?","E","R","E","T","$","?","?","E","M","R","BOSS","M","?","$","?","?","R","R","?","T","?","?","M","?","M","R","BOSS"],"build_version":"2019-01-23","purchased_purges":3,"victory":true,"max_hp_per_floor":[70,70,70,70,70,70,70,70,70,70,70,70,70,70,70,70,70,70,70,70,70,77,77,77,77,77,77,77,77,77,77,77,77,77,77,77,77,77,77,77,77,77,77,77,77,77,77,77,77,77],"card_choices":[{"not_picked":["Cloak And Dagger","Dodge and Roll"],"picked":"PiercingWail","floor":1},{"not_picked":["Deflect","Masterful Stab"],"picked":"Well Laid Plans","floor":2},{"not_picked":["Terror","Blur"],"picked":"Backflip","floor":5},{"not_picked":["Unload","Acrobatics"],"picked":"PiercingWail","floor":6},{"not_picked":["Quick Slash","Grand Finale"],"picked":"All Out Attack","floor":8},{"not_picked":["Acrobatics","Quick Slash"],"picked":"Slice","floor":11},{"not_picked":["PiercingWail","Choke","Dodge and Roll"],"picked":"SKIP","floor":13},{"not_picked":["PiercingWail","Choke","Dodge and Roll"],"picked":"SKIP","floor":13},{"not_picked":["Deadly Poison","Bane"],"picked":"Underhanded Strike","floor":14},{"not_picked":["Doppelganger","Burst"],"picked":"Malaise","floor":16},{"not_picked":["Heel Hook"],"picked":"SKIP","floor":18},{"not_picked":["Accuracy"],"picked":"SKIP","floor":19},{"not_picked":["Dagger Spray"],"picked":"SKIP","floor":21},{"not_picked":["Predator"],"picked":"SKIP","floor":23},{"not_picked":[],"picked":"Footwork","floor":25},{"not_picked":[],"picked":"Finisher+1","floor":28},{"not_picked":["Dodge and Roll"],"picked":"SKIP","floor":29},{"not_picked":["Poisoned Stab"],"picked":"SKIP","floor":30},{"not_picked":[],"picked":"Prepared+1","floor":31},{"not_picked":["PiercingWail"],"picked":"SKIP","floor":35},{"not_picked":[],"picked":"Riddle With Holes+1","floor":36},{"not_picked":["Underhanded Strike+1"],"picked":"SKIP","floor":39},{"not_picked":[],"picked":"Leg Sweep","floor":42},{"not_picked":[],"picked":"Backstab","floor":46},{"not_picked":["Reflex"],"picked":"SKIP","floor":48}],"player_experience":805613,"relics_obtained":[{"floor":3,"key":"Unceasing Top"},{"floor":6,"key":"WingedGreaves"},{"floor":8,"key":"Ginger"},{"floor":9,"key":"Pen Nib"},{"floor":11,"key":"Tiny Chest"},{"floor":12,"key":"Centennial Puzzle"},{"floor":22,"key":"Strawberry"},{"floor":23,"key":"Paper Crane"},{"floor":25,"key":"Omamori"},{"floor":26,"key":"Darkstone Periapt"},{"floor":30,"key":"Snake Skull"},{"floor":42,"key":"Du-Vu Doll"},{"floor":43,"key":"Sundial"},{"floor":47,"key":"MawBank"}],"event_choices":[{"cards_removed":["Strike_G"],"damage_healed":0,"gold_gain":0,"player_choice":"Purged","damage_taken":0,"max_hp_gain":0,"max_hp_loss":0,"event_name":"Purifier","floor":38,"gold_loss":0},{"damage_healed":0,"gold_gain":0,"player_choice":"Fight","damage_taken":0,"max_hp_gain":0,"max_hp_loss":0,"event_name":"MindBloom","floor":42,"gold_loss":0},{"damage_healed":0,"gold_gain":0,"player_choice":"Ignored","damage_taken":0,"max_hp_gain":0,"max_hp_loss":0,"event_name":"Mysterious Sphere","floor":44,"gold_loss":0},{"cards_removed":["PiercingWail"],"damage_healed":0,"gold_gain":0,"player_choice":"Removed Skill","damage_taken":0,"max_hp_gain":0,"max_hp_loss":0,"event_name":"Falling","floor":45,"gold_loss":0}],"is_beta":false,"boss_relics":[{"not_picked":["Lizard Tail","Ring of the Serpent"],"picked":"Busted Crown"},{"not_picked":["Eternal Feather","Velvet Choker"],"picked":"WristBlade"}],"items_purged_floors":[20,27,37],"is_endless":false,"potions_floor_spawned":[1,5,6,13,16,18,23,25,28,31,36,42,46],"ascension_level":6}