{"path_per_floor":["M","M","?","M","?","R","E","M","T","R","$","?","$","M","R","B",null,"M","M"],"character_chosen":"THE_SILENT","items_purchased":["Crippling Poison","Leg Sweep","Caltrops"],"gold_per_floor":[116,126,126,146,146,146,181,204,229,229,115,290,75,88,88,216,216,237,261],"floor_reached":20,"campfire_rested":0,"playtime":4468,"current_hp_per_floor":[70,69,65,61,61,61,64,72,72,72,72,72,72,67,67,36,72,72,43],"items_purged":["Strike_G","Doubt"],"gold":261,"play_id":"6b25bf4a-4eee-4c49-8542-b9de4e08e0ab","is_prod":false,"is_daily":false,"is_ascension_mode":false,"campfire_upgraded":3,"path_taken":["M","M","?","M","?","R","E","M","T","R","?","?","$","M","R","BOSS","M","M","?"],"build_version":"2018-01-25-PROD3","purchased_purges":2,"victory":false,"master_deck":["Defend_G","Defend_G","Defend_G","Defend_G","Defend_G","Strike_G","Strike_G","Strike_G","Strike_G","Survivor","Neutralize","Noxious Fumes+1","Well Laid Plans","Footwork+1","Neutralize+1","Panacea","Venomology","Catalyst","Crippling Poison+1","Leg Sweep","Caltrops","Corpse Explosion","Deadly Poison","Escape Plan"],"max_hp_per_floor":[70,70,65,65,65,65,72,72,72,72,72,72,72,72,72,72,72,72,72],"relics":["Ring of the Snake","Golden Idol","Strawberry","Molten Egg"],"card_choices":[{"not_picked":["Footwork","Slice"],"picked":"Noxious Fumes"},{"not_picked":["All Out Attack","Deflect"],"picked":"Well Laid Plans"},{"not_picked":["Sucker Punch","Acrobatics"],"picked":"Footwork"},{"not_picked":["Deflect","Outmaneuver"],"picked":"Venomology"},{"not_picked":["Dagger Throw","Calculated Gamble"],"picked":"Catalyst"},{"not_picked":["Die Die Die","After Image"],"picked":"Corpse Explosion"},{"not_picked":["Poisoned Stab","Caltrops"],"picked":"Deadly Poison"},{"not_picked":["Blur","Caltrops"],"picked":"Escape Plan"}],"player_experience":134228,"potions_floor_usage":[18,19,20,20],"damage_taken":[{"damage":0.0,"enemies":"Jaw Worm","floor":1.0,"turns":3.0},{"damage":1.0,"enemies":"Cultist","floor":2.0,"turns":5.0},{"damage":4.0,"enemies":"2 Louse","floor":4.0,"turns":3.0},{"damage":4.0,"enemies":"Lagavulin","floor":7.0,"turns":11.0},{"damage":0.0,"enemies":"Gremlin Gang","floor":8.0,"turns":7.0},{"damage":5.0,"enemies":"Exordium Wildlife","floor":14.0,"turns":6.0},{"damage":31.0,"enemies":"Hexaghost","floor":16.0,"turns":9.0},{"damage":0,"enemies":"Shell Parasite","floor":18,"turns":8},{"damage":32,"enemies":"3 Byrds","floor":19,"turns":4},{"damage":48,"enemies":"Sentry and Sphere","floor":20,"turns":5}],"event_choices":[{"event_name":"Golden Idol","player_choice":"Lose Max HP","floor":3.0,"damage_taken":0.0},{"event_name":"Match and Keep!","player_choice":"2 cards matched","floor":5.0,"damage_taken":0.0},{"event_name":"Liars Game","player_choice":"agreed","floor":12.0,"damage_taken":0.0}],"boss_relics":[],"potions_floor_spawned":[1,4,7,16],"seed_played":"-8828324126560029032","killed_by":"Sentry and Sphere","ascension_level":0,"is_trial":false}