{"gold_per_floor":[109,109,129,129,154,154,229,264,264,12,27,27,27,51,51,177,177,196,186,111,126,41,41],"floor_reached":23,"playtime":1165,"items_purged":[],"score":258,"play_id":"96a9cb84-8f54-4d13-a7b7-d2fd80825508","local_time":"20190417204124","is_ascension_mode":true,"campfire_choices":[{"data":"Blade Dance","floor":6.0,"key":"SMITH"},{"floor":13.0,"key":"REST"},{"data":"Footwork","floor":15.0,"key":"SMITH"}],"neow_cost":"NONE","seed_source_timestamp":0,"circlet_count":0,"master_deck":["Defend_G","Defend_G","Defend_G","Defend_G","Defend_G","Strike_G","Strike_G","Strike_G","Survivor","Neutralize+1","Blade Dance+1","Backstab","Accuracy","Deadly Poison","Footwork+1","Storm of Steel","Bouncing Flask","Blade Dance"],"special_seed":0,"relics":["Ring of the Snake","Golden Idol","Strawberry","Singing Bowl","Medical Kit","Busted Crown","Unceasing Top"],"potions_floor_usage":[18,18,23],"damage_taken":[{"damage":0.0,"enemies":"Cultist","floor":1.0,"turns":5.0},{"damage":0.0,"enemies":"Small Slimes","floor":3.0,"turns":3.0},{"damage":0.0,"enemies":"Jaw Worm","floor":5.0,"turns":6.0},{"damage":22.0,"enemies":"3 Sentries","floor":8.0,"turns":11.0},{"damage":5.0,"enemies":"3 Louse","floor":11.0,"turns":4.0},{"damage":9.0,"enemies":"Looter","floor":14.0,"turns":3.0},{"damage":22.0,"enemies":"The Guardian","floor":16.0,"turns":12.0},{"damage":6,"enemies":"Chosen","floor":18,"turns":6},{"damage":13,"enemies":"2 Thieves","floor":19,"turns":4},{"damage":30,"enemies":"Snake Plant","floor":21,"turns":5},{"damage":27,"enemies":"Cultist and Chosen","floor":23,"turns":4}],"seed_played":"3725993660405097949","potions_obtained":[{"floor":3.0,"key":"Block Potion"},{"floor":14.0,"key":"Explosive Potion"},{"floor":18,"key":"Dexterity Potion"}],"is_trial":false,"path_per_floor":["M","?","M","?","M","R","?","E","T","$","M","$","R","M","R","B",null,"M","M","?","M","?","M"],"character_chosen":"THE_SILENT","items_purchased":["Medical Kit","Deadly Poison"],"campfire_rested":1,"item_purchase_floors":[10,10],"current_hp_per_floor":[63,63,63,63,63,63,52,37,37,37,34,34,56,47,47,25,62,56,43,43,15,15,0],"gold":41,"neow_bonus":"UPGRADE_CARD","is_prod":false,"is_daily":false,"chose_seed":false,"campfire_upgraded":2,"win_rate":0,"timestamp":1555558884,"path_taken":["M","?","M","?","?","R","?","E","T","$","M","$","R","M","R","BOSS","M","M","?","M","?","M"],"build_version":"2019-01-23","purchased_purges":0,"victory":false,"max_hp_per_floor":[70,65,65,65,65,65,65,72,72,72,74,74,74,74,74,74,74,74,74,74,76,76,76],"card_choices":[{"not_picked":["Dodge and Roll","Quick Slash"],"picked":"Blade Dance","floor":1.0},{"not_picked":["Catalyst","Eviscerate","Reflex"],"picked":"SKIP","floor":3.0},{"not_picked":["Underhanded Strike","Endless Agony"],"picked":"Backstab","floor":5.0},{"not_picked":["Quick Slash","Dagger Throw"],"picked":"Accuracy","floor":8.0},{"not_picked":["Eviscerate","Bane","Dagger Spray"],"picked":"Singing Bowl","floor":11.0},{"not_picked":["Reflex","Eviscerate"],"picked":"Footwork","floor":14.0},{"not_picked":["Grand Finale","Die Die Die"],"picked":"Storm of Steel","floor":16.0},{"not_picked":[],"picked":"Bouncing Flask","floor":18},{"not_picked":[],"picked":"Blade Dance","floor":19},{"not_picked":["Blade Dance+1"],"picked":"Singing Bowl","floor":21}],"player_experience":718648,"relics_obtained":[{"floor":8.0,"key":"Strawberry"},{"floor":9.0,"key":"Singing Bowl"}],"event_choices":[{"damage_healed":0.0,"max_hp_gain":0.0,"max_hp_loss":5.0,"gold_gain":0.0,"event_name":"Golden Idol","player_choice":"Lose Max HP","floor":2.0,"gold_loss":0.0,"damage_taken":0.0,"relics_obtained":["Golden Idol"]},{"cards_removed":["Strike_G"],"damage_healed":0.0,"max_hp_gain":0.0,"max_hp_loss":0.0,"gold_gain":0.0,"event_name":"Purifier","player_choice":"Purged","floor":4.0,"gold_loss":0.0,"damage_taken":0.0},{"damage_healed":0.0,"max_hp_gain":0.0,"max_hp_loss":0.0,"gold_gain":75.0,"event_name":"World of Goop","player_choice":"Gather Gold","floor":7.0,"gold_loss":0.0,"damage_taken":11.0},{"cards_removed":["Strike_G"],"damage_healed":0,"gold_gain":0,"player_choice":"Gave Gold","damage_taken":0,"max_hp_gain":0,"max_hp_loss":0,"event_name":"Beggar","floor":20,"gold_loss":75},{"damage_healed":0,"gold_gain":0,"player_choice":"Obtained Relic","damage_taken":0,"relics_obtained":["Unceasing Top"],"max_hp_gain":0,"max_hp_loss":0,"event_name":"Addict","floor":22,"gold_loss":85}],"is_beta":false,"boss_relics":[{"not_picked":["Tiny House","Runic Dome"],"picked":"Busted Crown"}],"items_purged_floors":[],"is_endless":false,"potions_floor_spawned":[3,14,18],"killed_by":"Cultist and Chosen","ascension_level":7}