{"gold_per_floor":[112,39,52,62,78,78,111,129,204,204,204,204,230,247,247,342,342,357,176,194,194,214,214,243,258,258,258,208,208],"floor_reached":29,"playtime":2265,"items_purged":["Strike_B","Strike_B+1"],"score":255,"play_id":"5ee0ffb6-560a-466b-b6ed-decc4705f3f9","local_time":"20181120090328","is_ascension_mode":false,"campfire_choices":[{"data":"Streamline","floor":6,"key":"SMITH"},{"data":"Loop","floor":10,"key":"SMITH"},{"floor":12,"key":"REST"},{"floor":15,"key":"REST"},{"floor":23,"key":"REST"}],"neow_cost":"NONE","seed_source_timestamp":544492961260711,"circlet_count":0,"master_deck":["Strike_B+1","Strike_B+1","Defend_B+1","Defend_B+1","Defend_B+1","Defend_B+1","Zap","Dualcast+1","Leap","Leap","Beam Cell","Streamline+1","Consume","Sweeping Beam","Loop+1","Genetic Algorithm","Multi-Cast","Skim","Hologram","Reboot","Loop","Conserve Battery","Redo"],"relics":["Cracked Core","Smiling Mask","Sundial","Ginger","War Paint","Busted Crown","Ancient Tea Set","Bottled Flame"],"potions_floor_usage":[16,24,24],"damage_taken":[{"damage":5,"enemies":"Small Slimes","floor":1,"turns":3},{"damage":1,"enemies":"Cultist","floor":3,"turns":3},{"damage":6,"enemies":"Jaw Worm","floor":4,"turns":4},{"damage":7,"enemies":"Blue Slaver","floor":5,"turns":3},{"damage":17,"enemies":"3 Sentries","floor":7,"turns":5},{"damage":8,"enemies":"2 Fungi Beasts","floor":8,"turns":4},{"damage":31,"enemies":"Lagavulin","floor":13,"turns":5},{"damage":1,"enemies":"Looter","floor":14,"turns":4},{"damage":20,"enemies":"The Guardian","floor":16,"turns":7},{"damage":25,"enemies":"3 Byrds","floor":18,"turns":6},{"damage":0,"enemies":"Chosen","floor":20,"turns":5},{"damage":14,"enemies":"Snake Plant","floor":22,"turns":3},{"damage":28,"enemies":"Book of Stabbing","floor":24,"turns":6},{"damage":12,"enemies":"Shelled Parasite and Fungi","floor":25,"turns":5},{"damage":22,"enemies":"Cultist and Chosen","floor":29,"turns":5}],"seed_played":"-4923281694734099837","potions_obtained":[{"floor":4,"key":"Poison Potion"},{"floor":13,"key":"PowerPotion"},{"floor":16,"key":"SteroidPotion"},{"floor":18,"key":"EssenceOfSteel"},{"floor":22,"key":"PowerPotion"},{"floor":25,"key":"Energy Potion"}],"is_trial":false,"path_per_floor":["M","$","M","M","M","R","E","M","T","R","?","R","E","M","R","B",null,"M","$","M","?","M","R","E","M","T","?","$","M"],"character_chosen":"DEFECT","items_purchased":["Beam Cell","Streamline","Loop","Conserve Battery"],"campfire_rested":3,"item_purchase_floors":[2,2,19,19],"current_hp_per_floor":[70,70,69,63,56,56,39,31,31,31,31,53,22,21,43,23,75,50,50,50,50,36,58,30,18,18,18,18,0],"gold":208,"neow_bonus":"THREE_CARDS","is_prod":false,"is_daily":false,"chose_seed":false,"campfire_upgraded":2,"win_rate":0.0,"timestamp":1542733408,"path_taken":["M","$","M","M","M","R","E","M","T","R","?","R","E","?","R","BOSS","M","$","M","?","M","R","E","M","T","?","$","M"],"build_version":"2018-11-15","purchased_purges":2,"victory":false,"max_hp_per_floor":[75,75,75,75,75,75,75,75,75,75,75,75,75,75,75,75,75,75,75,75,75,75,75,75,75,75,75,75,75],"card_choices":[{"not_picked":["Compile Driver","Stack"],"picked":"Leap","floor":0},{"not_picked":["Conserve Battery","Rip and Tear"],"picked":"Leap","floor":1},{"not_picked":["Darkness","Auto Shields"],"picked":"Consume","floor":3},{"not_picked":["Consume","Rebound"],"picked":"Sweeping Beam","floor":4},{"not_picked":["Beam Cell","Compile Driver"],"picked":"Loop","floor":5},{"not_picked":["Sweeping Beam","Barrage"],"picked":"Genetic Algorithm","floor":7},{"not_picked":["Sweeping Beam","Compile Driver"],"picked":"Multi-Cast","floor":8},{"not_picked":["Rip and Tear","Rebound"],"picked":"Skim","floor":13},{"not_picked":["Streamline","Turbo"],"picked":"Hologram","floor":14},{"not_picked":["All For One","Buffer"],"picked":"Reboot","floor":16},{"not_picked":["Turbo"],"picked":"SKIP","floor":18},{"not_picked":[],"picked":"Redo","floor":20},{"not_picked":["Coolheaded"],"picked":"SKIP","floor":22},{"not_picked":["Beam Cell"],"picked":"SKIP","floor":24},{"not_picked":["Steam"],"picked":"SKIP","floor":25}],"player_experience":417249,"relics_obtained":[{"floor":7,"key":"Smiling Mask"},{"floor":9,"key":"Sundial"},{"floor":13,"key":"War Paint"},{"floor":24,"key":"Ancient Tea Set"},{"floor":26,"key":"Bottled Flame"}],"event_choices":[{"damage_healed":0,"gold_gain":0,"player_choice":"Gave Potion","damage_taken":0,"relics_obtained":["Ginger"],"max_hp_gain":0,"max_hp_loss":0,"event_name":"WeMeetAgain","floor":11,"gold_loss":0},{"damage_healed":0,"gold_gain":0,"player_choice":"Ignored","damage_taken":0,"max_hp_gain":0,"max_hp_loss":0,"event_name":"Ghosts","floor":21,"gold_loss":0},{"damage_healed":0,"gold_gain":0,"player_choice":"Simplicity","damage_taken":0,"max_hp_gain":0,"max_hp_loss":0,"event_name":"Back to Basics","floor":27,"gold_loss":0,"cards_upgraded":["Strike_B","Strike_B","Strike_B","Defend_B","Defend_B","Defend_B"]}],"is_beta":false,"boss_relics":[{"not_picked":["Empty Cage","Runic Dome"],"picked":"Busted Crown"}],"items_purged_floors":[19,28],"is_endless":false,"potions_floor_spawned":[4,13,16,18,22,25],"killed_by":"Cultist and Chosen","ascension_level":0}