{"gold_per_floor":[112,3,17,0,15,42,42,107,133,161,181,181,251,15,15,89,89,102,17,17,31,31,31,59,59,59,9,9,38,38,51,51,51],"floor_reached":33,"playtime":1975,"items_purged":["Defend_B"],"score":702,"play_id":"596dfb39-8753-4e6b-be3b-b9846fc343dc","local_time":"20190622151425","is_ascension_mode":true,"campfire_choices":[{"floor":7,"key":"REST"},{"data":"Biased Cognition","floor":12,"key":"SMITH"},{"data":"Zap","floor":15,"key":"SMITH"},{"data":"Static Discharge","floor":23,"key":"SMITH"},{"data":"Defragment","floor":28,"key":"SMITH"},{"data":"Defend_B","floor":32,"key":"PURGE"}],"neow_cost":"NONE","seed_source_timestamp":332576788249700,"circlet_count":0,"master_deck":["AscendersBane","Defend_B","Defend_B","Zap+1","Dualcast","Melter","Barrage","Sweeping Beam","Leap","Ball Lightning","Biased Cognition+1","Cold Snap","Ball Lightning","Biased Cognition+1","Hologram","Reboot","Consume+1","Hyperbeam+1","Glacier+1","Static Discharge+1","Defragment+1","Capacitor+1","Core Surge","Tempest"],"relics":["Cracked Core","Boot","Tiny Chest","Anchor","Ice Cream","Cables","DollysMirror","Astrolabe","Smiling Mask","Potion Belt","Pear","Peace Pipe"],"potions_floor_usage":[6,6,8,24,25,33,33],"damage_taken":[{"damage":0,"enemies":"Cultist","floor":1,"turns":3},{"damage":7,"enemies":"Jaw Worm","floor":3,"turns":4},{"damage":8,"enemies":"2 Louse","floor":5,"turns":2},{"damage":20,"enemies":"Lagavulin","floor":6,"turns":5},{"damage":11,"enemies":"Gremlin Nob","floor":8,"turns":3},{"damage":21,"enemies":"Lagavulin","floor":10,"turns":7},{"damage":0,"enemies":"Large Slime","floor":11,"turns":3},{"damage":0,"enemies":"Hexaghost","floor":16,"turns":6},{"damage":0,"enemies":"3 Byrds","floor":18,"turns":3},{"damage":0,"enemies":"Shell Parasite","floor":21,"turns":6},{"damage":5,"enemies":"Slavers","floor":24,"turns":4},{"damage":0,"enemies":"Snake Plant","floor":25,"turns":2},{"damage":21,"enemies":"Book of Stabbing","floor":29,"turns":5},{"damage":4,"enemies":"Cultist and Chosen","floor":31,"turns":7},{"damage":47,"enemies":"Collector","floor":33,"turns":7}],"seed_played":"-1675837577734234820","potions_obtained":[{"floor":6,"key":"Strength Potion"},{"floor":11,"key":"Dexterity Potion"},{"floor":16,"key":"AttackPotion"},{"floor":24,"key":"SmokeBomb"},{"floor":31,"key":"Explosive Potion"}],"is_trial":false,"path_per_floor":["M","$","M","?","M","E","R","E","T","E","M","R","T","$","R","B",null,"M","?","?","M","$","R","E","M","T","$","R","E","?","M","R","B"],"character_chosen":"DEFECT","items_purchased":["AttackPotion","SteroidPotion","DollysMirror","Hologram"],"campfire_rested":1,"item_purchase_floors":[2,2,14,14],"current_hp_per_floor":[64,64,57,57,49,29,50,39,39,18,18,18,18,18,18,18,58,58,58,58,58,58,58,53,53,63,63,63,42,42,38,38,0],"gold":51,"neow_bonus":"THREE_CARDS","is_prod":false,"is_daily":false,"chose_seed":false,"campfire_upgraded":4,"win_rate":0,"timestamp":1561230865,"path_taken":["M","$","M","?","M","E","R","E","T","E","M","R","?","?","R","BOSS","M","?","?","?","$","R","E","M","T","?","R","E","?","M","R","BOSS"],"build_version":"2019-01-23","purchased_purges":1,"victory":false,"max_hp_per_floor":[71,71,71,71,71,71,71,71,71,71,71,71,71,71,71,71,71,71,71,71,71,71,71,71,71,81,81,81,81,81,81,81,81],"card_choices":[{"not_picked":["Compile Driver","Hologram"],"picked":"Melter","floor":0},{"not_picked":["Gash","Steam Power"],"picked":"Barrage","floor":1},{"not_picked":["Gash","BootSequence"],"picked":"Sweeping Beam","floor":3},{"not_picked":["Self Repair","Barrage"],"picked":"Leap","floor":5},{"not_picked":["Self Repair","Stack"],"picked":"Ball Lightning","floor":6},{"not_picked":["Loop","Leap"],"picked":"Biased Cognition","floor":8},{"not_picked":["Turbo","Beam Cell"],"picked":"Cold Snap","floor":10},{"not_picked":["Capacitor","Leap"],"picked":"Ball Lightning","floor":11},{"not_picked":["Meteor Strike","Biased Cognition"],"picked":"Reboot","floor":16},{"not_picked":["Sweeping Beam","Rebound"],"picked":"Static Discharge","floor":18},{"not_picked":["Self Repair+1","Undo"],"picked":"Capacitor+1","floor":21},{"not_picked":["Darkness","Chill"],"picked":"Core Surge","floor":24},{"not_picked":["Redo","Sweeping Beam","Defragment"],"picked":"SKIP","floor":29},{"not_picked":["Barrage","Blizzard"],"picked":"Tempest","floor":31}],"player_experience":2147672,"relics_obtained":[{"floor":6,"key":"Boot"},{"floor":8,"key":"Tiny Chest"},{"floor":9,"key":"Anchor"},{"floor":10,"key":"Ice Cream"},{"floor":13,"key":"Cables"},{"floor":24,"key":"Potion Belt"},{"floor":26,"key":"Pear"},{"floor":29,"key":"Peace Pipe"}],"event_choices":[{"damage_healed":0,"gold_gain":0,"player_choice":"Left Gold","damage_taken":0,"max_hp_gain":0,"max_hp_loss":0,"event_name":"World of Goop","floor":4,"gold_loss":17},{"damage_healed":0,"gold_gain":0,"player_choice":"Obtained Relic","damage_taken":0,"relics_obtained":["Smiling Mask"],"max_hp_gain":0,"max_hp_loss":0,"event_name":"Addict","floor":19,"gold_loss":85},{"damage_healed":0,"gold_gain":0,"cards_transformed":["Strike_B"],"player_choice":"Transformed","damage_taken":0,"max_hp_gain":0,"max_hp_loss":0,"event_name":"Transmorgrifier","floor":20,"gold_loss":0,"cards_obtained":["Defragment"]},{"damage_healed":0,"gold_gain":0,"player_choice":"Ignored","damage_taken":0,"max_hp_gain":0,"max_hp_loss":0,"event_name":"The Mausoleum","floor":30,"gold_loss":0}],"is_beta":false,"boss_relics":[{"not_picked":["FrozenCore","Lizard Tail"],"picked":"Astrolabe"}],"items_purged_floors":[27],"is_endless":false,"potions_floor_spawned":[5,6,11,16,24,31],"killed_by":"Collector","ascension_level":20}