{"gold_per_floor":[109,109,127,58,78,121,121,144,144,169,169],"floor_reached":11,"playtime":889,"items_purged":[],"score":83,"play_id":"43f80505-6060-4713-8295-339fb9be563f","local_time":"20181201002700","is_ascension_mode":true,"campfire_choices":[{"data":"Noxious Fumes","floor":7,"key":"SMITH"}],"neow_cost":"NONE","seed_source_timestamp":0,"circlet_count":0,"master_deck":["Defend_G","Defend_G","Defend_G","Defend_G","Defend_G","Strike_G","Strike_G","Strike_G","Strike_G","Strike_G","Survivor","Neutralize+1","Cloak And Dagger","Dodge and Roll","Noxious Fumes+1","Escape Plan","Blade Dance","Blade Dance","Slice"],"special_seed":0,"relics":["Ring of the Snake","Golden Idol","Smiling Mask","Darkstone Periapt"],"potions_floor_usage":[6,6,11],"damage_taken":[{"damage":2.0,"enemies":"Jaw Worm","floor":1.0,"turns":6.0},{"damage":0.0,"enemies":"Cultist","floor":3.0,"turns":4.0},{"damage":0.0,"enemies":"Small Slimes","floor":5.0,"turns":4.0},{"damage":4,"enemies":"Lagavulin","floor":6,"turns":10},{"damage":17,"enemies":"Exordium Thugs","floor":8,"turns":6},{"damage":7,"enemies":"Blue Slaver","floor":10,"turns":5},{"damage":26,"enemies":"Gremlin Nob","floor":11,"turns":4}],"seed_played":"6861285609332926023","potions_obtained":[{"floor":1.0,"key":"EssenceOfSteel"},{"floor":3.0,"key":"Dexterity Potion"},{"floor":6,"key":"GhostInAJar"},{"floor":10,"key":"SkillPotion"}],"is_trial":false,"path_per_floor":["M","?","M","$","M","M","E","R","M","T","M","E"],"character_chosen":"THE_SILENT","items_purchased":["Noxious Fumes"],"campfire_rested":0,"item_purchase_floors":[4],"current_hp_per_floor":[68,51,51,51,51,47,47,30,30,23,0],"gold":169,"neow_bonus":"UPGRADE_CARD","is_prod":false,"is_daily":false,"chose_seed":false,"campfire_upgraded":1,"win_rate":0,"timestamp":1543652820,"path_taken":["M","?","M","$","M","E","R","M","T","M","E"],"build_version":"2018-11-15","purchased_purges":0,"victory":false,"max_hp_per_floor":[70,70,70,70,70,70,70,70,70,70,70],"card_choices":[{"not_picked":["Expertise","Endless Agony"],"picked":"Cloak And Dagger","floor":1.0},{"not_picked":["Setup","Prepared"],"picked":"Dodge and Roll","floor":3.0},{"not_picked":["Deflect","Well Laid Plans"],"picked":"Escape Plan","floor":5},{"not_picked":["Sucker Punch","Finisher"],"picked":"Blade Dance","floor":6},{"not_picked":["Bane","Sucker Punch"],"picked":"Blade Dance","floor":8},{"not_picked":["Distraction","Acrobatics"],"picked":"Slice","floor":10}],"player_experience":448304,"relics_obtained":[{"floor":6,"key":"Smiling Mask"},{"floor":9,"key":"Darkstone Periapt"}],"event_choices":[{"damage_healed":0.0,"max_hp_gain":0.0,"max_hp_loss":0.0,"gold_gain":0.0,"event_name":"Golden Idol","player_choice":"Take Damage","floor":2.0,"gold_loss":0.0,"damage_taken":17.0,"relics_obtained":["Golden Idol"]}],"is_beta":false,"boss_relics":[],"items_purged_floors":[],"is_endless":false,"potions_floor_spawned":[1,3,6,10],"killed_by":"Gremlin Nob","ascension_level":2}