{"gold_per_floor":[115,130,230,47,58,58,90,90,90,125,125,125],"floor_reached":12,"playtime":642,"items_purged":[],"score":95,"play_id":"f8f08ddf-d057-4663-bd40-01f2185e3fd8","local_time":"20190506193832","is_ascension_mode":true,"campfire_choices":[{"data":"Distraction","floor":6,"key":"SMITH"},{"data":"Blur","floor":8,"key":"SMITH"}],"neow_cost":"NONE","seed_source_timestamp":2227719816854798,"circlet_count":0,"master_deck":["Defend_G","Defend_G","Defend_G","Defend_G","Defend_G","Strike_G","Strike_G","Strike_G","Strike_G","Strike_G","Survivor+1","Neutralize","Blur+1","Distraction+1","Backflip","Footwork"],"relics":["Ring of the Snake","Pen Nib","Darkstone Periapt","Bottled Flame","Molten Egg 2"],"potions_floor_usage":[7,7,7,10,10,10,12,12,12],"damage_taken":[{"damage":0,"enemies":"2 Louse","floor":1,"turns":3},{"damage":0,"enemies":"Cultist","floor":2,"turns":4},{"damage":0,"enemies":"Jaw Worm","floor":5,"turns":5},{"damage":8,"enemies":"Lagavulin","floor":7,"turns":8},{"damage":52,"enemies":"Gremlin Nob","floor":10,"turns":6},{"damage":28,"enemies":"Lagavulin","floor":12,"turns":20}],"seed_played":"-5879246466279157264","potions_obtained":[{"floor":1,"key":"EntropicBrew"},{"floor":5,"key":"Energy Potion"},{"floor":10,"key":"SpeedPotion"}],"is_trial":false,"path_per_floor":["M","M","?","$","M","R","E","R","T","E","?","E"],"character_chosen":"THE_SILENT","items_purchased":["Blur","Pen Nib"],"campfire_rested":0,"item_purchase_floors":[4,4],"current_hp_per_floor":[70,70,70,70,70,70,62,62,62,24,24,0],"gold":125,"neow_bonus":"UPGRADE_CARD","is_prod":false,"is_daily":false,"chose_seed":false,"campfire_upgraded":2,"win_rate":0,"timestamp":1557164312,"path_taken":["M","M","?","$","?","R","E","R","T","E","?","E"],"build_version":"2019-01-23","purchased_purges":0,"victory":false,"max_hp_per_floor":[70,70,70,70,70,70,70,70,70,70,70,70],"card_choices":[{"not_picked":["Finisher","Slice","Quick Slash"],"picked":"SKIP","floor":1},{"not_picked":["Accuracy","Underhanded Strike","Reflex"],"picked":"SKIP","floor":2},{"not_picked":["Blade Dance","Leg Sweep"],"picked":"Distraction","floor":5},{"not_picked":["Prepared","Doppelganger"],"picked":"Backflip","floor":7},{"not_picked":["Well Laid Plans","Masterful Stab"],"picked":"Footwork","floor":10}],"player_experience":182011,"relics_obtained":[{"floor":7,"key":"Darkstone Periapt"},{"floor":9,"key":"Bottled Flame"},{"floor":10,"key":"Molten Egg 2"}],"event_choices":[{"damage_healed":0,"gold_gain":100,"player_choice":"Pray","damage_taken":0,"max_hp_gain":0,"max_hp_loss":0,"event_name":"Golden Shrine","floor":3,"gold_loss":0},{"damage_healed":0,"gold_gain":0,"player_choice":"Ignored","damage_taken":0,"max_hp_gain":0,"max_hp_loss":0,"event_name":"Liars Game","floor":11,"gold_loss":0}],"is_beta":false,"boss_relics":[],"items_purged_floors":[],"is_endless":false,"potions_floor_spawned":[1,5,10],"killed_by":"Lagavulin","ascension_level":2}