{"path_per_floor":["M","M","$","M","M","R","E","?","T","R","M","M","E","?","R","B",null,"M","$","M","M","$","R"],"character_chosen":"THE_SILENT","items_purchased":["Blade Dance"],"gold_per_floor":[112,130,62,79,95,95,121,121,121,121,133,152,187,152,152,252,252,218,143,161,174,74,74],"floor_reached":24,"campfire_rested":1,"playtime":3030,"current_hp_per_floor":[68,68,68,54,52,52,48,48,48,48,48,48,20,37,37,17,70,47,47,22,7,7,28],"items_purged":["Strike_G","Strike_G"],"gold":74,"play_id":"fb28b521-5c72-4b72-b1ca-201a3aeb1cf5","is_prod":false,"is_daily":false,"is_ascension_mode":false,"campfire_upgraded":3,"path_taken":["M","M","$","M","M","R","E","?","T","R","M","M","E","?","R","BOSS","M","$","M","M","$","R","E"],"build_version":"2018-01-25-PROD3","purchased_purges":2,"victory":false,"master_deck":["Defend_G","Defend_G","Defend_G","Defend_G","Defend_G","Strike_G","Strike_G","Strike_G","Survivor","Neutralize","Backflip","Blade Dance+1","Blade Dance+1","Backflip+1","Deflect","Terror","Outmaneuver","Infinite Blades","Choke","Calculated Gamble"],"max_hp_per_floor":[70,70,70,70,70,70,70,70,70,70,70,70,70,70,70,70,70,70,70,70,70,70,70],"relics":["Ring of the Snake","Ancient Tea Set","Ornamental Fan","Ginger","Anchor","Black Star"],"card_choices":[{"not_picked":["Dash","Slice"],"picked":"Backflip"},{"not_picked":["Quick Slash","Dagger Throw"],"picked":"Blade Dance"},{"not_picked":["Sucker Punch","Quick Slash"],"picked":"Backflip"},{"not_picked":["PiercingWail","Flechettes"],"picked":"Deflect"},{"not_picked":["Acrobatics","Burst"],"picked":"Terror"},{"not_picked":["Choke","Poisoned Stab"],"picked":"Outmaneuver"},{"not_picked":["Bane","Masterful Stab"],"picked":"Infinite Blades"},{"not_picked":["Sucker Punch","Noxious Fumes"],"picked":"Choke"},{"not_picked":["Eviscerate","Bouncing Flask"],"picked":"Calculated Gamble"}],"player_experience":109525,"potions_floor_usage":[7,7,16,18,24],"damage_taken":[{"damage":2,"enemies":"Cultist","floor":1,"turns":6},{"damage":0,"enemies":"Small Slimes","floor":2,"turns":3},{"damage":14,"enemies":"Blue Slaver","floor":4,"turns":5},{"damage":2,"enemies":"2 Fungi Beasts","floor":5,"turns":4},{"damage":4,"enemies":"Lagavulin","floor":7,"turns":11},{"damage":0,"enemies":"Exordium Wildlife","floor":11,"turns":2},{"damage":0,"enemies":"Looter","floor":12,"turns":3},{"damage":28,"enemies":"Gremlin Nob","floor":13,"turns":5},{"damage":29,"enemies":"Slime Boss","floor":16,"turns":11},{"damage":23,"enemies":"2 Thieves","floor":18,"turns":5},{"damage":25,"enemies":"Chosen","floor":20,"turns":6},{"damage":15,"enemies":"Slaver and Parasite","floor":21,"turns":7},{"damage":32,"enemies":"Slavers","floor":24,"turns":5}],"event_choices":[{"event_name":"Liars Game","player_choice":"disagreed","floor":8,"damage_taken":0},{"event_name":"The Cleric","player_choice":"Healed","floor":14,"damage_taken":0}],"boss_relics":[{"not_picked":["Eternal Feather","White Beast Statue"],"picked":"Black Star"}],"potions_floor_spawned":[1,4,5,13,16,18],"seed_played":"2731218865893735543","killed_by":"Slavers","ascension_level":0,"is_trial":false}