{"gold_per_floor":[110,120,45,65,65,90,102,102,102,114,124,157,157,157,157,256,256,272,272,372,372,391,391,418,428,428,343,343,363,383,402,402,402],"floor_reached":33,"playtime":1392,"items_purged":[],"score":390,"play_id":"857d5abc-8bfe-47a1-83f9-c912779d2f68","local_time":"20190511142008","is_ascension_mode":true,"campfire_choices":[{"floor":8,"key":"REST"},{"data":"Echo Form","floor":13,"key":"SMITH"},{"floor":15,"key":"REST"},{"floor":23,"key":"REST"},{"floor":28,"key":"REST"},{"floor":32,"key":"REST"}],"neow_cost":"NONE","seed_source_timestamp":1106132110554907,"circlet_count":0,"master_deck":["Strike_B+1","Strike_B+1","Strike_B+1","Strike_B+1","Defend_B+1","Defend_B+1","Defend_B+1","Defend_B+1","Zap+1","Dualcast","Chaos","Rip and Tear","Melter","Gash","Reinforced Body","Echo Form+1","Glacier","Sunder+1","Gash+1","Seek","Tempest+1","Ball Lightning+1","Doubt","Leap+1","Stack","Regret","Gash+1","Blizzard+1"],"relics":["Cracked Core","Molten Egg 2","FossilizedHelix","Mango","Cursed Key","WingedGreaves","Pear","Question Card","Sundial","Toxic Egg 2","Lantern"],"potions_floor_usage":[6,20,20,24,33,33],"damage_taken":[{"damage":5,"enemies":"2 Louse","floor":1,"turns":3},{"damage":8,"enemies":"Jaw Worm","floor":2,"turns":4},{"damage":1,"enemies":"Cultist","floor":4,"turns":3},{"damage":36,"enemies":"Gremlin Nob","floor":6,"turns":4},{"damage":2,"enemies":"Blue Slaver","floor":7,"turns":4},{"damage":0,"enemies":"Large Slime","floor":10,"turns":3},{"damage":0,"enemies":"2 Fungi Beasts","floor":11,"turns":3},{"damage":0,"enemies":"Lagavulin","floor":12,"turns":4},{"damage":18,"enemies":"Slime Boss","floor":16,"turns":8},{"damage":12,"enemies":"2 Thieves","floor":18,"turns":3},{"damage":1,"enemies":"Colosseum Slavers","floor":20,"turns":3},{"damage":20,"enemies":"Colosseum Nobs","floor":20,"turns":5},{"damage":0,"enemies":"Spheric Guardian","floor":22,"turns":1},{"damage":35,"enemies":"Book of Stabbing","floor":24,"turns":5},{"damage":12,"enemies":"Snake Plant","floor":25,"turns":4},{"damage":0,"enemies":"Sentry and Sphere","floor":29,"turns":4},{"damage":0,"enemies":"Cultist and Chosen","floor":30,"turns":6},{"damage":13,"enemies":"Centurion and Healer","floor":31,"turns":5},{"damage":104,"enemies":"Collector","floor":33,"turns":10}],"seed_played":"3994925268960814185","potions_obtained":[{"floor":0,"key":"FocusPotion"},{"floor":0,"key":"Poison Potion"},{"floor":0,"key":"FearPotion"},{"floor":1,"key":"SteroidPotion"},{"floor":7,"key":"PowerPotion"},{"floor":16,"key":"SkillPotion"},{"floor":18,"key":"SkillPotion"},{"floor":20,"key":"Explosive Potion"},{"floor":24,"key":"AttackPotion"},{"floor":30,"key":"Energy Potion"}],"is_trial":false,"path_per_floor":["M","M","$","M","?","E","M","R","T","M","M","E","R","?","R","B",null,"M","?","?","T","M","R","E","M","T","?","R","M","M","M","R","B"],"character_chosen":"DEFECT","items_purchased":["Melter"],"campfire_rested":5,"item_purchase_floors":[3],"current_hp_per_floor":[70,62,62,61,66,30,28,52,52,52,52,66,66,66,94,76,94,82,82,71,71,71,102,67,55,55,55,86,86,86,73,104,0],"gold":402,"neow_bonus":"THREE_SMALL_POTIONS","is_prod":false,"is_daily":false,"chose_seed":false,"campfire_upgraded":1,"win_rate":0,"timestamp":1557609608,"path_taken":["M","M","$","M","?","E","M","R","T","M","M","E","R","?","R","BOSS","M","?","?","?","M","R","E","?","T","?","R","M","M","M","R","BOSS"],"build_version":"2019-01-23","purchased_purges":0,"victory":false,"max_hp_per_floor":[75,75,75,75,80,80,80,80,80,80,80,94,94,94,94,94,94,94,94,104,104,104,104,104,104,104,104,104,104,104,104,104,104],"card_choices":[{"not_picked":["Stack","Conserve Battery"],"picked":"Chaos","floor":1},{"not_picked":["Turbo","Streamline"],"picked":"Rip and Tear","floor":2},{"not_picked":["Streamline","Hello World"],"picked":"Gash","floor":4},{"not_picked":["Sweeping Beam","Streamline"],"picked":"Reinforced Body","floor":6},{"not_picked":["Go for the Eyes+1","Beam Cell+1"],"picked":"Echo Form","floor":7},{"not_picked":["Coolheaded","Streamline+1"],"picked":"Glacier","floor":10},{"not_picked":["Aggregate","Storm"],"picked":"Sunder+1","floor":11},{"not_picked":["Steam","Hyperbeam+1"],"picked":"Gash+1","floor":12},{"not_picked":["Fission","Machine Learning"],"picked":"Seek","floor":16},{"not_picked":["Ball Lightning+1","Static Discharge"],"picked":"Tempest+1","floor":18},{"not_picked":["Undo","Streamline+1"],"picked":"Ball Lightning+1","floor":20},{"not_picked":["Cold Snap+1","Force Field","Steam","Beam Cell+1"],"picked":"SKIP","floor":22},{"not_picked":["Fusion","Compile Driver+1","Tempest"],"picked":"Leap+1","floor":24},{"not_picked":["Recycle","Barrage+1","Turbo"],"picked":"Stack","floor":25},{"not_picked":["Redo+1","Melter+1","Beam Cell+1","Steam+1"],"picked":"SKIP","floor":29},{"not_picked":["Reprogram+1","Static Discharge","Barrage+1"],"picked":"Gash+1","floor":30},{"not_picked":["Beam Cell+1","Conserve Battery+1","Double Energy+1"],"picked":"Blizzard+1","floor":31}],"player_experience":744179,"relics_obtained":[{"floor":6,"key":"Molten Egg 2"},{"floor":9,"key":"FossilizedHelix"},{"floor":12,"key":"Mango"},{"floor":20,"key":"WingedGreaves"},{"floor":20,"key":"Pear"},{"floor":21,"key":"Question Card"},{"floor":24,"key":"Sundial"},{"floor":26,"key":"Toxic Egg 2"}],"event_choices":[{"damage_healed":0,"gold_gain":0,"player_choice":"Donut","damage_taken":0,"max_hp_gain":5,"max_hp_loss":0,"event_name":"Big Fish","floor":5,"gold_loss":0},{"damage_healed":0,"gold_gain":0,"player_choice":"Grow","damage_taken":0,"max_hp_gain":0,"max_hp_loss":0,"event_name":"Living Wall","floor":14,"gold_loss":0,"cards_upgraded":["Zap"]},{"damage_healed":0,"gold_gain":0,"player_choice":"Simplicity","damage_taken":0,"max_hp_gain":0,"max_hp_loss":0,"event_name":"Back to Basics","floor":19,"gold_loss":0,"cards_upgraded":["Strike_B","Strike_B","Strike_B","Strike_B","Defend_B","Defend_B","Defend_B","Defend_B"]},{"damage_healed":0,"gold_gain":0,"player_choice":"Fight","damage_taken":0,"max_hp_gain":0,"max_hp_loss":0,"event_name":"Colosseum","floor":20,"gold_loss":0},{"damage_healed":0,"gold_gain":0,"player_choice":"Fought Nobs","damage_taken":0,"max_hp_gain":0,"max_hp_loss":0,"event_name":"Colosseum","floor":20,"gold_loss":0},{"damage_healed":0,"gold_gain":0,"player_choice":"Obtained Relic","damage_taken":0,"relics_obtained":["Lantern"],"max_hp_gain":0,"max_hp_loss":0,"event_name":"Addict","floor":27,"gold_loss":85}],"is_beta":false,"boss_relics":[{"not_picked":["Pandora\u0027s Box","Snecko Eye"],"picked":"Cursed Key"}],"items_purged_floors":[],"is_endless":false,"potions_floor_spawned":[1,7,16,18,20,24,30,31],"killed_by":"Collector","ascension_level":4}