{"gold_per_floor":[119,44,54,129,21,51,67,99,167,179,179,179,192,203,203,306,306,318,331,311,327,74,74,106,106,131,157,168,182,192,210,210,312,312,325,81,81,96,147,147,199,199,247,273,288,288,306,138,138,138],"floor_reached":51,"playtime":2516,"items_purged":["Strike_G","Strike_G"],"score":950,"play_id":"2527c73f-bd86-4f86-a4af-0f2703f02c72","local_time":"20190527155207","is_ascension_mode":true,"campfire_choices":[{"floor":11,"key":"REST"},{"data":"Noxious Fumes","floor":15,"key":"SMITH"},{"floor":23,"key":"REST"},{"floor":25,"key":"REST"},{"floor":32,"key":"REST"},{"floor":40,"key":"REST"},{"floor":42,"key":"REST"},{"floor":46,"key":"REST"},{"data":"Apotheosis","floor":49,"key":"SMITH"}],"neow_cost":"NONE","seed_source_timestamp":805176794014968,"circlet_count":0,"master_deck":["Defend_G+1","Defend_G","Strike_G","Strike_G","Survivor+1","Neutralize+1","Dagger Throw","Flying Knee+1","Caltrops","Escape Plan","Footwork","All Out Attack","Sucker Punch","PiercingWail","Noxious Fumes+1","Venomology","Unload+1","Flying Knee+1","Crippling Poison+1","Backflip+1","Catalyst","Poisoned Stab+1","Backstab","Catalyst+1","Corpse Explosion","Caltrops","Apotheosis+1","Distraction+1","Caltrops","Escape Plan","Bouncing Flask+1","Backflip+1","Caltrops"],"relics":["Ring of the Snake","NeowsBlessing","Mango","Ancient Tea Set","Mummified Hand","War Paint","Astrolabe","Paper Crane","Whetstone","Potion Belt","Snake Skull","Sozu","FossilizedHelix","Oddly Smooth Stone","Omamori","Bottled Tornado"],"potions_floor_usage":[8,13,16,18,21,24,28,29,33,33,33,35,44,50],"damage_taken":[{"damage":0,"enemies":"Cultist","floor":1,"turns":1},{"damage":0,"enemies":"2 Louse","floor":3,"turns":1},{"damage":0,"enemies":"Lagavulin","floor":6,"turns":1},{"damage":0,"enemies":"Small Slimes","floor":7,"turns":2},{"damage":26,"enemies":"Gremlin Nob","floor":8,"turns":4},{"damage":2,"enemies":"Red Slaver","floor":10,"turns":4},{"damage":7,"enemies":"Gremlin Gang","floor":13,"turns":2},{"damage":2,"enemies":"3 Louse","floor":14,"turns":3},{"damage":17,"enemies":"Slime Boss","floor":16,"turns":8},{"damage":36,"enemies":"2 Thieves","floor":18,"turns":4},{"damage":15,"enemies":"Shell Parasite","floor":19,"turns":6},{"damage":0,"enemies":"Cultist and Chosen","floor":21,"turns":5},{"damage":23,"enemies":"Slavers","floor":24,"turns":5},{"damage":11,"enemies":"Gremlin Leader","floor":27,"turns":5},{"damage":17,"enemies":"Sentry and Sphere","floor":28,"turns":5},{"damage":12,"enemies":"Snake Plant","floor":29,"turns":4},{"damage":10,"enemies":"3 Cultists","floor":30,"turns":4},{"damage":0,"enemies":"Centurion and Healer","floor":31,"turns":5},{"damage":12,"enemies":"Collector","floor":33,"turns":4},{"damage":29,"enemies":"3 Darklings","floor":35,"turns":3},{"damage":8,"enemies":"Orb Walker","floor":38,"turns":3},{"damage":34,"enemies":"2 Orb Walkers","floor":39,"turns":3},{"damage":8,"enemies":"Nemesis","floor":44,"turns":3},{"damage":11,"enemies":"Jaw Worm Horde","floor":45,"turns":2},{"damage":0,"enemies":"Spire Growth","floor":47,"turns":2},{"damage":60,"enemies":"Awakened One","floor":50,"turns":12}],"seed_played":"-5147130469926656838","potions_obtained":[{"floor":3,"key":"Fire Potion"},{"floor":8,"key":"Swift Potion"},{"floor":10,"key":"PowerPotion"},{"floor":16,"key":"Dexterity Potion"},{"floor":19,"key":"Swift Potion"},{"floor":20,"key":"SpeedPotion"},{"floor":24,"key":"Poison Potion"},{"floor":30,"key":"Fire Potion"},{"floor":31,"key":"Block Potion"},{"floor":33,"key":"PowerPotion"}],"is_trial":false,"path_per_floor":["M","$","M","?","$","E","M","E","T","M","R","?","M","M","R","B",null,"M","M","?","M","$","R","E","R","T","E","M","M","M","M","R","B",null,"M","$","?","M","?","R","T","R","T","E","M","R","M","$","R","B",null],"character_chosen":"THE_SILENT","items_purchased":["Caltrops","Escape Plan","Paper Crane","Caltrops","Apotheosis","Caltrops"],"campfire_rested":7,"item_purchase_floors":[5,5,22,36,36,48],"current_hp_per_floor":[70,70,70,59,59,73,73,47,47,45,70,70,63,61,61,44,84,48,33,33,33,33,58,35,60,60,49,32,32,22,22,47,35,84,55,55,55,47,13,38,38,63,63,55,44,69,69,69,69,9],"gold":138,"neow_bonus":"THREE_ENEMY_KILL","is_prod":false,"is_daily":false,"chose_seed":false,"campfire_upgraded":2,"win_rate":0,"timestamp":1558983127,"path_taken":["M","$","?","?","$","E","M","E","T","M","R","?","?","?","R","BOSS","M","M","?","M","$","R","E","R","T","E","?","M","M","?","R","BOSS","M","$","?","M","?","R","?","R","T","E","M","R","M","$","R","BOSS"],"build_version":"2019-01-23","purchased_purges":2,"victory":true,"max_hp_per_floor":[70,70,70,70,70,84,84,84,84,84,84,84,84,84,84,84,84,84,84,84,84,84,84,84,84,84,84,84,84,84,84,84,84,84,84,84,84,84,84,84,84,84,84,84,84,84,84,84,84,84],"card_choices":[{"not_picked":["Acrobatics","Accuracy"],"picked":"Dagger Throw","floor":1},{"not_picked":["Distraction","Choke"],"picked":"Flying Knee","floor":3},{"not_picked":["Calculated Gamble","Dagger Spray"],"picked":"Footwork","floor":6},{"not_picked":["Cloak And Dagger","Dodge and Roll"],"picked":"All Out Attack","floor":7},{"not_picked":["Masterful Stab","Infinite Blades"],"picked":"Sucker Punch","floor":8},{"not_picked":["Burst","Outmaneuver","Bane"],"picked":"SKIP","floor":10},{"not_picked":["Backflip","Dagger Spray"],"picked":"PiercingWail","floor":13},{"not_picked":["Dagger Throw","Blade Dance"],"picked":"Noxious Fumes","floor":14},{"not_picked":["Bullet Time","Storm of Steel"],"picked":"Venomology","floor":16},{"not_picked":["Flying Knee","Setup","Slice"],"picked":"SKIP","floor":18},{"not_picked":["Cloak And Dagger+1","Blade Dance"],"picked":"Backflip+1","floor":19},{"not_picked":["Malaise","All Out Attack+1","Bane"],"picked":"SKIP","floor":21},{"not_picked":["Flying Knee+1","Dagger Spray"],"picked":"Catalyst","floor":24},{"not_picked":["Doppelganger","PiercingWail","Terror"],"picked":"SKIP","floor":27},{"not_picked":["Prepared","Concentrate"],"picked":"Poisoned Stab+1","floor":28},{"not_picked":["Reflex","Dodge and Roll"],"picked":"Backstab","floor":29},{"not_picked":["Blade Dance","Skewer"],"picked":"Catalyst+1","floor":30},{"not_picked":["Choke","Deadly Poison","Acrobatics"],"picked":"SKIP","floor":31},{"not_picked":["Night Terror","Wraith Form v2"],"picked":"Corpse Explosion","floor":33},{"not_picked":["Outmaneuver","Flying Knee","Dagger Throw"],"picked":"SKIP","floor":35},{"not_picked":["Dodge and Roll+1","PiercingWail"],"picked":"Distraction+1","floor":38},{"not_picked":["Bane+1","Skewer+1"],"picked":"Caltrops","floor":39},{"not_picked":["Acrobatics","Deadly Poison"],"picked":"Escape Plan","floor":44},{"not_picked":["Sucker Punch","Bullet Time"],"picked":"Bouncing Flask+1","floor":45},{"not_picked":["Distraction+1","Terror"],"picked":"Backflip+1","floor":47}],"player_experience":795370,"relics_obtained":[{"floor":6,"key":"Mango"},{"floor":8,"key":"Ancient Tea Set"},{"floor":9,"key":"Mummified Hand"},{"floor":12,"key":"War Paint"},{"floor":24,"key":"Whetstone"},{"floor":26,"key":"Potion Belt"},{"floor":27,"key":"Snake Skull"},{"floor":39,"key":"FossilizedHelix"},{"floor":41,"key":"Oddly Smooth Stone"},{"floor":43,"key":"Omamori"},{"floor":44,"key":"Bottled Tornado"}],"event_choices":[{"damage_healed":0,"gold_gain":75,"player_choice":"Gather Gold","damage_taken":11,"max_hp_gain":0,"max_hp_loss":0,"event_name":"World of Goop","floor":4,"gold_loss":0},{"damage_healed":0,"gold_gain":0,"player_choice":"Relic","damage_taken":0,"max_hp_gain":0,"max_hp_loss":0,"event_name":"Wheel of Change","floor":12,"gold_loss":0},{"damage_healed":0,"gold_gain":0,"player_choice":"Bought 1 Potion","damage_taken":0,"max_hp_gain":0,"max_hp_loss":0,"event_name":"The Woman in Blue","floor":20,"gold_loss":0},{"cards_removed":["Defend_G"],"damage_healed":0,"gold_gain":0,"player_choice":"Removed Skill","damage_taken":0,"max_hp_gain":0,"max_hp_loss":0,"event_name":"Falling","floor":37,"gold_loss":0},{"damage_healed":0,"gold_gain":0,"player_choice":"Fight","damage_taken":0,"max_hp_gain":0,"max_hp_loss":0,"event_name":"Mysterious Sphere","floor":39,"gold_loss":0}],"is_beta":false,"boss_relics":[{"not_picked":["Pandora\u0027s Box","Snecko Eye"],"picked":"Astrolabe"},{"not_picked":["Ring of the Serpent","Orrery"],"picked":"Sozu"}],"items_purged_floors":[2,48],"is_endless":false,"potions_floor_spawned":[3,8,10,16,19,24,30,31,33,38,44],"ascension_level":4}