{"gold_per_floor":[112,127,201,201,214,239,251,251,251,251,286,286,286,321,321,321],"floor_reached":16,"playtime":795,"items_purged":[],"score":224,"play_id":"dcfe9bae-d4d0-41f3-a0ab-18c723554a69","local_time":"20190619183052","is_ascension_mode":true,"campfire_choices":[{"floor":8,"key":"REST"},{"floor":10,"key":"REST"},{"floor":15,"key":"REST"}],"neow_cost":"NONE","seed_source_timestamp":185354286776399,"circlet_count":0,"master_deck":["AscendersBane","Strike_R","Strike_R","Strike_R","Strike_R","Strike_R","Defend_R","Defend_R","Defend_R+1","Defend_R+1","Bash","Combust","Clothesline","Havoc+1","Shrug It Off","Battle Trance"],"relics":["Burning Blood","Bronze Scales","Singing Bowl","Torii","Champion Belt","Dream Catcher"],"potions_floor_usage":[6,14,14],"damage_taken":[{"damage":9,"enemies":"Jaw Worm","floor":1,"turns":4},{"damage":9,"enemies":"2 Louse","floor":2,"turns":2},{"damage":4,"enemies":"Small Slimes","floor":5,"turns":4},{"damage":33,"enemies":"Lagavulin","floor":6,"turns":7},{"damage":23,"enemies":"Gremlin Gang","floor":7,"turns":5},{"damage":20,"enemies":"3 Sentries","floor":11,"turns":7},{"damage":28,"enemies":"Gremlin Nob","floor":14,"turns":4},{"damage":38,"enemies":"Slime Boss","floor":16,"turns":8}],"seed_played":"83616663379961932","potions_obtained":[{"floor":1,"key":"SteroidPotion"},{"floor":7,"key":"Weak Potion"},{"floor":11,"key":"Fire Potion"}],"is_trial":false,"path_per_floor":["M","M","?","?","M","E","M","R","T","R","E","?","?","E","R","B"],"character_chosen":"IRONCLAD","items_purchased":[],"campfire_rested":3,"item_purchase_floors":[],"current_hp_per_floor":[65,62,62,62,64,37,20,42,42,64,52,52,29,9,32,0],"gold":321,"neow_bonus":"RANDOM_COMMON_RELIC","is_prod":false,"is_daily":false,"chose_seed":false,"campfire_upgraded":0,"win_rate":0,"timestamp":1560979852,"path_taken":["M","M","?","?","M","E","M","R","T","R","E","?","?","E","R","BOSS"],"build_version":"2019-01-23","purchased_purges":0,"victory":false,"max_hp_per_floor":[75,75,75,75,75,75,75,75,75,75,77,77,77,79,79,79],"card_choices":[{"not_picked":["Fire Breathing","Headbutt"],"picked":"Combust","floor":1},{"not_picked":["Warcry","Twin Strike"],"picked":"Clothesline","floor":2},{"not_picked":["Warcry","Cleave","Heavy Blade"],"picked":"SKIP","floor":5},{"not_picked":["Warcry","Cleave","Heavy Blade"],"picked":"SKIP","floor":5},{"not_picked":["Sentinel","Barricade"],"picked":"Havoc","floor":6},{"not_picked":["Sever Soul","Pommel Strike"],"picked":"Shrug It Off","floor":7},{"not_picked":["Headbutt","Warcry","True Grit"],"picked":"Singing Bowl","floor":11},{"not_picked":["Seeing Red","Thunderclap","Wild Strike"],"picked":"Singing Bowl","floor":14},{"not_picked":["Wild Strike","Warcry"],"picked":"Battle Trance","floor":15}],"player_experience":1105910,"relics_obtained":[{"floor":6,"key":"Singing Bowl"},{"floor":9,"key":"Torii"},{"floor":11,"key":"Champion Belt"},{"floor":14,"key":"Dream Catcher"}],"event_choices":[{"damage_healed":0,"gold_gain":74,"player_choice":"Gained Gold","damage_taken":0,"max_hp_gain":0,"max_hp_loss":0,"event_name":"Golden Wing","floor":3,"gold_loss":0},{"damage_healed":0,"gold_gain":0,"player_choice":"Ignored","damage_taken":0,"max_hp_gain":0,"max_hp_loss":0,"event_name":"Liars Game","floor":4,"gold_loss":0},{"damage_healed":0,"gold_gain":0,"player_choice":"Grow","damage_taken":0,"max_hp_gain":0,"max_hp_loss":0,"event_name":"Living Wall","floor":12,"gold_loss":0,"cards_upgraded":["Havoc"]},{"damage_healed":0,"gold_gain":0,"player_choice":"Entered Light","damage_taken":23,"max_hp_gain":0,"max_hp_loss":0,"event_name":"Shining Light","floor":13,"gold_loss":0,"cards_upgraded":["Defend_R","Defend_R"]}],"is_beta":false,"boss_relics":[],"items_purged_floors":[],"is_endless":false,"potions_floor_spawned":[1,7,11],"killed_by":"Slime Boss","ascension_level":18}