{"path_per_floor":["M","M","?","?","M","R","E","M","T","E","T","R","E","M","R","B",null,"M","M","M","$","M","R","E","M","T","?","R","?","?","M","R","B",null,"M","?","M","?","T","R","M","R","T","E"],"character_chosen":"THE_SILENT","items_purchased":["Kunai","Blade Dance","Infinite Blades"],"gold_per_floor":[116,135,85,85,98,98,130,142,142,170,193,193,254,265,265,360,360,378,389,409,29,43,43,378,391,464,464,464,464,464,475,475,574,574,589,589,604,604,654,654,674,674,747,782],"floor_reached":45,"campfire_rested":5,"playtime":6698,"current_hp_per_floor":[70,70,70,70,70,70,62,62,62,43,43,64,59,59,59,53,70,64,55,42,42,42,63,45,29,29,52,52,39,39,35,57,31,75,62,53,11,11,11,33,12,34,34,11],"items_purged":[],"gold":782,"score":480,"play_id":"4668c580-74d7-41ac-8d3b-c91b74e23cb7","is_prod":false,"is_daily":false,"is_ascension_mode":true,"campfire_upgraded":3,"path_taken":["M","M","?","?","M","R","E","M","T","E","?","R","E","M","R","BOSS","M","M","M","?","M","R","E","M","T","?","R","?","?","M","R","BOSS","M","?","M","?","?","R","M","R","T","E","M"],"build_version":"2018-02-15-PROD1","purchased_purges":0,"victory":false,"master_deck":["Defend_G","Defend_G","Defend_G","Defend_G","Defend_G","Strike_G","Strike_G","Strike_G+1","Strike_G","Survivor","Neutralize+1","Footwork+1","Dagger Throw","Acrobatics","Backflip","Flying Knee","Calculated Gamble+1","Terror+1","Die Die Die","Backstab","Flechettes","Blade Dance","Infinite Blades","Infinite Blades","Accuracy+1","Distraction+1","Accuracy+1","Deflect","Madness","Madness","Caltrops","Endless Agony+1","Outmaneuver"],"max_hp_per_floor":[70,70,70,70,70,70,70,70,70,70,70,70,70,70,70,70,70,70,70,70,70,70,70,70,70,70,70,70,75,75,75,75,75,75,75,75,75,75,75,75,75,75,75,75],"relics":["Ring of the Snake","Whetstone","Orichalcum","Bottled Lightning","Lantern","Tiny Chest","Runic Pyramid","Kunai","Old Coin","Ninja Scroll","Sozu","Bag of Marbles","Matryoshka","Juzu Bracelet"],"card_choices":[{"not_picked":["Masterful Stab","Quick Slash"],"picked":"Footwork"},{"not_picked":["Endless Agony","Outmaneuver"],"picked":"Predator"},{"not_picked":["Sucker Punch","Dagger Spray"],"picked":"Dagger Throw"},{"not_picked":["Dagger Spray","Tools of the Trade"],"picked":"Acrobatics"},{"not_picked":["Prepared","PiercingWail"],"picked":"Backflip"},{"not_picked":["Blur","PiercingWail"],"picked":"Flying Knee"},{"not_picked":["Deflect","All Out Attack"],"picked":"Calculated Gamble"},{"not_picked":["Deflect","Leg Sweep"],"picked":"Terror"},{"not_picked":["Phantasmal Killer","Corpse Explosion"],"picked":"Die Die Die"},{"not_picked":["Deflect","Dodge and Roll"],"picked":"Backstab"},{"not_picked":["Poisoned Stab","Bane"],"picked":"Flechettes"},{"not_picked":["All Out Attack","Finisher"],"picked":"Infinite Blades"},{"not_picked":["Bouncing Flask","Deflect"],"picked":"Accuracy"},{"not_picked":["Backflip","Dodge and Roll"],"picked":"Distraction"},{"not_picked":["Sucker Punch","Skewer"],"picked":"Accuracy"},{"not_picked":["Dagger Throw","Well Laid Plans"],"picked":"Deflect"},{"not_picked":["Heel Hook","Infinite Blades"],"picked":"Caltrops"},{"not_picked":["Deadly Poison","Backstab"],"picked":"Endless Agony"},{"not_picked":["Burst","Bouncing Flask"],"picked":"Outmaneuver"}],"player_experience":107608,"potions_floor_usage":[7,8,13,18,18,19,22],"damage_taken":[{"damage":0,"enemies":"2 Louse","floor":1,"turns":2},{"damage":0,"enemies":"Small Slimes","floor":2,"turns":6},{"damage":0,"enemies":"Jaw Worm","floor":5,"turns":4},{"damage":8,"enemies":"3 Sentries","floor":7,"turns":10},{"damage":0,"enemies":"3 Louse","floor":8,"turns":4},{"damage":19,"enemies":"Gremlin Nob","floor":10,"turns":7},{"damage":5,"enemies":"Lagavulin","floor":13,"turns":7},{"damage":0,"enemies":"Red Slaver","floor":14,"turns":3},{"damage":6,"enemies":"Hexaghost","floor":16,"turns":13},{"damage":6,"enemies":"Spheric Guardian","floor":18,"turns":4},{"damage":9,"enemies":"3 Byrds","floor":19,"turns":8},{"damage":13,"enemies":"Sentry and Sphere","floor":20,"turns":14},{"damage":0,"enemies":"3 Cultists","floor":22,"turns":6},{"damage":18,"enemies":"Gremlin Leader","floor":24,"turns":10},{"damage":16,"enemies":"Centurion and Healer","floor":25,"turns":6},{"damage":4,"enemies":"Sentry and Sphere","floor":31,"turns":7},{"damage":26,"enemies":"Collector","floor":33,"turns":11},{"damage":13,"enemies":"3 Darklings","floor":35,"turns":5},{"damage":42,"enemies":"3 Shapes","floor":37,"turns":7},{"damage":21,"enemies":"3 Darklings","floor":41,"turns":6},{"damage":23,"enemies":"Giant Head","floor":44,"turns":8},{"damage":17,"enemies":"Maw","floor":45,"turns":5}],"event_choices":[{"event_name":"The Cleric","player_choice":"Card Removal","floor":3,"damage_taken":0},{"event_name":"Liars Game","player_choice":"disagreed","floor":4,"damage_taken":0},{"event_name":"The Library","player_choice":"Heal","floor":27,"damage_taken":0},{"event_name":"Forgotten Altar","player_choice":"Shed Blood","floor":29,"damage_taken":0},{"event_name":"Accursed Blacksmith","player_choice":"Forge","floor":30,"damage_taken":0},{"event_name":"Winding Halls","player_choice":"Embrace Madness","floor":36,"damage_taken":0},{"event_name":"Upgrade Shrine","player_choice":"Upgraded","floor":38,"damage_taken":0}],"boss_relics":[{"not_picked":["Astrolabe","Ectoplasm"],"picked":"Runic Pyramid"},{"not_picked":["Question Card","Snecko Eye"],"picked":"Sozu"}],"potions_floor_spawned":[1,2,10,13,14,18,20,33,37],"seed_played":"-7224289221922526377","killed_by":"Maw","ascension_level":1,"is_trial":false}