{"gold_per_floor":[114,114,114,114,128,157,157,176,176,205,217,242,282,307,319,433,445,472,484,8,18,18,44,58,87,87,87,12,12,44,59,59,155,155,167,31,131,131,231,231,245,279,304,304,321,339,369,30,30,30,30,30,30,64,64],"floor_reached":56,"playtime":4671,"items_purged":["Strike_G","Defend_G"],"score":2072,"play_id":"a51dac41-2dc2-4985-99d9-6ba19aeb84b5","local_time":"20190612115728","is_ascension_mode":true,"campfire_choices":[{"data":"Survivor","floor":7,"key":"SMITH"},{"data":"Distraction","floor":15,"key":"SMITH"},{"data":"1","floor":32,"key":"LIFT"},{"floor":40,"key":"RECALL"},{"data":"2","floor":44,"key":"LIFT"},{"data":"3","floor":49,"key":"LIFT"},{"data":"Panache","floor":52,"key":"SMITH"}],"neow_cost":"NONE","seed_source_timestamp":2171328925701444,"circlet_count":0,"master_deck":["AscendersBane","Defend_G","Defend_G","Defend_G","Strike_G","Strike_G+1","Survivor+1","Neutralize+1","Poisoned Stab","PiercingWail","Catalyst+1","Poisoned Stab","Poisoned Stab","Distraction+1","Backstab","Adrenaline","Distraction+1","Noxious Fumes","Discovery","Adrenaline","Endless Agony+1","Adrenaline","Accuracy","PiercingWail","Wraith Form v2","Cloak And Dagger+1","Infinite Blades","Blade Dance+1","Noxious Fumes+1","Panache+1","Blur+1"],"relics":["Ring of the Serpent","Omamori","Thread and Needle","Bottled Lightning","Dead Branch","MawBank","Juzu Bracelet","Nilry\u0027s Codex","Strawberry","Girya","Blood Vial","Torii","Bottled Tornado","Oddly Smooth Stone","Empty Cage","The Specimen","Tingsha","Ginger","Ancient Tea Set","Vajra"],"potions_floor_usage":[6,6,10,12,13,21,23,23,25,33,42,46,55,55],"damage_taken":[{"damage":0,"enemies":"Jaw Worm","floor":1,"turns":6},{"damage":0,"enemies":"2 Louse","floor":5,"turns":3},{"damage":0,"enemies":"3 Sentries","floor":6,"turns":14},{"damage":0,"enemies":"Small Slimes","floor":8,"turns":4},{"damage":2,"enemies":"Lagavulin","floor":10,"turns":5},{"damage":4,"enemies":"Exordium Thugs","floor":12,"turns":4},{"damage":2,"enemies":"Gremlin Nob","floor":13,"turns":3},{"damage":0,"enemies":"Exordium Wildlife","floor":14,"turns":4},{"damage":0,"enemies":"The Guardian","floor":16,"turns":9},{"damage":0,"enemies":"2 Thieves","floor":18,"turns":4},{"damage":0,"enemies":"Shell Parasite","floor":21,"turns":6},{"damage":0,"enemies":"Gremlin Leader","floor":23,"turns":6},{"damage":0,"enemies":"Cultist and Chosen","floor":24,"turns":5},{"damage":25,"enemies":"Slavers","floor":25,"turns":7},{"damage":0,"enemies":"Book of Stabbing","floor":30,"turns":3},{"damage":0,"enemies":"Snecko","floor":31,"turns":5},{"damage":22,"enemies":"Collector","floor":33,"turns":9},{"damage":20,"enemies":"3 Shapes","floor":35,"turns":3},{"damage":0,"enemies":"Mind Bloom Boss Battle","floor":37,"turns":5},{"damage":0,"enemies":"3 Darklings","floor":41,"turns":4},{"damage":0,"enemies":"Reptomancer","floor":42,"turns":6},{"damage":0,"enemies":"4 Shapes","floor":45,"turns":4},{"damage":12,"enemies":"Spire Growth","floor":46,"turns":4},{"damage":0,"enemies":"Nemesis","floor":47,"turns":5},{"damage":1,"enemies":"Donu and Deca","floor":50,"turns":5},{"damage":25,"enemies":"Shield and Spear","floor":54,"turns":5},{"damage":39,"enemies":"The Heart","floor":55,"turns":9}],"seed_played":"1691659684065772652","potions_obtained":[{"floor":1,"key":"SteroidPotion"},{"floor":4,"key":"Block Potion"},{"floor":4,"key":"PowerPotion"},{"floor":4,"key":"Dexterity Potion"},{"floor":6,"key":"Fire Potion"},{"floor":10,"key":"Swift Potion"},{"floor":16,"key":"SpeedPotion"},{"floor":18,"key":"AttackPotion"},{"floor":24,"key":"FearPotion"},{"floor":31,"key":"Strength Potion"},{"floor":33,"key":"SteroidPotion"},{"floor":41,"key":"Fire Potion"},{"floor":42,"key":"Strength Potion"},{"floor":45,"key":"Block Potion"}],"is_trial":false,"path_per_floor":["M","?","?","?","M","E","R","M","T","E","?","M","E","M","R","B",null,"M","?","$","M","?","E","M","E","T","?","$","?","E","M","R","B",null,"M","$","?","?","?","R","M","E","T","R","M","M","E","$","R","B",null,"R","$","E","B",null],"character_chosen":"THE_SILENT","items_purchased":["Strawberry","Girya","Block Potion","Accuracy","Panache","Ancient Tea Set"],"campfire_rested":0,"item_purchase_floors":[20,20,20,36,48,48],"current_hp_per_floor":[63,49,42,42,42,42,42,42,42,40,40,36,34,34,34,34,61,61,45,52,52,52,52,54,31,31,31,31,31,33,35,35,15,62,44,44,46,46,46,46,48,50,50,50,52,42,44,44,44,45,69,69,69,46,9],"gold":64,"neow_bonus":"RANDOM_COMMON_RELIC","is_prod":false,"is_daily":false,"chose_seed":false,"campfire_upgraded":3,"win_rate":0,"timestamp":1560351448,"path_taken":["M","?","?","?","?","E","R","M","T","E","?","?","E","M","R","BOSS","M","?","$","M","?","E","M","E","T","?","?","?","E","M","R","BOSS","M","$","?","?","?","R","M","E","T","R","M","M","E","?","R","BOSS","R","$","E","BOSS"],"build_version":"2019-01-23","purchased_purges":2,"victory":true,"max_hp_per_floor":[70,70,70,70,70,70,70,70,70,70,70,70,70,70,70,70,70,70,70,77,77,77,77,77,77,77,77,77,77,77,77,77,77,77,77,77,77,77,77,77,77,77,77,77,77,77,77,77,77,77,77,77,77,77,77],"card_choices":[{"not_picked":["Sucker Punch","Bane"],"picked":"Poisoned Stab","floor":1},{"not_picked":["Calculated Gamble","Bane"],"picked":"PiercingWail","floor":5},{"not_picked":["Dagger Spray","Endless Agony"],"picked":"Catalyst","floor":6},{"not_picked":["Prepared","Dagger Throw"],"picked":"Poisoned Stab","floor":8},{"not_picked":["Night Terror","Flying Knee","Eviscerate"],"picked":"SKIP","floor":10},{"not_picked":["Acrobatics","Deadly Poison"],"picked":"Poisoned Stab","floor":12},{"not_picked":["Skewer","Dagger Throw"],"picked":"Distraction","floor":13},{"not_picked":["Backflip","Finisher"],"picked":"Backstab","floor":14},{"not_picked":["Unload","Night Terror"],"picked":"Adrenaline","floor":16},{"not_picked":["Catalyst","Heel Hook+1"],"picked":"Distraction+1","floor":18},{"not_picked":["Reflex+1","Slice","PiercingWail"],"picked":"SKIP","floor":21},{"not_picked":["Bane","Riddle With Holes","Prepared"],"picked":"SKIP","floor":23},{"not_picked":["Quick Slash+1","Deadly Poison","Expertise"],"picked":"SKIP","floor":24},{"not_picked":["Quick Slash","Backflip"],"picked":"Noxious Fumes","floor":25},{"not_picked":["Choke","Riddle With Holes"],"picked":"Adrenaline","floor":30},{"not_picked":["Predator","Flechettes"],"picked":"Endless Agony+1","floor":31},{"not_picked":["Doppelganger","Night Terror"],"picked":"Adrenaline","floor":33},{"not_picked":["Dagger Throw+1","Outmaneuver+1","Underhanded Strike+1"],"picked":"SKIP","floor":35},{"not_picked":["Dagger Throw+1","Outmaneuver+1","Underhanded Strike+1"],"picked":"SKIP","floor":35},{"not_picked":["Skewer+1","Tactician"],"picked":"PiercingWail","floor":37},{"not_picked":["PiercingWail+1","Flying Knee+1"],"picked":"Cloak And Dagger+1","floor":41},{"not_picked":["Acrobatics","Masterful Stab"],"picked":"Infinite Blades","floor":42},{"not_picked":["Dagger Spray","Backflip","Deadly Poison"],"picked":"SKIP","floor":45},{"not_picked":["Leg Sweep+1","Malaise"],"picked":"Blade Dance+1","floor":46},{"not_picked":["Blade Dance","Deflect"],"picked":"Noxious Fumes+1","floor":47},{"not_picked":["Deadly Poison","Predator+1"],"picked":"Blur+1","floor":54}],"player_experience":999638,"relics_obtained":[{"floor":6,"key":"Bottled Lightning"},{"floor":9,"key":"Dead Branch"},{"floor":10,"key":"MawBank"},{"floor":13,"key":"Juzu Bracelet"},{"floor":19,"key":"Nilry\u0027s Codex"},{"floor":23,"key":"Blood Vial"},{"floor":25,"key":"Torii"},{"floor":26,"key":"Bottled Tornado"},{"floor":30,"key":"Oddly Smooth Stone"},{"floor":37,"key":"The Specimen"},{"floor":42,"key":"Tingsha"},{"floor":47,"key":"Ginger"},{"floor":54,"key":"Vajra"}],"event_choices":[{"damage_healed":0,"gold_gain":0,"player_choice":"Entered Light","damage_taken":14,"max_hp_gain":0,"max_hp_loss":0,"event_name":"Shining Light","floor":2,"gold_loss":0,"cards_upgraded":["Neutralize","Strike_G"]},{"damage_healed":0,"gold_gain":0,"player_choice":"Success","damage_taken":7,"relics_obtained":["Thread and Needle"],"max_hp_gain":0,"max_hp_loss":0,"event_name":"Scrap Ooze","floor":3,"gold_loss":0},{"damage_healed":0,"gold_gain":0,"player_choice":"Got Potions","damage_taken":0,"max_hp_gain":0,"max_hp_loss":0,"event_name":"Lab","floor":4,"gold_loss":0},{"damage_healed":0,"gold_gain":0,"player_choice":"Upgraded","damage_taken":0,"max_hp_gain":0,"max_hp_loss":0,"event_name":"Upgrade Shrine","floor":11,"gold_loss":0,"cards_upgraded":["Catalyst"]},{"damage_healed":0,"gold_gain":0,"player_choice":"Obtained Book","damage_taken":16,"max_hp_gain":0,"max_hp_loss":0,"event_name":"Cursed Tome","floor":19,"gold_loss":0},{"damage_healed":0,"gold_gain":0,"player_choice":"1 cards matched","damage_taken":0,"max_hp_gain":0,"max_hp_loss":0,"event_name":"Match and Keep!","floor":27,"gold_loss":0,"cards_obtained":["Discovery"]},{"damage_healed":0,"gold_gain":0,"player_choice":"Ignored","damage_taken":0,"max_hp_gain":0,"max_hp_loss":0,"event_name":"Beggar","floor":29,"gold_loss":0},{"damage_healed":0,"gold_gain":0,"player_choice":"Fight","damage_taken":0,"max_hp_gain":0,"max_hp_loss":0,"event_name":"MindBloom","floor":37,"gold_loss":0},{"damage_healed":0,"gold_gain":0,"cards_transformed":["Strike_G"],"player_choice":"Transformed","damage_taken":0,"max_hp_gain":0,"max_hp_loss":0,"event_name":"Transmorgrifier","floor":38,"gold_loss":0,"cards_obtained":["Wraith Form v2"]},{"damage_healed":0,"gold_gain":100,"player_choice":"Pray","damage_taken":0,"max_hp_gain":0,"max_hp_loss":0,"event_name":"Golden Shrine","floor":39,"gold_loss":0}],"is_beta":false,"boss_relics":[{"not_picked":["Black Star","White Beast Statue"],"picked":"Ring of the Serpent"},{"not_picked":["Fusion Hammer","Lizard Tail"],"picked":"Empty Cage"}],"items_purged_floors":[28,36],"is_endless":false,"potions_floor_spawned":[1,6,10,16,18,24,31,33,41,42,45],"ascension_level":10}