{"gold_per_floor":[114,132,35,52,71,71,88,120,143,157,173,193,193,213,213,317,317,329,329,108,108,118,146,46,59,59,59,70,70,82,95,95,95],"floor_reached":33,"playtime":4960,"items_purged":["Strike_G","Decay"],"score":275,"play_id":"f9703153-4c3f-4eef-b1c7-db0277c7dfe6","local_time":"20180828121136","is_ascension_mode":false,"campfire_choices":[{"floor":6.0,"key":"REST"},{"data":"Backflip","floor":13,"key":"SMITH"},{"floor":15,"key":"REST"},{"floor":27,"key":"REST"},{"floor":29,"key":"REST"},{"floor":32,"key":"REST"}],"neow_cost":"NONE","seed_source_timestamp":0,"circlet_count":0,"master_deck":["Defend_G","Defend_G","Defend_G","Defend_G","Defend_G","Strike_G","Strike_G","Strike_G","Strike_G","Survivor","Neutralize","Deflect+1","Backflip+1","Deadly Poison","Poisoned Stab","Outmaneuver","Choke","Bane","Acrobatics+1","Infinite Blades","Blade Dance","Well Laid Plans","Footwork","Burst","RitualDagger","Dodge and Roll","Footwork","Infinite Blades","Bouncing Flask"],"special_seed":0,"relics":["Ring of the Snake","Bag of Preparation","Art of War","Black Star","War Paint","Potion Belt","Orichalcum","Boot"],"potions_floor_usage":[16,16,30,31,33,33],"damage_taken":[{"damage":0.0,"enemies":"Cultist","floor":1.0,"turns":5.0},{"damage":0.0,"enemies":"2 Louse","floor":2.0,"turns":5.0},{"damage":0.0,"enemies":"Jaw Worm","floor":4.0,"turns":4.0},{"damage":9.0,"enemies":"Red Slaver","floor":5.0,"turns":6.0},{"damage":15.0,"enemies":"Lots of Slimes","floor":7.0,"turns":6.0},{"damage":11.0,"enemies":"Lagavulin","floor":8.0,"turns":6.0},{"damage":4.0,"enemies":"2 Fungi Beasts","floor":10.0,"turns":3.0},{"damage":3.0,"enemies":"3 Louse","floor":11.0,"turns":3.0},{"damage":0,"enemies":"Large Slime","floor":12,"turns":5},{"damage":5,"enemies":"2 Fungi Beasts","floor":14,"turns":4},{"damage":29,"enemies":"Slime Boss","floor":16,"turns":10},{"damage":0,"enemies":"Shell Parasite","floor":18,"turns":7},{"damage":7,"enemies":"Chosen","floor":22,"turns":6},{"damage":45,"enemies":"Book of Stabbing","floor":23,"turns":11},{"damage":3,"enemies":"Snecko","floor":25,"turns":7},{"damage":30,"enemies":"Sentry and Sphere","floor":28,"turns":9},{"damage":7,"enemies":"Chosen and Byrds","floor":30,"turns":7},{"damage":7,"enemies":"Centurion and Healer","floor":31,"turns":7},{"damage":64,"enemies":"Automaton","floor":33,"turns":6}],"seed_played":"3606472659484070071","potions_obtained":[{"floor":7.0,"key":"Explosive Potion"},{"floor":8.0,"key":"Poison Potion"},{"floor":11.0,"key":"Swift Potion"},{"floor":12,"key":"Poison Potion"},{"floor":16,"key":"Ancient Potion"},{"floor":23,"key":"Dexterity Potion"},{"floor":28,"key":"Energy Potion"},{"floor":31,"key":"Swift Potion"}],"is_trial":false,"path_per_floor":["M","M","$","M","M","R","M","E","T","M","M","M","R","M","R","B",null,"M","?","$","?","M","E","$","M","T","R","M","R","M","M","R"],"character_chosen":"THE_SILENT","items_purchased":["Deadly Poison","Poisoned Stab","War Paint"],"campfire_rested":5,"item_purchase_floors":[3,3,20],"current_hp_per_floor":[77,77,77,77,68,77,62,51,51,47,44,44,44,39,62,33,77,77,71,71,71,64,19,19,16,16,39,9,32,25,18,41,0],"gold":95,"neow_bonus":"TEN_PERCENT_HP_BONUS","is_prod":false,"is_daily":false,"chose_seed":false,"campfire_upgraded":1,"win_rate":0,"timestamp":1535483496,"path_taken":["M","M","$","M","?","R","M","E","T","M","?","M","R","M","R","BOSS","M","?","$","?","M","E","$","M","T","R","M","R","M","M","R","BOSS"],"build_version":"2018-08-23v2","purchased_purges":2,"victory":false,"max_hp_per_floor":[77,77,77,77,77,77,77,77,77,77,77,77,77,77,77,77,77,77,77,77,77,77,77,77,77,77,77,77,77,77,77,77,77],"card_choices":[{"not_picked":["PiercingWail","Dagger Spray"],"picked":"Deflect","floor":1.0},{"not_picked":["Riddle With Holes","Crippling Poison"],"picked":"Backflip","floor":2.0},{"not_picked":["PiercingWail","Underhanded Strike"],"picked":"Outmaneuver","floor":4.0},{"not_picked":["Underhanded Strike","Sucker Punch"],"picked":"Choke","floor":5.0},{"not_picked":["Tactician","Expertise"],"picked":"Bane","floor":7.0},{"not_picked":["Night Terror","Underhanded Strike"],"picked":"Acrobatics","floor":8.0},{"not_picked":["Predator","Deadly Poison"],"picked":"Infinite Blades","floor":10.0},{"not_picked":["Outmaneuver","Masterful Stab"],"picked":"Blade Dance","floor":11.0},{"not_picked":["Flying Knee","Dash"],"picked":"Well Laid Plans","floor":12},{"not_picked":["Distraction","Bane"],"picked":"Footwork","floor":14},{"not_picked":["Envenom","Malaise"],"picked":"Burst","floor":16},{"not_picked":["Caltrops","Crippling Poison","Acrobatics+1"],"picked":"SKIP","floor":18},{"not_picked":["Tactician","Dagger Throw"],"picked":"Dodge and Roll","floor":22},{"not_picked":["Poisoned Stab","Tools of the Trade"],"picked":"Footwork","floor":23},{"not_picked":["Outmaneuver","Prepared"],"picked":"Infinite Blades","floor":25},{"not_picked":["Slice","Outmaneuver"],"picked":"Bouncing Flask","floor":28},{"not_picked":["Dagger Spray","Prepared","Quick Slash"],"picked":"SKIP","floor":30},{"not_picked":["Backstab","Underhanded Strike","Prepared"],"picked":"SKIP","floor":31}],"player_experience":353635,"relics_obtained":[{"floor":8.0,"key":"Bag of Preparation"},{"floor":9.0,"key":"Art of War"},{"floor":23,"key":"Potion Belt"},{"floor":23,"key":"Orichalcum"},{"floor":26,"key":"Boot"}],"event_choices":[{"event_name":"Nest","player_choice":"Joined the Cult","floor":19,"damage_taken":0},{"event_name":"Wheel of Change","player_choice":"Curse","floor":21,"damage_taken":0}],"is_beta":false,"boss_relics":[{"not_picked":["Tiny House","Snecko Eye"],"picked":"Black Star"}],"items_purged_floors":[20,24],"is_endless":false,"potions_floor_spawned":[7,8,11,12,16,23,28,31],"killed_by":"Automaton","ascension_level":0}