{"gold_per_floor":[117,67,142,142,162,162,196,213,213,213,213,213,231,15,15,116,116,135,146,146,146,159,159,23,34,58,74,74,94,111,127,127,225,225,236,256,76,131,131,131,0,29,54,54,54,64,76,107,107,107,107,107,34,65,65],"floor_reached":55,"playtime":3096,"items_purged":["Defend_G","Defend_G"],"score":777,"play_id":"aea750cd-1e6b-4597-b5fc-46616970567a","local_time":"20190617202818","is_ascension_mode":false,"campfire_choices":[{"data":"Blur","floor":6.0,"key":"SMITH"},{"data":"Neutralize","floor":10.0,"key":"SMITH"},{"data":"Dark Shackles","floor":11.0,"key":"SMITH"},{"data":"Survivor","floor":12.0,"key":"SMITH"},{"data":"Burst","floor":15.0,"key":"SMITH"},{"data":"A Thousand Cuts","floor":23.0,"key":"SMITH"},{"data":"Ghostly","floor":28.0,"key":"SMITH"},{"data":"Noxious Fumes","floor":32.0,"key":"SMITH"},{"data":"Catalyst","floor":40.0,"key":"SMITH"},{"floor":44.0,"key":"RECALL"},{"data":"Footwork","floor":49.0,"key":"SMITH"},{"data":"Ghostly","floor":52.0,"key":"SMITH"}],"neow_cost":"NONE","seed_source_timestamp":0,"circlet_count":0,"master_deck":["Defend_G","Defend_G","Defend_G","Strike_G","Strike_G","Strike_G","Strike_G","Survivor+1","Blur+1","Dark Shackles+1","Backstab","Cloak And Dagger","Burst+1","A Thousand Cuts+1","Blur+1","Ghostly+1","Ghostly","Ghostly","Ghostly","Ghostly+1","Noxious Fumes+1","After Image","Deadly Poison","Poisoned Stab+1","Deadly Poison+1","Catalyst+1","Cloak And Dagger+1","Footwork+1"],"special_seed":0,"relics":["Ring of the Snake","NeowsBlessing","WingedGreaves","Busted Crown","Darkstone Periapt","Strawberry","Orrery","PreservedInsect","Tough Bandages","Red Mask","Singing Bowl","Omamori","Mango","Oddly Smooth Stone"],"potions_floor_usage":[55,55,55],"damage_taken":[{"damage":0.0,"enemies":"2 Louse","floor":1.0,"turns":1.0},{"damage":0.0,"enemies":"Jaw Worm","floor":5.0,"turns":1.0},{"damage":0.0,"enemies":"3 Sentries","floor":7.0,"turns":1.0},{"damage":0.0,"enemies":"Cultist","floor":8.0,"turns":5.0},{"damage":5.0,"enemies":"Exordium Thugs","floor":13.0,"turns":9.0},{"damage":20.0,"enemies":"Hexaghost","floor":16.0,"turns":14.0},{"damage":14.0,"enemies":"Spheric Guardian","floor":18.0,"turns":6.0},{"damage":16.0,"enemies":"Chosen","floor":19.0,"turns":8.0},{"damage":0.0,"enemies":"Centurion and Healer","floor":22.0,"turns":22.0},{"damage":1.0,"enemies":"Snecko","floor":25.0,"turns":7.0},{"damage":0.0,"enemies":"3 Cultists","floor":27.0,"turns":7.0},{"damage":0.0,"enemies":"Sentry and Sphere","floor":29.0,"turns":8.0},{"damage":4.0,"enemies":"Cultist and Chosen","floor":30.0,"turns":11.0},{"damage":2.0,"enemies":"Centurion and Healer","floor":31.0,"turns":8.0},{"damage":19.0,"enemies":"Automaton","floor":33.0,"turns":13.0},{"damage":1.0,"enemies":"3 Darklings","floor":35.0,"turns":6.0},{"damage":0.0,"enemies":"Orb Walker","floor":36.0,"turns":5.0},{"damage":2.0,"enemies":"2 Orb Walkers","floor":38.0,"turns":7.0},{"damage":1.0,"enemies":"Reptomancer","floor":42.0,"turns":7.0},{"damage":0.0,"enemies":"Spire Growth","floor":46.0,"turns":7.0},{"damage":0.0,"enemies":"Writhing Mass","floor":47.0,"turns":4.0},{"damage":0.0,"enemies":"Giant Head","floor":48.0,"turns":9.0},{"damage":25.0,"enemies":"Donu and Deca","floor":50.0,"turns":11.0},{"damage":3.0,"enemies":"Shield and Spear","floor":54.0,"turns":8.0},{"damage":109,"enemies":"The Heart","floor":55,"turns":11}],"seed_played":"-6847646897632453300","potions_obtained":[{"floor":7.0,"key":"PowerPotion"},{"floor":16.0,"key":"Regen Potion"},{"floor":18.0,"key":"Energy Potion"},{"floor":27.0,"key":"Regen Potion"},{"floor":29.0,"key":"EssenceOfSteel"},{"floor":30.0,"key":"Fruit Juice"},{"floor":31.0,"key":"FearPotion"},{"floor":35.0,"key":"AttackPotion"},{"floor":38.0,"key":"Regen Potion"}],"is_trial":false,"path_per_floor":["M","?","?","?","M","R","E","M","T","R","R","R","M","$","R","B",null,"M","M","?","?","M","R","$","M","T","M","R","M","M","M","R","B",null,"M","M","$","?","?","R","?","E","T","R","?","M","M","E","R","B",null,"R","$","E","B"],"character_chosen":"THE_SILENT","items_purchased":["Burst","Noxious Fumes","Catalyst","PreservedInsect","GhostInAJar"],"campfire_rested":0,"item_purchase_floors":[14,24,37,37,53],"current_hp_per_floor":[70,70,59,59,59,59,59,59,59,59,59,59,54,54,54,34,70,56,40,35,35,35,35,35,34,41,41,41,41,42,40,40,36,47,46,46,46,44,44,44,44,45,45,45,45,47,47,61,61,36,63,63,63,62,0],"gold":65,"neow_bonus":"THREE_ENEMY_KILL","is_prod":false,"is_daily":false,"chose_seed":false,"campfire_upgraded":11,"win_rate":0,"timestamp":1560796098,"path_taken":["M","?","?","?","M","R","E","M","T","R","R","R","?","$","R","BOSS","M","M","?","?","M","R","$","M","T","M","R","?","M","M","R","BOSS","M","M","$","?","?","R","?","E","T","R","?","M","M","E","R","BOSS","R","$","E","BOSS"],"build_version":"2019-01-23","purchased_purges":2,"victory":false,"max_hp_per_floor":[70,70,70,70,70,70,70,70,70,70,70,70,70,70,70,70,70,70,70,35,35,35,35,35,35,42,42,42,42,47,47,47,47,47,47,47,47,47,45,45,45,47,47,47,47,49,49,63,63,63,63,63,63,65,65],"card_choices":[{"not_picked":["Deflect","Dash"],"picked":"Blur","floor":1.0},{"not_picked":["Deflect","Bane","Dagger Spray"],"picked":"SKIP","floor":5.0},{"not_picked":["Dagger Throw","Bane"],"picked":"Backstab","floor":7.0},{"not_picked":["Blade Dance","PiercingWail","Sucker Punch"],"picked":"SKIP","floor":8.0},{"not_picked":["Prepared","Dodge and Roll"],"picked":"Cloak And Dagger","floor":13.0},{"not_picked":["Doppelganger","Envenom"],"picked":"A Thousand Cuts","floor":16.0},{"not_picked":["Quick Slash"],"picked":"SKIP","floor":18.0},{"not_picked":[],"picked":"Blur+1","floor":19.0},{"not_picked":["PiercingWail"],"picked":"SKIP","floor":22.0},{"not_picked":["Flying Knee"],"picked":"SKIP","floor":25.0},{"not_picked":["Prepared"],"picked":"SKIP","floor":27.0},{"not_picked":["Dagger Throw"],"picked":"SKIP","floor":29.0},{"not_picked":["Acrobatics+1"],"picked":"SKIP","floor":30.0},{"not_picked":["Endless Agony"],"picked":"SKIP","floor":31.0},{"not_picked":[],"picked":"After Image","floor":33.0},{"not_picked":[],"picked":"Deadly Poison","floor":34.0},{"not_picked":[],"picked":"Poisoned Stab+1","floor":34.0},{"not_picked":[],"picked":"Deadly Poison+1","floor":35.0},{"not_picked":["Dash+1"],"picked":"SKIP","floor":36.0},{"not_picked":["Underhanded Strike+1"],"picked":"Singing Bowl","floor":42.0},{"not_picked":["Dagger Throw"],"picked":"Singing Bowl","floor":46.0},{"not_picked":[],"picked":"Cloak And Dagger+1","floor":47.0},{"not_picked":[],"picked":"Footwork","floor":48.0},{"not_picked":["Quick Slash"],"picked":"Singing Bowl","floor":54.0}],"player_experience":272579,"relics_obtained":[{"floor":7.0,"key":"WingedGreaves"},{"floor":26.0,"key":"Strawberry"},{"floor":38.0,"key":"Tough Bandages"},{"floor":42.0,"key":"Singing Bowl"},{"floor":43.0,"key":"Omamori"},{"floor":48.0,"key":"Mango"},{"floor":54.0,"key":"Oddly Smooth Stone"}],"event_choices":[{"cards_removed":["Strike_G"],"damage_healed":0.0,"max_hp_gain":0.0,"max_hp_loss":0.0,"gold_gain":0.0,"event_name":"The Cleric","player_choice":"Card Removal","floor":2.0,"gold_loss":50.0,"damage_taken":0.0},{"damage_healed":0.0,"max_hp_gain":0.0,"max_hp_loss":0.0,"gold_gain":75.0,"event_name":"World of Goop","player_choice":"Gather Gold","floor":3.0,"gold_loss":0.0,"damage_taken":11.0},{"damage_healed":0.0,"max_hp_gain":0.0,"max_hp_loss":0.0,"gold_gain":0.0,"event_name":"Match and Keep!","player_choice":"1 cards matched","floor":4.0,"gold_loss":0.0,"damage_taken":0.0,"cards_obtained":["Dark Shackles"]},{"damage_healed":0.0,"max_hp_gain":0.0,"max_hp_loss":35.0,"gold_gain":0.0,"event_name":"Ghosts","player_choice":"Became a Ghost","floor":20.0,"gold_loss":0.0,"damage_taken":0.0,"cards_obtained":["Ghostly","Ghostly","Ghostly","Ghostly","Ghostly"]},{"damage_healed":0.0,"max_hp_gain":0.0,"max_hp_loss":0.0,"gold_gain":0.0,"event_name":"WeMeetAgain","player_choice":"Gave Potion","floor":21.0,"gold_loss":0.0,"damage_taken":0.0,"relics_obtained":["Darkstone Periapt"]},{"damage_healed":0.0,"max_hp_gain":0.0,"max_hp_loss":0.0,"gold_gain":0.0,"event_name":"Mysterious Sphere","player_choice":"Fight","floor":38.0,"gold_loss":0.0,"damage_taken":0.0},{"damage_healed":0.0,"max_hp_gain":0.0,"max_hp_loss":2.0,"gold_gain":0.0,"event_name":"Winding Halls","player_choice":"Max HP","floor":39.0,"gold_loss":0.0,"damage_taken":0.0},{"damage_healed":0.0,"max_hp_gain":0.0,"max_hp_loss":0.0,"gold_gain":0.0,"event_name":"Tomb of Lord Red Mask","player_choice":"Paid","floor":41.0,"gold_loss":131.0,"damage_taken":0.0,"relics_obtained":["Red Mask"]},{"cards_removed":["Neutralize"],"damage_healed":0.0,"max_hp_gain":0.0,"max_hp_loss":0.0,"gold_gain":0.0,"event_name":"Falling","player_choice":"Removed Attack","floor":45.0,"gold_loss":0.0,"damage_taken":0.0}],"is_beta":false,"boss_relics":[{"not_picked":["Empty Cage","Calling Bell"],"picked":"Busted Crown"},{"not_picked":["Velvet Choker","Snecko Eye"],"picked":"Orrery"}],"items_purged_floors":[14,24],"is_endless":false,"potions_floor_spawned":[7,16,18,27,29,30,31,35,38,42],"killed_by":"The Heart","ascension_level":0}