{"gold_per_floor":[110,110,127,145,159,192,192,217,240,275,22,49,49,65,65,161,161,177,177,104,77,77,77,97,114,184,184,197,197,197,211,211,308,308,323,338,338],"floor_reached":37,"playtime":2587,"items_purged":[],"score":486,"play_id":"d971e7b6-3687-40b2-ba6e-4c261142acc8","local_time":"20190323073724","is_ascension_mode":true,"campfire_choices":[{"floor":7.0,"key":"REST"},{"floor":15.0,"key":"REST"},{"floor":23.0,"key":"REST"},{"floor":29.0,"key":"REST"},{"floor":32.0,"key":"REST"}],"neow_cost":"NONE","seed_source_timestamp":0,"circlet_count":0,"master_deck":["Strike_B","Strike_B","Strike_B","Strike_B","Defend_B","Defend_B","Defend_B","Defend_B","Zap+1","Dualcast+1","Electrodynamics","Conserve Battery","Chill","Tempest+1","Doom and Gloom+1","Rebound","Rip and Tear","Machine Learning","Glacier","Undo","Storm+1","Beam Cell","Creative AI+1","Auto Shields","Fusion","Barrage","Lockon+1","Lockon","Rebound","Leap+1","Rip and Tear+1","Conserve Battery+1","Beam Cell","Thunder Strike","Skim","Reinforced Body"],"special_seed":0,"relics":["FrozenCore","Dream Catcher","Bag of Preparation","Centennial Puzzle","War Paint","Frozen Egg 2","Thread and Needle","Shuriken","MutagenicStrength","Lizard Tail"],"potions_floor_usage":[37],"damage_taken":[{"damage":1.0,"enemies":"2 Louse","floor":1.0,"turns":2.0},{"damage":0.0,"enemies":"Jaw Worm","floor":3.0,"turns":3.0},{"damage":2.0,"enemies":"Small Slimes","floor":4.0,"turns":3.0},{"damage":10.0,"enemies":"Gremlin Gang","floor":5.0,"turns":3.0},{"damage":35.0,"enemies":"Lagavulin","floor":6.0,"turns":5.0},{"damage":15.0,"enemies":"3 Sentries","floor":8.0,"turns":4.0},{"damage":8.0,"enemies":"Gremlin Nob","floor":10.0,"turns":3.0},{"damage":17.0,"enemies":"Lagavulin","floor":12.0,"turns":4.0},{"damage":0.0,"enemies":"Large Slime","floor":14.0,"turns":3.0},{"damage":43.0,"enemies":"The Guardian","floor":16.0,"turns":8.0},{"damage":2.0,"enemies":"Shell Parasite","floor":18.0,"turns":6.0},{"damage":18.0,"enemies":"2 Thieves","floor":21.0,"turns":5.0},{"damage":11.0,"enemies":"Snake Plant","floor":24.0,"turns":5.0},{"damage":12.0,"enemies":"Chosen and Byrds","floor":25.0,"turns":7.0},{"damage":28.0,"enemies":"Shelled Parasite and Fungi","floor":28.0,"turns":4.0},{"damage":0.0,"enemies":"Centurion and Healer","floor":31.0,"turns":5.0},{"damage":52.0,"enemies":"Automaton","floor":33.0,"turns":12.0},{"damage":4.0,"enemies":"Orb Walker","floor":35.0,"turns":5.0},{"damage":20.0,"enemies":"3 Shapes","floor":36.0,"turns":9.0},{"damage":107,"enemies":"Maw","floor":37,"turns":9}],"seed_played":"-7859979324027722274","potions_obtained":[{"floor":5.0,"key":"Regen Potion"},{"floor":6.0,"key":"SpeedPotion"},{"floor":12.0,"key":"Poison Potion"},{"floor":16.0,"key":"Swift Potion"},{"floor":21.0,"key":"Poison Potion"},{"floor":24.0,"key":"AttackPotion"},{"floor":28.0,"key":"PowerPotion"},{"floor":36.0,"key":"EssenceOfSteel"}],"is_trial":false,"path_per_floor":["M","?","M","M","M","E","R","E","T","E","$","E","?","M","R","B",null,"M","?","$","M","?","R","M","M","T","?","M","R","?","M","R","B",null,"M","M","M"],"character_chosen":"DEFECT","items_purchased":["Frozen Egg 2","Fusion"],"campfire_rested":5,"item_purchase_floors":[11,20],"current_hp_per_floor":[74,79,79,77,67,46,70,55,55,47,47,30,30,30,54,11,80,78,78,78,60,45,70,59,47,47,47,19,44,44,44,69,17,85,81,61,0],"gold":338,"neow_bonus":"ONE_RANDOM_RARE_CARD","is_prod":false,"is_daily":false,"chose_seed":false,"campfire_upgraded":0,"win_rate":0,"timestamp":1553351844,"path_taken":["M","?","M","M","M","E","R","E","T","E","$","E","?","M","R","BOSS","M","?","$","M","?","R","M","M","T","?","M","R","?","M","R","BOSS","M","?","M"],"build_version":"2019-01-23","purchased_purges":0,"victory":false,"max_hp_per_floor":[75,80,80,80,80,80,80,80,80,80,80,80,80,80,80,80,80,80,80,80,80,85,85,85,85,85,85,85,85,85,85,85,85,85,85,85,85],"card_choices":[{"not_picked":["Gash","Turbo"],"picked":"Conserve Battery","floor":1.0},{"not_picked":["Redo","Cold Snap"],"picked":"Chill","floor":3.0},{"not_picked":["Redo","Go for the Eyes"],"picked":"Tempest","floor":4.0},{"not_picked":["Cold Snap","Stack"],"picked":"Doom and Gloom","floor":5.0},{"not_picked":["Static Discharge","Compile Driver"],"picked":"Rebound","floor":6.0},{"not_picked":["Recycle","Reprogram"],"picked":"Rip and Tear","floor":7.0},{"not_picked":["Conserve Battery","Sweeping Beam"],"picked":"Machine Learning","floor":8.0},{"not_picked":["Rebound","Go for the Eyes"],"picked":"Glacier","floor":10.0},{"not_picked":["Hyperbeam","White Noise"],"picked":"Undo","floor":12.0},{"not_picked":["Streamline","Gash"],"picked":"Storm+1","floor":14.0},{"not_picked":["Streamline","Undo"],"picked":"Beam Cell","floor":15.0},{"not_picked":["All For One","Multi-Cast"],"picked":"Creative AI+1","floor":16.0},{"not_picked":["Force Field","Ball Lightning"],"picked":"Auto Shields","floor":18.0},{"not_picked":["Compile Driver","Streamline"],"picked":"Barrage","floor":21.0},{"not_picked":["Double Energy","Hyperbeam"],"picked":"Lockon+1","floor":23.0},{"not_picked":["Stack","Beam Cell+1"],"picked":"Lockon","floor":24.0},{"not_picked":["Sweeping Beam","Hello World+1"],"picked":"Rebound","floor":25.0},{"not_picked":["Go for the Eyes","Steam"],"picked":"Leap+1","floor":28.0},{"not_picked":["Lockon","Gash"],"picked":"Rip and Tear+1","floor":29.0},{"not_picked":["Melter","Redo"],"picked":"Conserve Battery+1","floor":31.0},{"not_picked":["Gash","Machine Learning+1"],"picked":"Beam Cell","floor":32.0},{"not_picked":["Hyperbeam","Amplify"],"picked":"Thunder Strike","floor":33.0},{"not_picked":["Streamline+1","Conserve Battery"],"picked":"Skim","floor":35.0},{"not_picked":["Genetic Algorithm+1","Aggregate"],"picked":"Reinforced Body","floor":36.0}],"player_experience":628797,"relics_obtained":[{"floor":6.0,"key":"Dream Catcher"},{"floor":8.0,"key":"Bag of Preparation"},{"floor":9.0,"key":"Centennial Puzzle"},{"floor":10.0,"key":"War Paint"},{"floor":12.0,"key":"Thread and Needle"},{"floor":26.0,"key":"Shuriken"}],"event_choices":[{"damage_healed":0.0,"max_hp_gain":5.0,"max_hp_loss":0.0,"gold_gain":0.0,"event_name":"Big Fish","player_choice":"Donut","floor":2.0,"gold_loss":0.0,"damage_taken":0.0},{"damage_healed":0.0,"max_hp_gain":0.0,"max_hp_loss":0.0,"gold_gain":0.0,"event_name":"Living Wall","player_choice":"Grow","floor":13.0,"gold_loss":0.0,"damage_taken":0.0,"cards_upgraded":["Zap"]},{"damage_healed":0.0,"max_hp_gain":0.0,"max_hp_loss":0.0,"gold_gain":0.0,"event_name":"Vampires","player_choice":"Ignored","floor":19.0,"gold_loss":0.0,"damage_taken":0.0},{"damage_healed":0.0,"max_hp_gain":5.0,"max_hp_loss":0.0,"gold_gain":0.0,"event_name":"Forgotten Altar","player_choice":"Shed Blood","floor":22.0,"gold_loss":0.0,"damage_taken":20.0},{"damage_healed":0.0,"max_hp_gain":0.0,"max_hp_loss":0.0,"gold_gain":0.0,"event_name":"Drug Dealer","player_choice":"Inject Mutagens","floor":27.0,"gold_loss":0.0,"damage_taken":0.0,"relics_obtained":["MutagenicStrength"]},{"damage_healed":0.0,"max_hp_gain":0.0,"max_hp_loss":0.0,"gold_gain":0.0,"event_name":"Accursed Blacksmith","player_choice":"Forge","floor":30.0,"gold_loss":0.0,"damage_taken":0.0,"cards_upgraded":["Doom and Gloom"]}],"is_beta":false,"boss_relics":[{"not_picked":["Calling Bell","Runic Pyramid"],"picked":"FrozenCore"},{"not_picked":["Runic Dome","Tiny House"],"picked":"Lizard Tail"}],"items_purged_floors":[],"is_endless":false,"potions_floor_spawned":[5,6,12,16,21,24,28,36],"killed_by":"Maw","ascension_level":3}