{"path_per_floor":["M","?","$","M","?","R","M","R","T","E","M","$","M","?","R","B",null,"M","?","?","?","M","E","$","R","T","M","M"],"character_chosen":"THE_SILENT","items_purchased":["Blur","Dagger Spray","Well Laid Plans","Poisoned Stab","Art of War"],"gold_per_floor":[116,116,22,36,36,36,51,51,78,112,137,14,37,37,37,160,160,174,174,174,174,187,227,31,31,58,81,105],"floor_reached":29,"campfire_rested":2,"playtime":3675,"current_hp_per_floor":[67,67,67,67,50,50,48,48,48,38,22,22,22,22,43,29,70,70,70,70,70,70,3,3,24,24,14,6],"items_purged":["Strike_G"],"gold":105,"score":243,"play_id":"21d7c045-f6b5-455d-b5f5-49a69f281c10","is_prod":false,"is_daily":false,"is_ascension_mode":false,"campfire_upgraded":2,"path_taken":["M","?","?","M","?","R","M","R","T","E","?","$","M","?","R","BOSS","M","?","?","?","?","E","$","R","T","?","M","M"],"build_version":"2018-02-22-PROD2","purchased_purges":1,"victory":false,"master_deck":["Defend_G","Defend_G","Defend_G","Defend_G","Defend_G","Strike_G","Strike_G","Strike_G+1","Survivor","Neutralize","Bouncing Flask+1","Blur","Dagger Spray","Bane","Catalyst","Deadly Poison","Dodge and Roll","Well Laid Plans","Footwork","Storm of Steel","Burst","Prepared+1","Writhe","Noxious Fumes","Calculated Gamble","Backflip+1","Poisoned Stab","Injury"],"max_hp_per_floor":[70,70,70,70,70,70,70,70,70,70,70,70,70,70,70,70,70,70,70,70,70,70,70,70,70,70,70,70],"relics":["Ring of the Snake","Golden Idol","Orichalcum","Smiling Mask","Cursed Key","Gambling Chip","Bronze Scales","Art of War","Snake Skull"],"card_choices":[{"not_picked":["Reflex","Unload"],"picked":"Bouncing Flask"},{"not_picked":["Acrobatics","Flying Knee"],"picked":"Bane"},{"not_picked":["Deadly Poison","Backflip"],"picked":"Catalyst"},{"not_picked":["Slice","Blur"],"picked":"Deadly Poison"},{"not_picked":["Cloak And Dagger","Distraction"],"picked":"Dodge and Roll"},{"not_picked":["Deadly Poison","Calculated Gamble"],"picked":"Footwork"},{"not_picked":["Adrenaline","Doppelganger"],"picked":"Burst"},{"not_picked":["Dagger Throw","Well Laid Plans"],"picked":"Prepared"},{"not_picked":["Riddle With Holes","Dagger Throw"],"picked":"Calculated Gamble"},{"not_picked":["Prepared","Reflex"],"picked":"Backflip"}],"player_experience":244085,"potions_floor_usage":[16,16,16],"damage_taken":[{"damage":3,"enemies":"Jaw Worm","floor":1,"turns":6},{"damage":0,"enemies":"Cultist","floor":4,"turns":4},{"damage":2,"enemies":"Small Slimes","floor":7,"turns":2},{"damage":10,"enemies":"3 Sentries","floor":10,"turns":9},{"damage":16,"enemies":"Exordium Thugs","floor":11,"turns":6},{"damage":0,"enemies":"Looter","floor":13,"turns":4},{"damage":14,"enemies":"Slime Boss","floor":16,"turns":8},{"damage":0,"enemies":"Shell Parasite","floor":18,"turns":3},{"damage":0,"enemies":"Spheric Guardian","floor":22,"turns":2},{"damage":67,"enemies":"Slavers","floor":23,"turns":6},{"damage":10,"enemies":"Snecko","floor":27,"turns":3},{"damage":8,"enemies":"Centurion and Healer","floor":28,"turns":6},{"damage":14,"enemies":"3 Cultists","floor":29,"turns":3}],"event_choices":[{"event_name":"Purifier","player_choice":"One Purge","floor":2,"damage_taken":0},{"event_name":"Golden Idol","player_choice":"Take Damage","floor":5,"damage_taken":0},{"event_name":"Match and Keep!","player_choice":"1 cards matched","floor":14,"damage_taken":0},{"event_name":"Vampires","player_choice":"Ignored","floor":19,"damage_taken":0},{"event_name":"The Mausoleum","player_choice":"Yes","floor":20,"damage_taken":0},{"event_name":"The Library","player_choice":"Read","floor":21,"damage_taken":0}],"boss_relics":[{"not_picked":["Black Star","Snecko Eye"],"picked":"Cursed Key"}],"potions_floor_spawned":[1,10,13],"seed_played":"-931494488315421897","killed_by":"3 Cultists","ascension_level":0,"is_trial":false}