{"gold_per_floor":[112,132,64,83,97,130,146,146,146,179,179,242,257,277,277,277],"floor_reached":16,"playtime":1147,"items_purged":[],"score":165,"play_id":"db609d4a-e823-4eab-aeb3-b70c0f5bf977","local_time":"20190604114732","is_ascension_mode":true,"campfire_choices":[{"floor":11,"key":"REST"},{"floor":15,"key":"REST"}],"neow_cost":"NONE","seed_source_timestamp":1483078854583312,"circlet_count":0,"master_deck":["Defend_G","Defend_G","Defend_G","Defend_G","Defend_G","Strike_G","Strike_G","Strike_G","Strike_G","Strike_G","Survivor","Neutralize","Sucker Punch","Slice","Well Laid Plans","Footwork","PiercingWail","Slice","Acrobatics","Deflect"],"relics":["Ring of the Snake","Potion Belt","Art of War","Turnip","Tingsha"],"potions_floor_usage":[5,10,12,14],"damage_taken":[{"damage":1,"enemies":"Jaw Worm","floor":1,"turns":6},{"damage":0,"enemies":"2 Louse","floor":2,"turns":3},{"damage":0,"enemies":"Cultist","floor":4,"turns":4},{"damage":0,"enemies":"Large Slime","floor":5,"turns":6},{"damage":44,"enemies":"Lagavulin","floor":6,"turns":13},{"damage":0,"enemies":"Blue Slaver","floor":7,"turns":6},{"damage":12,"enemies":"3 Sentries","floor":10,"turns":15},{"damage":18,"enemies":"Gremlin Nob","floor":12,"turns":5},{"damage":0,"enemies":"2 Fungi Beasts","floor":13,"turns":4},{"damage":1,"enemies":"Looter","floor":14,"turns":4},{"damage":41,"enemies":"Hexaghost","floor":16,"turns":16}],"seed_played":"-4052430358315908295","potions_obtained":[{"floor":4,"key":"Explosive Potion"},{"floor":6,"key":"Fire Potion"},{"floor":7,"key":"Dexterity Potion"},{"floor":12,"key":"Swift Potion"}],"is_trial":false,"path_per_floor":["M","M","$","M","M","E","M","?","T","E","R","?","M","M","R","B"],"character_chosen":"THE_SILENT","items_purchased":["Well Laid Plans"],"campfire_rested":2,"item_purchase_floors":[3],"current_hp_per_floor":[69,69,69,69,69,25,25,22,22,10,33,15,15,14,37,0],"gold":277,"neow_bonus":"TEN_PERCENT_HP_BONUS","is_prod":false,"is_daily":false,"chose_seed":false,"campfire_upgraded":0,"win_rate":0,"timestamp":1559659652,"path_taken":["M","M","$","M","M","E","M","?","T","E","R","?","?","M","R","BOSS"],"build_version":"2019-01-23","purchased_purges":0,"victory":false,"max_hp_per_floor":[77,77,77,77,77,77,77,77,77,77,77,77,77,77,77,77],"card_choices":[{"not_picked":["Blade Dance","Outmaneuver"],"picked":"Sucker Punch","floor":1},{"not_picked":["Prepared","Distraction"],"picked":"Slice","floor":2},{"not_picked":["Bane","Setup","Sucker Punch"],"picked":"SKIP","floor":4},{"not_picked":["Flechettes","Dodge and Roll","Outmaneuver"],"picked":"SKIP","floor":5},{"not_picked":["Cloak And Dagger","Backstab"],"picked":"Footwork","floor":6},{"not_picked":["Prepared","Sucker Punch"],"picked":"PiercingWail","floor":7},{"not_picked":["Blade Dance","Distraction","Wraith Form v2"],"picked":"SKIP","floor":10},{"not_picked":["Dodge and Roll","Outmaneuver"],"picked":"Slice","floor":12},{"not_picked":["Blade Dance","Flying Knee"],"picked":"Acrobatics","floor":13},{"not_picked":["Riddle With Holes","Predator"],"picked":"Deflect","floor":14}],"player_experience":900519,"relics_obtained":[{"floor":6,"key":"Potion Belt"},{"floor":10,"key":"Turnip"},{"floor":12,"key":"Tingsha"}],"event_choices":[{"damage_healed":0,"gold_gain":0,"player_choice":"Success","damage_taken":3,"relics_obtained":["Art of War"],"max_hp_gain":0,"max_hp_loss":0,"event_name":"Scrap Ooze","floor":8,"gold_loss":0},{"damage_healed":0,"gold_gain":0,"player_choice":"Searched \u00271\u0027 times","damage_taken":0,"max_hp_gain":0,"max_hp_loss":0,"event_name":"Dead Adventurer","floor":12,"gold_loss":0}],"is_beta":false,"boss_relics":[],"items_purged_floors":[],"is_endless":false,"potions_floor_spawned":[4,6,7,12],"killed_by":"Hexaghost","ascension_level":9}