{"gold_per_floor":[118,137,16,29,29,48,65,90,90,108,108,135,135,135,135,235,235,249,47,64,77,3,3,3,21,76,91,91,109,123,137,137,137],"floor_reached":33,"playtime":2183,"items_purged":["Strike_B","Defend_B"],"score":263,"play_id":"731ac742-dcd0-4caa-9581-3f5e1a11f253","local_time":"20190323192925","is_ascension_mode":false,"campfire_choices":[{"floor":11,"key":"RECALL"},{"floor":13,"key":"REST"},{"floor":15,"key":"REST"},{"floor":23,"key":"REST"},{"floor":28,"key":"REST"},{"floor":32,"key":"REST"}],"neow_cost":"NONE","seed_source_timestamp":625386569557207,"circlet_count":0,"master_deck":["Strike_B","Strike_B","Strike_B","Defend_B","Defend_B","Defend_B","Zap+1","Dualcast","Coolheaded","Ball Lightning","Gash","Redo+1","Coolheaded","Capacitor","Seek","Cold Snap","Buffer","Blizzard","Consume","Rebound","Hello World","Streamline+1","Tempest","Ball Lightning","Tempest+1","Barrage+1"],"relics":["Fusion Hammer","Bottled Flame","Orichalcum","Lantern","White Beast Statue","Symbiotic Virus"],"potions_floor_usage":[7,10,12,16,20,21,25,27,29,31,33],"damage_taken":[{"damage":1,"enemies":"Jaw Worm","floor":1,"turns":4},{"damage":0,"enemies":"Cultist","floor":2,"turns":3},{"damage":0,"enemies":"Small Slimes","floor":4,"turns":2},{"damage":2,"enemies":"Exordium Thugs","floor":6,"turns":4},{"damage":5,"enemies":"Blue Slaver","floor":7,"turns":3},{"damage":17,"enemies":"Gremlin Nob","floor":8,"turns":4},{"damage":1,"enemies":"Gremlin Gang","floor":10,"turns":6},{"damage":15,"enemies":"3 Sentries","floor":12,"turns":6},{"damage":54,"enemies":"Slime Boss","floor":16,"turns":15},{"damage":10,"enemies":"Chosen","floor":18,"turns":6},{"damage":11,"enemies":"3 Byrds","floor":20,"turns":5},{"damage":31,"enemies":"Snake Plant","floor":21,"turns":4},{"damage":0,"enemies":"Chosen and Byrds","floor":25,"turns":6},{"damage":11,"enemies":"Shelled Parasite and Fungi","floor":27,"turns":7},{"damage":22,"enemies":"Sentry and Sphere","floor":29,"turns":6},{"damage":15,"enemies":"Snecko","floor":30,"turns":4},{"damage":17,"enemies":"Shelled Parasite and Fungi","floor":31,"turns":6},{"damage":41,"enemies":"Champ","floor":33,"turns":8}],"seed_played":"7975706661116790122","potions_obtained":[{"floor":2,"key":"PowerPotion"},{"floor":7,"key":"SkillPotion"},{"floor":8,"key":"FocusPotion"},{"floor":12,"key":"SpeedPotion"},{"floor":18,"key":"FocusPotion"},{"floor":20,"key":"FocusPotion"},{"floor":21,"key":"SkillPotion"},{"floor":25,"key":"SpeedPotion"},{"floor":27,"key":"FearPotion"},{"floor":29,"key":"Regen Potion"},{"floor":30,"key":"Explosive Potion"},{"floor":31,"key":"SkillPotion"}],"is_trial":false,"path_per_floor":["M","M","$","M","?","M","M","E","T","M","R","E","R","?","R","B",null,"M","$","M","M","?","R","$","M","T","M","R","M","M","M","R","B"],"character_chosen":"DEFECT","items_purchased":["Gash","Consume","Rebound"],"campfire_rested":5,"item_purchase_floors":[3,19,19],"current_hp_per_floor":[74,74,74,74,74,72,67,50,50,49,49,34,56,56,75,21,75,65,65,54,23,23,45,45,45,45,34,56,34,19,17,39,0],"gold":137,"neow_bonus":"BOSS_RELIC","is_prod":false,"is_daily":false,"chose_seed":false,"campfire_upgraded":0,"win_rate":0,"timestamp":1553380165,"path_taken":["M","M","$","M","?","M","?","E","T","M","R","E","R","?","R","BOSS","M","$","M","M","?","R","?","M","T","M","R","M","M","M","R","BOSS"],"build_version":"2019-01-23","purchased_purges":2,"victory":false,"max_hp_per_floor":[75,75,75,75,75,75,75,75,75,75,75,75,75,75,75,75,75,75,75,75,75,75,75,75,75,75,75,75,75,75,75,75,75],"card_choices":[{"not_picked":["Ball Lightning","Stack"],"picked":"Coolheaded","floor":1},{"not_picked":["Cold Snap","Reinforced Body"],"picked":"Ball Lightning","floor":2},{"not_picked":["Barrage","Turbo"],"picked":"Redo","floor":4},{"not_picked":["Reinforced Body","Aggregate"],"picked":"Coolheaded","floor":6},{"not_picked":["Steam","Go for the Eyes","Conserve Battery"],"picked":"SKIP","floor":7},{"not_picked":["Cold Snap","Rebound"],"picked":"Capacitor","floor":8},{"not_picked":["Rebound","Recycle"],"picked":"Seek","floor":10},{"not_picked":["Double Energy","Recycle"],"picked":"Cold Snap","floor":12},{"not_picked":["Core Surge","Hyperbeam"],"picked":"Buffer","floor":16},{"not_picked":["Force Field","Glacier+1"],"picked":"Blizzard","floor":18},{"not_picked":["Steam","Redo"],"picked":"Hello World","floor":20},{"not_picked":["Hologram","Undo"],"picked":"Streamline+1","floor":21},{"not_picked":["Coolheaded","Capacitor+1"],"picked":"Tempest","floor":25},{"not_picked":["Self Repair","Compile Driver"],"picked":"Ball Lightning","floor":27},{"not_picked":["Doom and Gloom","Rebound","Double Energy"],"picked":"SKIP","floor":29},{"not_picked":["Lockon+1","Ball Lightning+1"],"picked":"Tempest+1","floor":30},{"not_picked":["Compile Driver","Reinforced Body"],"picked":"Barrage+1","floor":31}],"player_experience":523332,"relics_obtained":[{"floor":8,"key":"Bottled Flame"},{"floor":9,"key":"Orichalcum"},{"floor":12,"key":"Lantern"}],"event_choices":[{"damage_healed":0,"gold_gain":0,"player_choice":"Upgraded","damage_taken":0,"max_hp_gain":0,"max_hp_loss":0,"event_name":"Upgrade Shrine","floor":5,"gold_loss":0,"cards_upgraded":["Zap"]},{"damage_healed":0,"gold_gain":0,"player_choice":"Grow","damage_taken":0,"max_hp_gain":0,"max_hp_loss":0,"event_name":"Living Wall","floor":14,"gold_loss":0,"cards_upgraded":["Redo"]},{"damage_healed":0,"gold_gain":0,"player_choice":"Paid Gold","damage_taken":0,"relics_obtained":["Symbiotic Virus"],"max_hp_gain":0,"max_hp_loss":0,"event_name":"WeMeetAgain","floor":22,"gold_loss":74}],"is_beta":false,"boss_relics":[{"not_picked":["Philosopher\u0027s Stone","Orrery"],"picked":"White Beast Statue"}],"items_purged_floors":[3,19],"is_endless":false,"potions_floor_spawned":[2,7,8,12,18,20,21,25,27,29,30,31],"killed_by":"Champ","ascension_level":0}