{"gold_per_floor":[114,41,116,129,129,165,165,165,188,188,39,39,77,102,102,231,231,247,267,290,290,32,67,80,80,80,116,116,177,191,227,227,357,357,378,378,391,293,293,293,106,106],"floor_reached":42,"playtime":2883,"items_purged":["Strike_R","Pain"],"score":721,"play_id":"c5076560-fce2-45bc-9a4a-14ba2d1926b5","local_time":"20190326175827","is_ascension_mode":true,"campfire_choices":[{"data":"Rampage","floor":7.0,"key":"SMITH"},{"floor":10.0,"key":"REST"},{"data":"Inflame","floor":12.0,"key":"SMITH"},{"data":"Heavy Blade","floor":15.0,"key":"SMITH"},{"data":"Reaper","floor":28.0,"key":"SMITH"},{"data":"Spot Weakness","floor":32.0,"key":"SMITH"},{"floor":40.0,"key":"REST"}],"neow_cost":"NONE","seed_source_timestamp":0,"circlet_count":0,"master_deck":["Strike_R","Strike_R+1","Strike_R","Defend_R","Defend_R","Defend_R","Defend_R+1","Bash","Rampage+1","Twin Strike","Uppercut","Inflame+1","Spot Weakness+1","Heavy Blade+1","Reaper+1","True Grit","Iron Wave+1","Dual Wield","Inflame","Feed","Barricade","Second Wind+1","Impervious","Warcry+1","Thunderclap","Reaper","Immolate","Seeing Red","Clash+1","Shrug It Off","Clothesline","Warcry","Dropkick","Armaments","Dark Shackles"],"special_seed":0,"relics":["Burning Blood","Golden Idol","Regal Pillow","Bag of Preparation","Red Skull","Snecko Eye","WarpedTongs","Pantograph","Letter Opener","Matryoshka","Tiny Chest","Dream Catcher","Fusion Hammer"],"potions_floor_usage":[],"damage_taken":[{"damage":2.0,"enemies":"Jaw Worm","floor":1.0,"turns":3.0},{"damage":14.0,"enemies":"Small Slimes","floor":4.0,"turns":4.0},{"damage":26.0,"enemies":"Lagavulin","floor":6.0,"turns":6.0},{"damage":15.0,"enemies":"3 Sentries","floor":13.0,"turns":7.0},{"damage":7.0,"enemies":"2 Louse","floor":14.0,"turns":3.0},{"damage":28.0,"enemies":"Slime Boss","floor":16.0,"turns":7.0},{"damage":5.0,"enemies":"Chosen","floor":18.0,"turns":3.0},{"damage":6.0,"enemies":"Spheric Guardian","floor":19.0,"turns":3.0},{"damage":3.0,"enemies":"3 Cultists","floor":20.0,"turns":4.0},{"damage":54.0,"enemies":"Book of Stabbing","floor":23.0,"turns":5.0},{"damage":19.0,"enemies":"Snake Plant","floor":24.0,"turns":2.0},{"damage":44.0,"enemies":"Slavers","floor":27.0,"turns":5.0},{"damage":31.0,"enemies":"Book of Stabbing","floor":29.0,"turns":5.0},{"damage":14.0,"enemies":"Centurion and Healer","floor":30.0,"turns":3.0},{"damage":58.0,"enemies":"Slavers","floor":31.0,"turns":6.0},{"damage":37.0,"enemies":"Champ","floor":33.0,"turns":8.0},{"damage":41.0,"enemies":"3 Shapes","floor":35.0,"turns":5.0},{"damage":12.0,"enemies":"Orb Walker","floor":37.0,"turns":4.0},{"damage":120,"enemies":"Reptomancer","floor":42,"turns":3}],"seed_played":"6042966077031850134","potions_obtained":[{"floor":1.0,"key":"SkillPotion"},{"floor":4.0,"key":"EssenceOfSteel"},{"floor":20.0,"key":"Fire Potion"},{"floor":23.0,"key":"FearPotion"},{"floor":30.0,"key":"Explosive Potion"},{"floor":33.0,"key":"EssenceOfSteel"},{"floor":35.0,"key":"Regen Potion"}],"is_trial":false,"path_per_floor":["M","$","?","M","?","E","R","?","T","R","$","R","E","M","R","B",null,"M","M","M","?","$","E","M","?","T","E","R","E","M","E","R","B",null,"M","?","M","$","?","R","$","E"],"character_chosen":"IRONCLAD","items_purchased":["Regen Potion","Inflame","Inflame","Feed","Shrug It Off","Clothesline","Dropkick","Armaments","Dark Shackles"],"campfire_rested":2,"item_purchase_floors":[2,11,22,22,38,38,41,41,41],"current_hp_per_floor":[76,76,65,57,57,37,37,22,22,59,59,59,65,64,64,42,66,67,74,74,74,74,38,41,41,41,64,64,51,74,64,64,70,80,55,55,74,74,74,86,86,0],"gold":106,"neow_bonus":"TRANSFORM_CARD","is_prod":false,"is_daily":false,"chose_seed":false,"campfire_upgraded":5,"win_rate":0,"timestamp":1553648307,"path_taken":["M","$","?","M","?","E","R","?","T","R","?","R","E","M","R","BOSS","M","M","M","?","$","E","?","?","T","E","R","E","?","E","R","BOSS","M","?","M","$","?","R","$","E"],"build_version":"2019-01-23","purchased_purges":2,"victory":false,"max_hp_per_floor":[80,80,80,80,74,74,74,74,74,74,74,74,74,74,74,74,74,74,74,74,74,74,74,77,77,77,80,80,80,83,83,83,83,83,86,86,86,86,86,86,86,86],"card_choices":[{"not_picked":["Infernal Blade","Reckless Charge"],"picked":"Hemokinesis","floor":1.0},{"not_picked":["Flex","Feel No Pain"],"picked":"Twin Strike","floor":4.0},{"not_picked":["Shockwave","Havoc"],"picked":"Uppercut","floor":6.0},{"not_picked":["Iron Wave","Twin Strike"],"picked":"Spot Weakness","floor":13.0},{"not_picked":["Feel No Pain","Clothesline"],"picked":"Heavy Blade","floor":14.0},{"not_picked":["Bludgeon","Exhume"],"picked":"Reaper","floor":16.0},{"not_picked":["Seeing Red","Anger"],"picked":"True Grit","floor":18.0},{"not_picked":["Bloodletting","Spot Weakness+1"],"picked":"Iron Wave+1","floor":19.0},{"not_picked":["Havoc","Iron Wave"],"picked":"Dual Wield","floor":20.0},{"not_picked":["Wild Strike","Iron Wave"],"picked":"Barricade","floor":23.0},{"not_picked":["Sever Soul","Pummel"],"picked":"Second Wind+1","floor":24.0},{"not_picked":["Wild Strike","Entrench+1"],"picked":"Impervious","floor":27.0},{"not_picked":["Armaments","Clash"],"picked":"Warcry+1","floor":29.0},{"not_picked":["Cleave","Infernal Blade"],"picked":"Thunderclap","floor":30.0},{"not_picked":["Searing Blow","Spot Weakness+1"],"picked":"Reaper","floor":31.0},{"not_picked":["Berserk","Fiend Fire"],"picked":"Immolate","floor":33.0},{"not_picked":["Iron Wave","Rampage+1"],"picked":"Seeing Red","floor":35.0},{"not_picked":["Havoc+1","Intimidate"],"picked":"Clash+1","floor":37.0},{"not_picked":["Sever Soul","Perfected Strike+1"],"picked":"Warcry","floor":40.0}],"player_experience":645771,"relics_obtained":[{"floor":6.0,"key":"Regal Pillow"},{"floor":9.0,"key":"Bag of Preparation"},{"floor":13.0,"key":"Red Skull"},{"floor":23.0,"key":"Pantograph"},{"floor":26.0,"key":"Letter Opener"},{"floor":27.0,"key":"Matryoshka"},{"floor":29.0,"key":"Tiny Chest"},{"floor":31.0,"key":"Dream Catcher"}],"event_choices":[{"damage_healed":0.0,"max_hp_gain":0.0,"max_hp_loss":0.0,"gold_gain":75.0,"event_name":"World of Goop","player_choice":"Gather Gold","floor":3.0,"gold_loss":0.0,"damage_taken":11.0},{"damage_healed":0.0,"max_hp_gain":0.0,"max_hp_loss":6.0,"gold_gain":0.0,"event_name":"Golden Idol","player_choice":"Lose Max HP","floor":5.0,"gold_loss":0.0,"damage_taken":0.0,"relics_obtained":["Golden Idol"]},{"damage_healed":0.0,"max_hp_gain":0.0,"max_hp_loss":0.0,"gold_gain":0.0,"event_name":"Shining Light","player_choice":"Entered Light","floor":8.0,"gold_loss":0.0,"damage_taken":15.0,"cards_upgraded":["Strike_R","Defend_R"]},{"damage_healed":0.0,"max_hp_gain":0.0,"max_hp_loss":0.0,"gold_gain":0.0,"event_name":"Accursed Blacksmith","player_choice":"Rummage","floor":21.0,"gold_loss":0.0,"damage_taken":0.0,"relics_obtained":["WarpedTongs"],"cards_obtained":["Pain"]},{"damage_healed":0.0,"max_hp_gain":0.0,"max_hp_loss":0.0,"gold_gain":0.0,"cards_transformed":["Hemokinesis"],"event_name":"Transmorgrifier","player_choice":"Transformed","floor":25.0,"gold_loss":0.0,"damage_taken":0.0,"cards_obtained":["Brutality"]},{"cards_removed":["Brutality"],"damage_healed":0.0,"max_hp_gain":0.0,"max_hp_loss":0.0,"gold_gain":0.0,"event_name":"Falling","player_choice":"Removed Power","floor":36.0,"gold_loss":0.0,"damage_taken":0.0},{"damage_healed":0.0,"max_hp_gain":0.0,"max_hp_loss":0.0,"gold_gain":0.0,"event_name":"Tomb of Lord Red Mask","player_choice":"Ignored","floor":39.0,"gold_loss":0.0,"damage_taken":0.0}],"is_beta":false,"boss_relics":[{"not_picked":["Tiny House","White Beast Statue"],"picked":"Snecko Eye"},{"not_picked":["Lizard Tail","Empty Cage"],"picked":"Fusion Hammer"}],"items_purged_floors":[11,22],"is_endless":false,"potions_floor_spawned":[1,4,20,23,30,33,35],"killed_by":"Reptomancer","ascension_level":9}