{"path_per_floor":["M","M","?","?","$","M","M","$","T","R","M","M","M","M","R","B",null,"M","?","?","?"],"character_chosen":"THE_SILENT","items_purchased":["Prepared","Sucker Punch","Die Die Die","Terror"],"gold_per_floor":[109,125,125,225,145,165,178,31,31,31,41,52,71,88,88,189,189,204,204,204,204],"floor_reached":22,"campfire_rested":1,"playtime":14317,"current_hp_per_floor":[70,68,68,68,68,65,50,50,50,70,64,60,60,60,60,39,70,46,46,46,37],"items_purged":[],"gold":204,"play_id":"0d0b0b22-e245-404a-bd5c-d0e7f29d69ba","is_prod":false,"is_daily":false,"campfire_rituals":0,"campfire_upgraded":1,"is_hardmode":false,"path_taken":["M","M","?","?","$","M","M","$","T","R","M","M","M","M","R","BOSS","M","?","?","?","M"],"build_version":"2018-01-18-PROD4","purchased_purges":0,"victory":false,"master_deck":["Defend_G","Defend_G","Defend_G","Defend_G","Defend_G","Strike_G","Strike_G","Strike_G","Strike_G","Survivor","Neutralize","Poisoned Stab","Eviscerate","Prepared","Sucker Punch","All Out Attack","Blade Dance","Die Die Die","Terror","Infinite Blades","Poisoned Stab","Deflect","Finisher","Die Die Die","Leg Sweep"],"max_hp_per_floor":[70,70,70,70,70,70,70,70,70,70,70,70,70,70,70,70,70,70,70,70,75],"relics":["Ring of the Snake","Molten Egg","The Specimen"],"campfire_meditates":0,"card_choices":[{"not_picked":["Dagger Throw","Predator"],"picked":"Poisoned Stab"},{"not_picked":["Prepared","Finisher"],"picked":"Eviscerate"},{"not_picked":["A Thousand Cuts","PiercingWail"],"picked":"All Out Attack"},{"not_picked":["Outmaneuver","Sucker Punch"],"picked":"Blade Dance"},{"not_picked":["Prepared","Sucker Punch"],"picked":"Infinite Blades"},{"not_picked":["Blade Dance","Infinite Blades"],"picked":"Poisoned Stab"},{"not_picked":["PiercingWail","Backstab"],"picked":"Deflect"},{"not_picked":["Dagger Spray","Deflect"],"picked":"Finisher"},{"not_picked":["Glass Knife","Burst"],"picked":"Die Die Die"},{"not_picked":["Deadly Poison","Outmaneuver"],"picked":"Leg Sweep"}],"player_experience":22033,"potions_floor_usage":[],"damage_taken":[{"damage":0,"enemies":"Small Slimes","floor":1,"turns":4},{"damage":2,"enemies":"Blue Slaver","floor":2,"turns":4},{"damage":3,"enemies":"Jaw Worm","floor":6,"turns":4},{"damage":15,"enemies":"Lots of Slimes","floor":7,"turns":4},{"damage":6,"enemies":"3 Louse","floor":11,"turns":3},{"damage":4,"enemies":"Exordium Wildlife","floor":12,"turns":3},{"damage":0,"enemies":"Large Slime","floor":13,"turns":4},{"damage":0,"enemies":"Red Slaver","floor":14,"turns":3},{"damage":21,"enemies":"Hexaghost","floor":16,"turns":9},{"damage":24,"enemies":"2 Thieves","floor":18,"turns":4},{"damage":38,"enemies":"Spheric Guardian","floor":22,"turns":5}],"event_choices":[{"event_name":"Upgrade Shrine","player_choice":"Upgraded","floor":3,"damage_taken":0},{"event_name":"Wheel of Change","player_choice":"Gold","floor":4,"damage_taken":0},{"event_name":"Back to Basics","player_choice":"Elegance","floor":19,"damage_taken":0},{"event_name":"Accursed Blacksmith","player_choice":"Ignore","floor":20,"damage_taken":0},{"event_name":"Forgotten Altar","player_choice":"Shed Blood","floor":21,"damage_taken":0}],"boss_relics":[{"not_picked":["Orrery","Tiny House"],"picked":"The Specimen"}],"potions_floor_spawned":[7,11,12,16],"seed_played":"-4365831897336355052","killed_by":"Spheric Guardian","is_trial":false}