{"gold_per_floor":[114,128,53,53,3,15,15,32,32,32,48,48,48,48,48,48],"floor_reached":16,"playtime":263,"items_purged":["Defend_R"],"score":90,"play_id":"918efba9-ba41-46a0-a4ac-e04d9f867393","local_time":"20190503080144","is_ascension_mode":false,"campfire_choices":[{"floor":10,"key":"REST"},{"floor":15,"key":"REST"}],"neow_cost":"NONE","seed_source_timestamp":1927094379635420,"circlet_count":0,"master_deck":["Strike_R","Strike_R","Strike_R","Strike_R","Strike_R","Defend_R","Bash+1"],"relics":["Burning Blood","Singing Bowl","Toxic Egg 2"],"potions_floor_usage":[16],"damage_taken":[{"damage":5,"enemies":"Small Slimes","floor":1,"turns":3},{"damage":0,"enemies":"2 Louse","floor":2,"turns":2},{"damage":6,"enemies":"Cultist","floor":6,"turns":3},{"damage":20,"enemies":"Exordium Thugs","floor":8,"turns":4},{"damage":20,"enemies":"Looter","floor":11,"turns":3},{"damage":84,"enemies":"Hexaghost","floor":16,"turns":9}],"seed_played":"3049466362430760903","potions_obtained":[{"floor":1,"key":"SteroidPotion"},{"floor":8,"key":"PowerPotion"}],"is_trial":false,"path_per_floor":["M","M","$","?","?","M","?","M","T","R","M","?","$","T","R","B"],"character_chosen":"IRONCLAD","items_purchased":[],"campfire_rested":2,"item_purchase_floors":[],"current_hp_per_floor":[80,80,80,80,80,80,80,66,66,80,68,61,61,61,82,0],"gold":48,"neow_bonus":"UPGRADE_CARD","is_prod":false,"is_daily":false,"chose_seed":false,"campfire_upgraded":0,"win_rate":0,"timestamp":1556863304,"path_taken":["M","M","$","?","?","M","?","M","T","R","M","?","$","?","R","BOSS"],"build_version":"2019-01-23","purchased_purges":1,"victory":false,"max_hp_per_floor":[80,80,80,80,80,80,80,80,80,80,82,82,82,82,82,82],"card_choices":[{"not_picked":["True Grit","Armaments","Seeing Red"],"picked":"SKIP","floor":1},{"not_picked":["Entrench","Thunderclap","Heavy Blade"],"picked":"SKIP","floor":2},{"not_picked":["Uppercut","Battle Trance","Fire Breathing"],"picked":"SKIP","floor":6},{"not_picked":["Perfected Strike","True Grit","Headbutt"],"picked":"SKIP","floor":8},{"not_picked":["Rage","Pommel Strike","Battle Trance"],"picked":"Singing Bowl","floor":11}],"player_experience":158873,"relics_obtained":[{"floor":9,"key":"Singing Bowl"},{"floor":14,"key":"Toxic Egg 2"}],"event_choices":[{"damage_healed":0,"gold_gain":0,"player_choice":"Ignored","damage_taken":0,"max_hp_gain":0,"max_hp_loss":0,"event_name":"Golden Idol","floor":4,"gold_loss":0},{"cards_removed":["Defend_R"],"damage_healed":0,"gold_gain":0,"player_choice":"Card Removal","damage_taken":0,"max_hp_gain":0,"max_hp_loss":0,"event_name":"The Cleric","floor":5,"gold_loss":50},{"damage_healed":0,"gold_gain":0,"player_choice":"Ignored","damage_taken":0,"max_hp_gain":0,"max_hp_loss":0,"event_name":"Liars Game","floor":7,"gold_loss":0},{"cards_removed":["Defend_R"],"damage_healed":0,"gold_gain":0,"player_choice":"Card Removal","damage_taken":7,"max_hp_gain":0,"max_hp_loss":0,"event_name":"Golden Wing","floor":12,"gold_loss":0}],"is_beta":false,"boss_relics":[],"items_purged_floors":[3],"is_endless":false,"potions_floor_spawned":[1,8],"killed_by":"Hexaghost","ascension_level":0}