{"gold_per_floor":[110,35,210,226,239,139,139,155,207,225,225,244,209,219,219,219],"floor_reached":16,"playtime":268,"items_purged":["Defend_R","Doubt"],"score":94,"play_id":"91978d67-9945-488b-9fa9-d68fea5f061a","local_time":"20190418170530","is_ascension_mode":false,"campfire_choices":[{"data":"Bash","floor":11,"key":"SMITH"},{"floor":15,"key":"REST"}],"neow_cost":"NONE","seed_source_timestamp":663731904036422,"circlet_count":0,"master_deck":["Strike_R","Strike_R","Strike_R","Strike_R","Strike_R","Defend_R","Defend_R","Bash+1","Flex"],"relics":["Burning Blood","Pen Nib"],"potions_floor_usage":[16,16],"damage_taken":[{"damage":11,"enemies":"2 Louse","floor":1,"turns":2},{"damage":8,"enemies":"Small Slimes","floor":4,"turns":3},{"damage":6,"enemies":"Cultist","floor":5,"turns":3},{"damage":19,"enemies":"Blue Slaver","floor":8,"turns":3},{"damage":21,"enemies":"3 Louse","floor":10,"turns":4},{"damage":32,"enemies":"Large Slime","floor":12,"turns":6},{"damage":15,"enemies":"Looter","floor":14,"turns":3},{"damage":62,"enemies":"Hexaghost","floor":16,"turns":7}],"seed_played":"-4966766948987553319","potions_obtained":[{"floor":10,"key":"Strength Potion"},{"floor":12,"key":"BloodPotion"}],"is_trial":false,"path_per_floor":["M","$","?","M","M","$","?","M","T","M","R","M","?","M","R","B"],"character_chosen":"IRONCLAD","items_purchased":[],"campfire_rested":1,"item_purchase_floors":[],"current_hp_per_floor":[75,75,75,73,73,73,73,60,60,45,45,19,39,30,54,0],"gold":219,"neow_bonus":"REMOVE_CARD","is_prod":false,"is_daily":false,"chose_seed":false,"campfire_upgraded":1,"win_rate":0,"timestamp":1555599930,"path_taken":["M","$","?","M","M","$","?","?","T","M","R","M","?","M","R","BOSS"],"build_version":"2019-01-23","purchased_purges":2,"victory":false,"max_hp_per_floor":[80,80,80,80,80,80,80,80,80,80,80,80,80,80,80,80],"card_choices":[{"not_picked":["Iron Wave","Uppercut","Twin Strike"],"picked":"SKIP","floor":1},{"not_picked":["Thunderclap","Headbutt","Warcry"],"picked":"SKIP","floor":4},{"not_picked":["Havoc","Hemokinesis","Seeing Red"],"picked":"SKIP","floor":5},{"not_picked":["Cleave","Sword Boomerang","Second Wind"],"picked":"SKIP","floor":8},{"not_picked":["Corruption","Thunderclap","Body Slam"],"picked":"SKIP","floor":10},{"not_picked":["Sword Boomerang","Havoc","Perfected Strike"],"picked":"SKIP","floor":12},{"not_picked":["Battle Trance","Dropkick"],"picked":"Flex","floor":14}],"player_experience":123657,"relics_obtained":[{"floor":9,"key":"Pen Nib"}],"event_choices":[{"damage_healed":0,"gold_gain":175,"player_choice":"AGREE","damage_taken":0,"max_hp_gain":0,"max_hp_loss":0,"event_name":"Liars Game","floor":3,"gold_loss":0,"cards_obtained":["Doubt"]},{"damage_healed":0,"gold_gain":0,"player_choice":"Ignored","damage_taken":0,"max_hp_gain":0,"max_hp_loss":0,"event_name":"NoteForYourself","floor":7,"gold_loss":0},{"damage_healed":20,"gold_gain":0,"player_choice":"Healed","damage_taken":0,"max_hp_gain":0,"max_hp_loss":0,"event_name":"The Cleric","floor":13,"gold_loss":35}],"is_beta":false,"boss_relics":[],"items_purged_floors":[2,6],"is_endless":false,"potions_floor_spawned":[10,12],"killed_by":"Hexaghost","ascension_level":0}