{"gold_per_floor":[113,113,126,136,148,176,34,62,115,115,132,132,148,167,167,167],"floor_reached":16,"playtime":852,"items_purged":["Defend_R"],"score":125,"play_id":"f16587e9-43f3-4b7b-84fc-2f2630b9d021","local_time":"20190405072217","is_ascension_mode":true,"campfire_choices":[{"floor":10,"key":"REST"},{"data":"Flex","floor":12,"key":"SMITH"},{"floor":15,"key":"REST"}],"neow_cost":"NONE","seed_source_timestamp":1920774286253951,"circlet_count":0,"master_deck":["Strike_R","Strike_R","Strike_R","Strike_R","Strike_R","Defend_R","Defend_R","Inflame","Pommel Strike","Shrug It Off","Pommel Strike","Shrug It Off","Heavy Blade+1","Shrug It Off","Flex+1","Carnage+1","Seeing Red"],"relics":["Burning Blood","Molten Egg 2","Letter Opener","Regal Pillow"],"potions_floor_usage":[16],"damage_taken":[{"damage":11,"enemies":"2 Louse","floor":1,"turns":3},{"damage":1,"enemies":"Cultist","floor":3,"turns":3},{"damage":7,"enemies":"Jaw Worm","floor":4,"turns":4},{"damage":34,"enemies":"Gremlin Gang","floor":5,"turns":5},{"damage":24,"enemies":"Gremlin Nob","floor":6,"turns":4},{"damage":19,"enemies":"Lagavulin","floor":8,"turns":7},{"damage":4,"enemies":"Large Slime","floor":11,"turns":5},{"damage":21,"enemies":"Exordium Thugs","floor":13,"turns":3},{"damage":32,"enemies":"Gremlin Gang","floor":14,"turns":5},{"damage":61,"enemies":"Hexaghost","floor":16,"turns":11}],"seed_played":"-950115578289361342","potions_obtained":[{"floor":3,"key":"GamblersBrew"},{"floor":6,"key":"Strength Potion"},{"floor":8,"key":"Weak Potion"}],"is_trial":false,"path_per_floor":["M","?","M","M","M","E","$","E","T","R","M","R","M","M","R","B"],"character_chosen":"IRONCLAD","items_purchased":["Heavy Blade+1","Shrug It Off"],"campfire_rested":2,"item_purchase_floors":[7,7],"current_hp_per_floor":[75,75,80,79,51,33,33,20,20,59,61,61,46,20,59,0],"gold":167,"neow_bonus":"TRANSFORM_CARD","is_prod":false,"is_daily":false,"chose_seed":false,"campfire_upgraded":1,"win_rate":0,"timestamp":1554441737,"path_taken":["M","?","M","M","M","E","$","E","T","R","M","R","?","M","R","BOSS"],"build_version":"2019-01-23","purchased_purges":1,"victory":false,"max_hp_per_floor":[80,80,80,80,80,80,80,80,80,80,80,80,80,80,80,80],"card_choices":[{"not_picked":["Wild Strike","Flex"],"picked":"Pommel Strike","floor":1},{"not_picked":["Metallicize","Carnage"],"picked":"Shrug It Off","floor":3},{"not_picked":["Dropkick","Searing Blow","Twin Strike"],"picked":"SKIP","floor":4},{"not_picked":["Disarm","Immolate"],"picked":"Pommel Strike","floor":5},{"not_picked":["Thunderclap","Anger"],"picked":"Shrug It Off","floor":6},{"not_picked":["Clash+1","Carnage+1"],"picked":"Flex","floor":8},{"not_picked":["Twin Strike+1","Sword Boomerang+1"],"picked":"Carnage+1","floor":11},{"not_picked":["Bloodletting","Havoc","Flame Barrier"],"picked":"SKIP","floor":13},{"not_picked":["Flame Barrier","Rampage+1"],"picked":"Seeing Red","floor":14}],"player_experience":90023,"relics_obtained":[{"floor":6,"key":"Molten Egg 2"},{"floor":8,"key":"Letter Opener"},{"floor":9,"key":"Regal Pillow"}],"event_choices":[{"cards_removed":["Bash"],"damage_healed":0,"gold_gain":0,"player_choice":"Purged","damage_taken":0,"max_hp_gain":0,"max_hp_loss":0,"event_name":"Purifier","floor":2,"gold_loss":0}],"is_beta":false,"boss_relics":[],"items_purged_floors":[7],"is_endless":false,"potions_floor_spawned":[3,6,8,14],"killed_by":"Hexaghost","ascension_level":2}