{"gold_per_floor":[363,381,153,165,178,210,210,235,235,235,269,269,324,324,324,324],"floor_reached":16,"playtime":1141,"items_purged":[],"score":224,"play_id":"445110a9-9437-48ec-91cd-d99089ce3dfc","local_time":"20190619171341","is_ascension_mode":true,"campfire_choices":[{"floor":7,"key":"REST"},{"floor":10,"key":"REST"},{"data":"Armaments","floor":12,"key":"SMITH"},{"floor":15,"key":"REST"}],"neow_cost":"PERCENT_DAMAGE","seed_source_timestamp":180376308242949,"circlet_count":0,"master_deck":["AscendersBane","Strike_R","Strike_R","Strike_R","Strike_R","Strike_R","Defend_R","Defend_R+1","Defend_R","Defend_R","Bash","Armaments+1","Clothesline","Ghostly Armor","Sword Boomerang","Spot Weakness","Disarm+1","Havoc"],"relics":["Burning Blood","Sling","Charon\u0027s Ashes","Omamori","War Paint","Sundial","Turnip","Juzu Bracelet"],"potions_floor_usage":[11,13,16],"damage_taken":[{"damage":9,"enemies":"Jaw Worm","floor":1,"turns":5},{"damage":15,"enemies":"Small Slimes","floor":2,"turns":5},{"damage":2,"enemies":"Cultist","floor":4,"turns":4},{"damage":6,"enemies":"Looter","floor":5,"turns":5},{"damage":19,"enemies":"Gremlin Nob","floor":6,"turns":4},{"damage":17,"enemies":"3 Sentries","floor":8,"turns":6},{"damage":23,"enemies":"Lagavulin","floor":11,"turns":8},{"damage":23,"enemies":"Gremlin Nob","floor":13,"turns":5},{"damage":53,"enemies":"Slime Boss","floor":16,"turns":12}],"seed_played":"-5228424228511741657","potions_obtained":[{"floor":4,"key":"SteroidPotion"},{"floor":6,"key":"SneckoOil"},{"floor":11,"key":"Block Potion"}],"is_trial":false,"path_per_floor":["M","M","$","M","M","E","R","E","T","R","E","R","?","?","R","B"],"character_chosen":"IRONCLAD","items_purchased":["Sling"],"campfire_rested":3,"item_purchase_floors":[3],"current_hp_per_floor":[47,38,38,42,42,29,51,40,40,62,45,45,28,28,50,0],"gold":324,"neow_bonus":"TWO_FIFTY_GOLD","is_prod":false,"is_daily":false,"chose_seed":false,"campfire_upgraded":1,"win_rate":0,"timestamp":1560975221,"path_taken":["M","M","$","M","M","E","R","E","T","R","E","R","?","?","R","BOSS"],"build_version":"2019-01-23","purchased_purges":0,"victory":false,"max_hp_per_floor":[75,75,75,75,75,75,75,75,75,75,75,75,75,75,75,75],"card_choices":[{"not_picked":["True Grit","Pommel Strike"],"picked":"Armaments","floor":1},{"not_picked":["Shrug It Off","Havoc"],"picked":"Clothesline","floor":2},{"not_picked":["Perfected Strike","Blood for Blood"],"picked":"Ghostly Armor","floor":4},{"not_picked":["Searing Blow","Seeing Red"],"picked":"Sword Boomerang","floor":5},{"not_picked":["Anger","Sword Boomerang"],"picked":"Spot Weakness","floor":6},{"not_picked":["Evolve","Flex"],"picked":"Disarm","floor":8},{"not_picked":["Juggernaut","Ghostly Armor","Rage"],"picked":"SKIP","floor":11},{"not_picked":["Clothesline","Warcry"],"picked":"Havoc","floor":13}],"player_experience":1102277,"relics_obtained":[{"floor":6,"key":"Charon\u0027s Ashes"},{"floor":8,"key":"Omamori"},{"floor":9,"key":"War Paint"},{"floor":11,"key":"Sundial"},{"floor":13,"key":"Turnip"}],"event_choices":[{"damage_healed":0,"gold_gain":0,"player_choice":"Searched \u00271\u0027 times","damage_taken":0,"max_hp_gain":0,"max_hp_loss":0,"event_name":"Dead Adventurer","floor":13,"gold_loss":0},{"damage_healed":0,"gold_gain":0,"player_choice":"Box","damage_taken":0,"relics_obtained":["Juzu Bracelet"],"max_hp_gain":0,"max_hp_loss":0,"event_name":"Big Fish","floor":14,"gold_loss":0,"cards_obtained":["Regret"]}],"is_beta":false,"boss_relics":[],"items_purged_floors":[],"is_endless":false,"potions_floor_spawned":[4,6,11],"killed_by":"Slime Boss","ascension_level":18}