{"gold_per_floor":[117,42,42,42,42,42,42,103,103,103,3,18,18,38,38,134,134,150,150,75,90,105,105,105,118,118,18,38,54,74,90,90,187,187,201,201,227,177,177,197,209,209,262,274,274,286,286,302,302,302],"floor_reached":50,"playtime":846,"items_purged":["Defend_R","Strike_R","Strike_R","Injury"],"score":444,"play_id":"7854c5b9-30fd-441d-9b3e-92c39f591f7e","local_time":"20190419103813","is_ascension_mode":false,"campfire_choices":[{"data":"Flex","floor":6.0,"key":"SMITH"},{"data":"Whirlwind","floor":13.0,"key":"SMITH"},{"floor":15.0,"key":"REST"},{"floor":23.0,"key":"REST"},{"floor":32.0,"key":"REST"},{"floor":42.0,"key":"REST"},{"floor":45.0,"key":"REST"},{"floor":49,"key":"REST"}],"neow_cost":"NONE","seed_source_timestamp":674181678154787,"circlet_count":0,"master_deck":["Strike_R","Strike_R+1","Defend_R+1","Bash","Flex+1","Whirlwind+1","Heavy Blade","Master of Strategy","Writhe"],"special_seed":0,"relics":["Burning Blood","Tiny Chest","Darkstone Periapt","Busted Crown","Smiling Mask","Cursed Key","Dream Catcher","Oddly Smooth Stone"],"potions_floor_usage":[50],"damage_taken":[{"damage":11.0,"enemies":"Jaw Worm","floor":1.0,"turns":2.0},{"damage":18.0,"enemies":"Lagavulin","floor":8.0,"turns":3.0},{"damage":0.0,"enemies":"2 Louse","floor":12.0,"turns":1.0},{"damage":5.0,"enemies":"Small Slimes","floor":14.0,"turns":2.0},{"damage":70.0,"enemies":"Hexaghost","floor":16.0,"turns":9.0},{"damage":30.0,"enemies":"2 Thieves","floor":18.0,"turns":3.0},{"damage":0.0,"enemies":"3 Byrds","floor":21.0,"turns":2.0},{"damage":10.0,"enemies":"Cultist and Chosen","floor":22.0,"turns":3.0},{"damage":20.0,"enemies":"Centurion and Healer","floor":25.0,"turns":4.0},{"damage":0.0,"enemies":"Snake Plant","floor":28.0,"turns":2.0},{"damage":2.0,"enemies":"Chosen and Byrds","floor":29.0,"turns":4.0},{"damage":7.0,"enemies":"Snecko","floor":30.0,"turns":3.0},{"damage":10.0,"enemies":"Cultist and Chosen","floor":31.0,"turns":2.0},{"damage":77.0,"enemies":"Automaton","floor":33.0,"turns":8.0},{"damage":22.0,"enemies":"Orb Walker","floor":35.0,"turns":3.0},{"damage":0.0,"enemies":"3 Darklings","floor":40.0,"turns":1.0},{"damage":30.0,"enemies":"4 Shapes","floor":41.0,"turns":1.0},{"damage":16.0,"enemies":"Spire Growth","floor":44.0,"turns":3.0},{"damage":11.0,"enemies":"3 Darklings","floor":46.0,"turns":2.0},{"damage":15.0,"enemies":"4 Shapes","floor":48.0,"turns":1.0},{"damage":107,"enemies":"Donu and Deca","floor":50,"turns":5}],"seed_played":"2297234102894510814","potions_obtained":[{"floor":1.0,"key":"AttackPotion"},{"floor":12.0,"key":"Dexterity Potion"},{"floor":21.0,"key":"Weak Potion"},{"floor":29.0,"key":"SkillPotion"},{"floor":30.0,"key":"GamblersBrew"},{"floor":33.0,"key":"Poison Potion"},{"floor":35.0,"key":"Explosive Potion"}],"is_trial":false,"path_per_floor":["M","$","?","?","$","R","?","E","T","?","$","M","R","M","R","B",null,"M","?","?","M","M","R","?","M","T","$","M","M","M","M","R","B",null,"M","?","T","$","?","M","M","R","T","M","R","M","?","M","R","B"],"character_chosen":"IRONCLAD","items_purchased":["Heavy Blade"],"campfire_rested":6,"item_purchase_floors":[27],"current_hp_per_floor":[75,75,75,59,59,59,59,47,47,47,47,53,53,54,78,14,80,56,56,56,62,58,80,65,51,51,51,57,61,60,56,81,10,85,69,69,75,75,75,81,57,84,90,80,97,92,92,83,92,0],"gold":302,"neow_bonus":"REMOVE_CARD","is_prod":false,"is_daily":false,"chose_seed":false,"campfire_upgraded":2,"win_rate":0,"timestamp":1555663093,"path_taken":["M","$","?","?","$","R","?","E","T","?","$","M","R","M","R","BOSS","M","?","?","M","M","R","?","M","T","$","M","M","M","M","R","BOSS","M","?","?","$","?","M","M","R","T","M","R","M","?","M","R","BOSS"],"build_version":"2019-01-23","purchased_purges":4,"victory":false,"max_hp_per_floor":[80,80,80,80,80,80,80,80,80,80,80,80,80,80,80,80,80,80,80,80,80,80,80,85,85,85,85,85,85,85,85,85,85,85,85,85,91,91,91,91,91,91,97,97,97,97,92,92,92,92],"card_choices":[{"not_picked":["Metallicize","Sword Boomerang"],"picked":"Flex","floor":1.0},{"not_picked":["Cleave","Searing Blow"],"picked":"Whirlwind","floor":8.0},{"not_picked":["Reckless Charge","Sword Boomerang","Pummel"],"picked":"SKIP","floor":12.0},{"not_picked":["Dual Wield","Bloodletting","Disarm"],"picked":"SKIP","floor":14.0},{"not_picked":["Clothesline"],"picked":"SKIP","floor":18.0},{"not_picked":["Thunderclap"],"picked":"SKIP","floor":21.0},{"not_picked":["Anger"],"picked":"SKIP","floor":22.0},{"not_picked":["Sentinel"],"picked":"SKIP","floor":25.0},{"not_picked":["Pummel"],"picked":"SKIP","floor":28.0},{"not_picked":["Sword Boomerang"],"picked":"SKIP","floor":29.0},{"not_picked":["Clash"],"picked":"SKIP","floor":30.0},{"not_picked":["True Grit+1"],"picked":"SKIP","floor":31.0},{"not_picked":["Anger+1"],"picked":"SKIP","floor":35.0},{"not_picked":[],"picked":"Master of Strategy","floor":39.0},{"not_picked":["Uppercut+1"],"picked":"SKIP","floor":40.0},{"not_picked":["Cleave"],"picked":"SKIP","floor":41.0},{"not_picked":["Twin Strike+1"],"picked":"SKIP","floor":44.0},{"not_picked":["True Grit+1"],"picked":"SKIP","floor":46.0},{"not_picked":["Rage+1"],"picked":"SKIP","floor":48.0}],"player_experience":126491,"relics_obtained":[{"floor":8.0,"key":"Tiny Chest"},{"floor":9.0,"key":"Darkstone Periapt"},{"floor":26.0,"key":"Smiling Mask"},{"floor":37.0,"key":"Dream Catcher"},{"floor":43.0,"key":"Oddly Smooth Stone"}],"event_choices":[{"cards_removed":["Defend_R"],"damage_healed":0.0,"max_hp_gain":0.0,"max_hp_loss":0.0,"gold_gain":0.0,"event_name":"Living Wall","player_choice":"Forget","floor":3.0,"gold_loss":0.0,"damage_taken":0.0},{"damage_healed":0.0,"max_hp_gain":0.0,"max_hp_loss":0.0,"gold_gain":0.0,"event_name":"Shining Light","player_choice":"Entered Light","floor":4.0,"gold_loss":0.0,"damage_taken":16.0,"cards_upgraded":["Strike_R","Defend_R"]},{"damage_healed":0.0,"max_hp_gain":0.0,"max_hp_loss":0.0,"gold_gain":0.0,"event_name":"Liars Game","player_choice":"Ignored","floor":7.0,"gold_loss":0.0,"damage_taken":0.0},{"damage_healed":0.0,"max_hp_gain":0.0,"max_hp_loss":0.0,"gold_gain":0.0,"event_name":"Scrap Ooze","player_choice":"Fled","floor":10.0,"gold_loss":0.0,"damage_taken":0.0},{"damage_healed":0.0,"max_hp_gain":0.0,"max_hp_loss":0.0,"gold_gain":0.0,"event_name":"Ghosts","player_choice":"Ignored","floor":19.0,"gold_loss":0.0,"damage_taken":0.0},{"cards_removed":["Strike_R"],"damage_healed":0.0,"max_hp_gain":0.0,"max_hp_loss":0.0,"gold_gain":0.0,"event_name":"Beggar","player_choice":"Gave Gold","floor":20.0,"gold_loss":75.0,"damage_taken":0.0},{"damage_healed":0.0,"max_hp_gain":5.0,"max_hp_loss":0.0,"gold_gain":0.0,"event_name":"Forgotten Altar","player_choice":"Shed Blood","floor":24.0,"gold_loss":0.0,"damage_taken":20.0},{"damage_healed":0.0,"max_hp_gain":0.0,"max_hp_loss":0.0,"gold_gain":0.0,"event_name":"Mysterious Sphere","player_choice":"Ignored","floor":36.0,"gold_loss":0.0,"damage_taken":0.0},{"damage_healed":0.0,"max_hp_gain":0.0,"max_hp_loss":0.0,"gold_gain":0.0,"event_name":"SensoryStone","player_choice":"Memory 1","floor":39.0,"gold_loss":0.0,"damage_taken":0.0},{"damage_healed":0.0,"max_hp_gain":0.0,"max_hp_loss":5.0,"gold_gain":0.0,"event_name":"Winding Halls","player_choice":"Max HP","floor":47.0,"gold_loss":0.0,"damage_taken":0.0}],"is_beta":false,"boss_relics":[{"not_picked":["Runic Pyramid","Coffee Dripper"],"picked":"Busted Crown"},{"not_picked":["Orrery","Snecko Eye"],"picked":"Cursed Key"}],"items_purged_floors":[2,11,27,38],"is_endless":false,"potions_floor_spawned":[1,12,21,29,30,33,35,41,46,48],"killed_by":"Donu and Deca","ascension_level":0}