{"gold_per_floor":[118,129,129,142,153,153,186,197,221,221,186,186,212,73,73,149,149,169,94,0,0,17,42,42,42],"floor_reached":25,"playtime":1177,"items_purged":[],"score":435,"play_id":"bb7a3b6d-123c-4b90-97c7-7cf0eeb427a8","local_time":"20190619133129","is_ascension_mode":true,"campfire_choices":[{"data":"Rampage","floor":6,"key":"SMITH"},{"floor":10,"key":"REST"},{"floor":15,"key":"REST"},{"floor":24,"key":"REST"}],"neow_cost":"NONE","seed_source_timestamp":167008483234372,"circlet_count":0,"master_deck":["AscendersBane","Strike_R+1","Strike_R+1","Strike_R+1","Strike_R+1","Defend_R+1","Defend_R+1","Defend_R+1","Defend_R+1","Bash","Rampage+1","Second Wind","Reaper+1","Bash","Anger","Armaments","Clothesline+1","True Grit","Juggernaut","Feel No Pain","Thunderclap"],"relics":["Burning Blood","Darkstone Periapt","Strawberry","Bronze Scales","Whetstone","Tiny Chest","Snecko Eye","WingedGreaves"],"potions_floor_usage":[2,13,16,23,23,25],"damage_taken":[{"damage":9,"enemies":"Jaw Worm","floor":1,"turns":4},{"damage":1,"enemies":"Cultist","floor":2,"turns":3},{"damage":19,"enemies":"Small Slimes","floor":4,"turns":3},{"damage":7,"enemies":"Looter","floor":5,"turns":4},{"damage":32,"enemies":"Gremlin Nob","floor":7,"turns":4},{"damage":40,"enemies":"Large Slime","floor":8,"turns":9},{"damage":35,"enemies":"3 Sentries","floor":13,"turns":8},{"damage":43,"enemies":"Slime Boss","floor":16,"turns":9},{"damage":21,"enemies":"Spheric Guardian","floor":18,"turns":4},{"damage":10,"enemies":"Chosen","floor":22,"turns":5},{"damage":9,"enemies":"Book of Stabbing","floor":23,"turns":4},{"damage":95,"enemies":"Gremlin Leader","floor":25,"turns":7}],"seed_played":"-4399237804500026144","potions_obtained":[{"floor":1,"key":"AttackPotion"},{"floor":7,"key":"Explosive Potion"},{"floor":13,"key":"Strength Potion"},{"floor":22,"key":"EntropicBrew"},{"floor":23,"key":"FearPotion"}],"is_trial":false,"path_per_floor":["M","M","?","M","M","R","E","M","T","R","?","?","E","$","R","B",null,"M","?","?","?","M","E","R","E"],"character_chosen":"IRONCLAD","items_purchased":["Tiny Chest"],"campfire_rested":3,"item_purchase_floors":[14],"current_hp_per_floor":[65,70,70,57,56,56,36,8,15,39,59,54,40,40,64,41,72,57,57,57,57,60,62,82,0],"gold":42,"neow_bonus":"THREE_CARDS","is_prod":false,"is_daily":false,"chose_seed":false,"campfire_upgraded":1,"win_rate":0,"timestamp":1560961889,"path_taken":["M","M","?","M","?","R","E","?","T","R","?","?","E","$","R","BOSS","M","?","?","?","?","E","R","E"],"build_version":"2019-01-23","purchased_purges":0,"victory":false,"max_hp_per_floor":[75,75,75,75,75,75,75,75,82,82,82,82,82,82,82,82,82,82,82,82,82,82,82,82,82],"card_choices":[{"not_picked":["Perfected Strike","Flex"],"picked":"Rampage","floor":0},{"not_picked":["Entrench","Flex"],"picked":"Second Wind","floor":1},{"not_picked":["Perfected Strike","Clash"],"picked":"Reaper","floor":2},{"not_picked":["Dual Wield","Power Through","Wild Strike"],"picked":"SKIP","floor":4},{"not_picked":["Wild Strike","Warcry","Sword Boomerang"],"picked":"SKIP","floor":5},{"not_picked":["Wild Strike","Blood for Blood"],"picked":"Armaments","floor":7},{"not_picked":["Fire Breathing","Evolve"],"picked":"Clothesline","floor":8},{"not_picked":["Bludgeon","Sentinel"],"picked":"True Grit","floor":13},{"not_picked":["Berserk","Limit Break"],"picked":"Juggernaut","floor":16},{"not_picked":["Pommel Strike","Bloodletting"],"picked":"Feel No Pain","floor":18},{"not_picked":["Rupture","Sever Soul+1","Blood for Blood"],"picked":"SKIP","floor":22},{"not_picked":["Rage","Barricade"],"picked":"Thunderclap","floor":23}],"player_experience":1101100,"relics_obtained":[{"floor":7,"key":"Darkstone Periapt"},{"floor":9,"key":"Strawberry"},{"floor":13,"key":"Whetstone"},{"floor":23,"key":"WingedGreaves"}],"event_choices":[{"damage_healed":0,"gold_gain":0,"player_choice":"2 cards matched","damage_taken":0,"max_hp_gain":0,"max_hp_loss":0,"event_name":"Match and Keep!","floor":3,"gold_loss":0,"cards_obtained":["Bash","Anger"]},{"damage_healed":20,"gold_gain":0,"player_choice":"Healed","damage_taken":0,"max_hp_gain":0,"max_hp_loss":0,"event_name":"The Cleric","floor":11,"gold_loss":35},{"damage_healed":0,"gold_gain":0,"player_choice":"Success","damage_taken":5,"relics_obtained":["Bronze Scales"],"max_hp_gain":0,"max_hp_loss":0,"event_name":"Scrap Ooze","floor":12,"gold_loss":0},{"cards_removed":["Strike_R"],"damage_healed":0,"gold_gain":0,"player_choice":"Gave Gold","damage_taken":0,"max_hp_gain":0,"max_hp_loss":0,"event_name":"Beggar","floor":19,"gold_loss":75},{"damage_healed":0,"gold_gain":0,"player_choice":"Paid Fearfully","damage_taken":0,"max_hp_gain":0,"max_hp_loss":0,"event_name":"Masked Bandits","floor":20,"gold_loss":94},{"damage_healed":0,"gold_gain":0,"player_choice":"Simplicity","damage_taken":0,"max_hp_gain":0,"max_hp_loss":0,"event_name":"Back to Basics","floor":21,"gold_loss":0,"cards_upgraded":["Strike_R","Strike_R","Strike_R","Strike_R","Defend_R","Defend_R","Defend_R","Defend_R"]}],"is_beta":false,"boss_relics":[{"not_picked":["Eternal Feather","Busted Crown"],"picked":"Snecko Eye"}],"items_purged_floors":[],"is_endless":false,"potions_floor_spawned":[1,7,13,22,23],"killed_by":"Gremlin Leader","ascension_level":18}