{"gold_per_floor":[113,113,113,124,124,162,178,178,178,214,227,227,250,264,264,388,388,406,406,430,355,369,369,385,385,385,285,318,318,193,208,208,333,333,351,351,201,217,231,231],"floor_reached":40,"playtime":1113,"items_purged":["Strike_R","Defend_R","Strike_R","Defend_R+1"],"score":423,"play_id":"9eafb3cf-8ac5-41ad-8dea-679d7015f382","local_time":"20190421155430","is_ascension_mode":false,"campfire_choices":[{"data":"Bash","floor":8.0,"key":"SMITH"},{"floor":12.0,"key":"REST"},{"data":"Clash","floor":15.0,"key":"SMITH"},{"floor":23,"key":"REST"},{"data":"Defend_R","floor":25,"key":"SMITH"},{"floor":32,"key":"REST"}],"neow_cost":"NONE","seed_source_timestamp":917683926412428,"circlet_count":0,"master_deck":["Strike_R","Strike_R","Bash+1","Clash+1","Shrug It Off+1"],"special_seed":0,"relics":["Burning Blood","NeowsBlessing","Golden Idol","Frozen Egg 2","Bag of Marbles","Happy Flower","Runic Dome","Toxic Egg 2","Red Mask","Coffee Dripper"],"potions_floor_usage":[28,33,33,33,40],"damage_taken":[{"damage":0.0,"enemies":"Small Slimes","floor":1.0,"turns":1.0},{"damage":0.0,"enemies":"Jaw Worm","floor":4.0,"turns":1.0},{"damage":0.0,"enemies":"3 Sentries","floor":6.0,"turns":1.0},{"damage":8.0,"enemies":"2 Louse","floor":7.0,"turns":3.0},{"damage":28.0,"enemies":"Gremlin Nob","floor":10.0,"turns":4.0},{"damage":5.0,"enemies":"Exordium Wildlife","floor":11.0,"turns":3.0},{"damage":8.0,"enemies":"Gremlin Gang","floor":13.0,"turns":3.0},{"damage":10.0,"enemies":"Looter","floor":14.0,"turns":2.0},{"damage":23,"enemies":"Slime Boss","floor":16,"turns":8},{"damage":14,"enemies":"Shell Parasite","floor":18,"turns":3},{"damage":8,"enemies":"3 Byrds","floor":20,"turns":5},{"damage":19,"enemies":"Cultist and Chosen","floor":22,"turns":6},{"damage":18,"enemies":"Snake Plant","floor":24,"turns":3},{"damage":14,"enemies":"Masked Bandits","floor":28,"turns":4},{"damage":0,"enemies":"Centurion and Healer","floor":31,"turns":3},{"damage":74,"enemies":"Champ","floor":33,"turns":11},{"damage":27,"enemies":"Orb Walker","floor":35,"turns":4},{"damage":20,"enemies":"3 Shapes","floor":38,"turns":3},{"damage":35,"enemies":"Writhing Mass","floor":39,"turns":5},{"damage":18,"enemies":"Reptomancer","floor":40,"turns":4}],"seed_played":"-3605836331625024470","potions_obtained":[{"floor":1.0,"key":"Strength Potion"},{"floor":6.0,"key":"BloodPotion"},{"floor":10.0,"key":"Strength Potion"},{"floor":13.0,"key":"Block Potion"},{"floor":16,"key":"EssenceOfSteel"},{"floor":20,"key":"Block Potion"},{"floor":24,"key":"Fire Potion"},{"floor":31,"key":"Fire Potion"},{"floor":33,"key":"Weak Potion"},{"floor":38,"key":"SpeedPotion"}],"is_trial":false,"path_per_floor":["M","?","?","M","?","E","M","R","T","E","M","R","M","M","R","B",null,"M","?","M","$","M","R","M","R","T","$","?","?","$","M","R","B",null,"M","?","$","M","M","E"],"character_chosen":"IRONCLAD","items_purchased":[],"campfire_rested":3,"item_purchase_floors":[],"current_hp_per_floor":[80,80,73,79,59,65,63,63,63,49,50,74,72,68,68,51,80,72,72,70,70,57,80,68,68,68,68,60,60,60,66,80,12,80,59,59,59,45,16,0],"gold":231,"neow_bonus":"THREE_ENEMY_KILL","is_prod":false,"is_daily":false,"chose_seed":false,"campfire_upgraded":3,"win_rate":0,"timestamp":1555854870,"path_taken":["M","?","?","M","?","E","M","R","T","E","?","R","?","M","R","BOSS","M","?","M","$","M","R","M","R","T","$","?","?","?","M","R","BOSS","M","?","$","M","M","E"],"build_version":"2019-01-23","purchased_purges":4,"victory":false,"max_hp_per_floor":[80,80,80,80,80,80,80,80,80,80,80,80,80,80,80,80,80,80,80,80,80,80,80,80,80,80,80,80,80,80,80,80,80,80,80,80,80,80,80,80],"card_choices":[{"not_picked":["Uppercut","Sword Boomerang","Armaments"],"picked":"SKIP","floor":1.0},{"not_picked":["Shockwave","Sword Boomerang","Thunderclap"],"picked":"SKIP","floor":4.0},{"not_picked":["Intimidate","Wild Strike","Corruption"],"picked":"SKIP","floor":6.0},{"not_picked":["Ghostly Armor","Perfected Strike","Carnage"],"picked":"SKIP","floor":7.0},{"not_picked":["Barricade+1","Ghostly Armor","Flex"],"picked":"SKIP","floor":10.0},{"not_picked":["Iron Wave","Heavy Blade","True Grit"],"picked":"SKIP","floor":11.0},{"not_picked":["Wild Strike","Clothesline","Thunderclap"],"picked":"SKIP","floor":13.0},{"not_picked":["Dual Wield","Heavy Blade"],"picked":"Clash","floor":14.0},{"not_picked":["Body Slam","Spot Weakness","Rampage"],"picked":"SKIP","floor":18},{"not_picked":["Metallicize+1","Second Wind+1","Perfected Strike"],"picked":"SKIP","floor":20},{"not_picked":["Heavy Blade+1","Headbutt","Clothesline+1"],"picked":"SKIP","floor":22},{"not_picked":["Whirlwind+1","Armaments","Pommel Strike"],"picked":"SKIP","floor":24},{"not_picked":["Body Slam","True Grit+1"],"picked":"Shrug It Off+1","floor":28},{"not_picked":["Rupture+1","Heavy Blade","Intimidate+1"],"picked":"SKIP","floor":31},{"not_picked":["True Grit+1","Pommel Strike+1","Whirlwind"],"picked":"SKIP","floor":35},{"not_picked":["Pommel Strike","Body Slam","Thunderclap"],"picked":"SKIP","floor":38},{"not_picked":["Headbutt","Thunderclap","Fire Breathing+1"],"picked":"SKIP","floor":39}],"player_experience":137385,"relics_obtained":[{"floor":6.0,"key":"Frozen Egg 2"},{"floor":9.0,"key":"Bag of Marbles"},{"floor":10.0,"key":"Happy Flower"},{"floor":26,"key":"Toxic Egg 2"},{"floor":28,"key":"Red Mask"}],"event_choices":[{"damage_healed":0.0,"max_hp_gain":0.0,"max_hp_loss":0.0,"gold_gain":0.0,"event_name":"Liars Game","player_choice":"Ignored","floor":2.0,"gold_loss":0.0,"damage_taken":0.0},{"cards_removed":["Defend_R"],"damage_healed":0.0,"max_hp_gain":0.0,"max_hp_loss":0.0,"gold_gain":0.0,"event_name":"Golden Wing","player_choice":"Card Removal","floor":3.0,"gold_loss":0.0,"damage_taken":7.0},{"damage_healed":0.0,"max_hp_gain":0.0,"max_hp_loss":0.0,"gold_gain":0.0,"event_name":"Golden Idol","player_choice":"Take Damage","floor":5.0,"gold_loss":0.0,"damage_taken":20.0,"relics_obtained":["Golden Idol"]},{"damage_healed":0,"gold_gain":0,"player_choice":"Ignored","damage_taken":0,"max_hp_gain":0,"max_hp_loss":0,"event_name":"The Mausoleum","floor":19,"gold_loss":0},{"damage_healed":0,"gold_gain":0,"player_choice":"Fought Bandits","damage_taken":0,"max_hp_gain":0,"max_hp_loss":0,"event_name":"Masked Bandits","floor":28,"gold_loss":0},{"cards_removed":["Defend_R"],"damage_healed":0,"gold_gain":0,"player_choice":"Elegance","damage_taken":0,"max_hp_gain":0,"max_hp_loss":0,"event_name":"Back to Basics","floor":29,"gold_loss":0},{"cards_removed":["Strike_R"],"damage_healed":0,"gold_gain":0,"player_choice":"Removed Attack","damage_taken":0,"max_hp_gain":0,"max_hp_loss":0,"event_name":"Falling","floor":36,"gold_loss":0}],"is_beta":false,"boss_relics":[{"not_picked":["Black Star","Snecko Eye"],"picked":"Runic Dome"},{"not_picked":["Calling Bell","Cursed Key"],"picked":"Coffee Dripper"}],"items_purged_floors":[21,27,30,37],"is_endless":false,"potions_floor_spawned":[1,6,10,13,16,20,24,31,33,38],"killed_by":"Reptomancer","ascension_level":0}