{"gold_per_floor":[118,129,79,79,39,74,74,113,137,161,161,195,195,72,72,196,196,219,219,35,48,67,103,103,124,171,171,192,210,210,244,244,370,370,383,101,434,450,465,496,496,496,572,37,54,87,87,113,113,113],"floor_reached":50,"playtime":4986,"items_purged":["Strike_B","Strike_B","Strike_B","Defend_B"],"score":611,"play_id":"bce5aa33-fa2e-4b8d-ada4-ef904ef3966b","local_time":"20181120082527","is_ascension_mode":false,"campfire_choices":[{"floor":7.0,"key":"REST"},{"floor":13.0,"key":"REST"},{"data":"Hologram","floor":15.0,"key":"SMITH"},{"floor":24.0,"key":"REST"},{"data":"Static Discharge","floor":27.0,"key":"SMITH"},{"floor":30.0,"key":"REST"},{"data":"Consume","floor":32.0,"key":"SMITH"},{"floor":41.0,"key":"REST"},{"floor":47.0,"key":"REST"},{"floor":49,"key":"REST"}],"neow_cost":"NONE","seed_source_timestamp":0,"circlet_count":0,"master_deck":["Defend_B","Defend_B","Defend_B","Zap","Dualcast","Static Discharge+1","Tempest","Auto Shields","Barrage+1","Leap","Ball Lightning+1","Hologram+1","Hologram+1","Static Discharge+1","Leap","Go for the Eyes+1","Consume+1","Leap+1","Rebound+1","Streamline+1","Loop","Static Discharge","BootSequence+1","Self Repair+1"],"special_seed":0,"relics":["Cracked Core","Bronze Scales","Orichalcum","Regal Pillow","Anchor","Letter Opener","Busted Crown","Darkstone Periapt","Oddly Smooth Stone","Boot","Ginger","Inserter","Whetstone","Strawberry","Tiny Chest","Calipers","Bag of Marbles","Sundial"],"potions_floor_usage":[48,50],"damage_taken":[{"damage":5.0,"enemies":"2 Louse","floor":1.0,"turns":2.0},{"damage":0.0,"enemies":"Small Slimes","floor":2.0,"turns":4.0},{"damage":30.0,"enemies":"3 Sentries","floor":6.0,"turns":5.0},{"damage":17.0,"enemies":"Gremlin Nob","floor":8.0,"turns":4.0},{"damage":1.0,"enemies":"Cultist","floor":10.0,"turns":3.0},{"damage":8.0,"enemies":"Lagavulin","floor":12.0,"turns":6.0},{"damage":22.0,"enemies":"Slime Boss","floor":16.0,"turns":8.0},{"damage":1.0,"enemies":"Shell Parasite","floor":18.0,"turns":4.0},{"damage":5.0,"enemies":"Spheric Guardian","floor":21.0,"turns":3.0},{"damage":10.0,"enemies":"3 Cultists","floor":22.0,"turns":5.0},{"damage":38.0,"enemies":"Gremlin Leader","floor":23.0,"turns":4.0},{"damage":3.0,"enemies":"Chosen and Byrds","floor":25.0,"turns":4.0},{"damage":16.0,"enemies":"Sentry and Sphere","floor":28.0,"turns":4.0},{"damage":11.0,"enemies":"Snake Plant","floor":29.0,"turns":3.0},{"damage":5.0,"enemies":"Slavers","floor":31.0,"turns":4.0},{"damage":32.0,"enemies":"Champ","floor":33.0,"turns":8.0},{"damage":0.0,"enemies":"Orb Walker","floor":35.0,"turns":3.0},{"damage":1.0,"enemies":"3 Shapes","floor":38.0,"turns":5.0},{"damage":17.0,"enemies":"Maw","floor":39.0,"turns":6.0},{"damage":45.0,"enemies":"Giant Head","floor":40.0,"turns":9.0},{"damage":10.0,"enemies":"4 Shapes","floor":45.0,"turns":4.0},{"damage":43.0,"enemies":"Reptomancer","floor":46.0,"turns":5.0},{"damage":21,"enemies":"Nemesis","floor":48,"turns":7},{"damage":72,"enemies":"Awakened One","floor":50,"turns":6}],"seed_played":"-6131916340424332864","potions_obtained":[{"floor":1.0,"key":"Weak Potion"},{"floor":8.0,"key":"Strength Potion"},{"floor":10.0,"key":"GamblersBrew"},{"floor":16.0,"key":"Energy Potion"},{"floor":22.0,"key":"FearPotion"},{"floor":25.0,"key":"Strength Potion"},{"floor":29.0,"key":"Strength Potion"},{"floor":31.0,"key":"Energy Potion"},{"floor":35.0,"key":"Energy Potion"},{"floor":39.0,"key":"FearPotion"},{"floor":40.0,"key":"Poison Potion"},{"floor":45.0,"key":"Fire Potion"}],"is_trial":false,"path_per_floor":["M","M","M","?","?","$","E","R","E","T","M","?","E","R","$","R","B",null,"M","?","$","M","M","M","E","R","M","T","R","M","M","R","E","E","R","B",null,"M","$","?","M","M","E","R","?","T","$","M","E","R","E","R","B"],"character_chosen":"DEFECT","items_purchased":["Lockon","Hologram","Static Discharge","Leap","Whetstone","Static Discharge","Calipers","SpeedPotion"],"campfire_rested":7,"item_purchase_floors":[5,14,20,20,36,44,44,44],"current_hp_per_floor":[70,70,70,52,52,22,44,27,27,26,26,18,55,55,55,33,75,74,74,74,69,59,21,58,55,55,55,39,28,65,60,60,28,75,75,75,75,74,57,19,58,58,58,58,48,5,44,23,62,0],"gold":113,"neow_bonus":"RANDOM_COMMON_RELIC","is_prod":false,"is_daily":false,"chose_seed":false,"campfire_upgraded":3,"win_rate":0.0,"timestamp":1542731127,"path_taken":["M","M","?","?","$","E","R","E","T","M","?","E","R","?","R","BOSS","M","?","$","M","M","E","R","?","T","R","M","M","R","E","R","BOSS","M","$","?","M","M","E","R","?","T","$","M","E","R","E","R","BOSS"],"build_version":"2018-11-15","purchased_purges":4,"victory":false,"max_hp_per_floor":[75,75,75,75,75,75,75,75,75,75,75,75,75,75,75,75,75,75,75,75,75,75,75,75,75,75,75,75,75,75,75,75,75,75,75,75,75,75,75,82,82,82,82,82,82,82,82,82,82,82],"card_choices":[{"not_picked":["FTL","Coolheaded"],"picked":"Static Discharge","floor":1.0},{"not_picked":["Doom and Gloom","Redo"],"picked":"Tempest","floor":2.0},{"not_picked":["Streamline","Static Discharge"],"picked":"Auto Shields","floor":6.0},{"not_picked":["Buffer","Chaos"],"picked":"Barrage","floor":8.0},{"not_picked":["Turbo","Redo"],"picked":"Leap","floor":10.0},{"not_picked":["Redo","Heatsinks"],"picked":"Ball Lightning","floor":12.0},{"not_picked":[],"picked":"Hologram+1","floor":18.0},{"not_picked":[],"picked":"Go for the Eyes+1","floor":21.0},{"not_picked":[],"picked":"Consume","floor":22.0},{"not_picked":["Steam Power"],"picked":"SKIP","floor":23.0},{"not_picked":[],"picked":"Leap+1","floor":25.0},{"not_picked":["Leap"],"picked":"SKIP","floor":28.0},{"not_picked":[],"picked":"Rebound+1","floor":29.0},{"not_picked":["Go for the Eyes"],"picked":"SKIP","floor":31.0},{"not_picked":["Hologram+1"],"picked":"SKIP","floor":35.0},{"not_picked":["Hologram+1"],"picked":"SKIP","floor":35.0},{"not_picked":["Barrage+1"],"picked":"SKIP","floor":38.0},{"not_picked":[],"picked":"Streamline+1","floor":39.0},{"not_picked":[],"picked":"Loop","floor":40.0},{"not_picked":[],"picked":"BootSequence+1","floor":45.0},{"not_picked":["Storm"],"picked":"SKIP","floor":46.0},{"not_picked":[],"picked":"Self Repair+1","floor":48}],"player_experience":412263,"relics_obtained":[{"floor":6.0,"key":"Orichalcum"},{"floor":8.0,"key":"Regal Pillow"},{"floor":9.0,"key":"Anchor"},{"floor":12.0,"key":"Letter Opener"},{"floor":23.0,"key":"Oddly Smooth Stone"},{"floor":26.0,"key":"Boot"},{"floor":31.0,"key":"Ginger"},{"floor":40.0,"key":"Strawberry"},{"floor":43.0,"key":"Tiny Chest"},{"floor":46.0,"key":"Bag of Marbles"},{"floor":48,"key":"Sundial"}],"event_choices":[{"cards_removed":["Strike_B"],"damage_healed":0.0,"max_hp_gain":0.0,"max_hp_loss":0.0,"gold_gain":0.0,"event_name":"The Cleric","player_choice":"Card Removal","floor":3.0,"gold_loss":50.0,"damage_taken":0.0},{"damage_healed":0.0,"max_hp_gain":0.0,"max_hp_loss":0.0,"gold_gain":0.0,"event_name":"Golden Idol","player_choice":"Take Damage","floor":4.0,"gold_loss":0.0,"damage_taken":18.0,"relics_obtained":["Golden Idol"]},{"damage_healed":0.0,"max_hp_gain":0.0,"max_hp_loss":0.0,"gold_gain":0.0,"event_name":"Living Wall","player_choice":"Grow","floor":11.0,"gold_loss":0.0,"damage_taken":0.0,"cards_upgraded":["Static Discharge"]},{"cards_removed":["Lockon"],"damage_healed":0.0,"max_hp_gain":0.0,"max_hp_loss":0.0,"gold_gain":0.0,"event_name":"WeMeetAgain","player_choice":"Gave Card","floor":19.0,"gold_loss":0.0,"damage_taken":0.0,"relics_obtained":["Darkstone Periapt"]},{"damage_healed":0.0,"max_hp_gain":0.0,"max_hp_loss":0.0,"gold_gain":333.0,"event_name":"The Moai Head","player_choice":"Gave Idol","floor":37.0,"relics_lost":["Golden Idol"],"gold_loss":0.0,"damage_taken":0.0},{"damage_healed":0.0,"max_hp_gain":0.0,"max_hp_loss":0.0,"gold_gain":0.0,"event_name":"Mysterious Sphere","player_choice":"Ignored","floor":42.0,"gold_loss":0.0,"damage_taken":0.0}],"is_beta":false,"boss_relics":[{"not_picked":["Lizard Tail","Snecko Eye"],"picked":"Busted Crown"},{"not_picked":["White Beast Statue","Empty Cage"],"picked":"Inserter"}],"items_purged_floors":[14,20,36,44],"is_endless":false,"potions_floor_spawned":[1,8,10,16,22,25,29,31,35,39,40,45],"killed_by":"Awakened One","ascension_level":0}