{"gold_per_floor":[12,12,12,12,26,26,51,51,51,64,64,83,106,131,131,262,262,282,381,306,320,220,220,320,334,334,334,352,352,367,242,242,371,371,394,394,413,746,596,596,133,133,133,85,117,132,132,150,150,150],"floor_reached":51,"playtime":1020,"items_purged":["Defend_R","Strike_R","Defend_R","Strike_R","Strike_R"],"score":792,"play_id":"e4f46000-04c8-457a-9999-9fdf592ddea3","local_time":"20190419184602","is_ascension_mode":false,"campfire_choices":[{"floor":6.0,"key":"REST"},{"data":"Demon Form","floor":8.0,"key":"SMITH"},{"floor":15.0,"key":"REST"},{"floor":23.0,"key":"REST"},{"floor":27.0,"key":"REST"},{"floor":29.0,"key":"REST"},{"floor":32.0,"key":"REST"},{"floor":40.0,"key":"REST"},{"data":"Flex","floor":42.0,"key":"SMITH"},{"floor":47.0,"key":"REST"},{"floor":49.0,"key":"REST"}],"neow_cost":"NO_GOLD","seed_source_timestamp":755320881106476,"circlet_count":0,"master_deck":["Strike_R","Strike_R","Defend_R","Demon Form+1","Flex+1","Whirlwind","Shrug It Off+1"],"special_seed":0,"relics":["Burning Blood","Bottled Lightning","Velvet Choker","Toxic Egg 2","Busted Crown","Incense Burner","Omamori","Darkstone Periapt"],"potions_floor_usage":[50,50,50],"damage_taken":[{"damage":6.0,"enemies":"Small Slimes","floor":1.0,"turns":4.0},{"damage":4.0,"enemies":"2 Louse","floor":5.0,"turns":3.0},{"damage":16.0,"enemies":"Jaw Worm","floor":7.0,"turns":4.0},{"damage":12.0,"enemies":"Exordium Wildlife","floor":10.0,"turns":3.0},{"damage":16.0,"enemies":"Large Slime","floor":12.0,"turns":4.0},{"damage":35.0,"enemies":"Exordium Thugs","floor":13.0,"turns":6.0},{"damage":16.0,"enemies":"2 Fungi Beasts","floor":14.0,"turns":4.0},{"damage":30.0,"enemies":"Hexaghost","floor":16.0,"turns":8.0},{"damage":40.0,"enemies":"2 Thieves","floor":18.0,"turns":4.0},{"damage":22.0,"enemies":"Spheric Guardian","floor":21.0,"turns":4.0},{"damage":25.0,"enemies":"Snecko","floor":25.0,"turns":4.0},{"damage":25.0,"enemies":"Cultist and Chosen","floor":28.0,"turns":5.0},{"damage":30.0,"enemies":"Snake Plant","floor":30.0,"turns":4.0},{"damage":18.0,"enemies":"Collector","floor":33.0,"turns":6.0},{"damage":14.0,"enemies":"Orb Walker","floor":35.0,"turns":3.0},{"damage":30.0,"enemies":"3 Darklings","floor":37.0,"turns":3.0},{"damage":40.0,"enemies":"Reptomancer","floor":45.0,"turns":5.0},{"damage":0.0,"enemies":"Transient","floor":46.0,"turns":5.0},{"damage":13.0,"enemies":"4 Shapes","floor":48.0,"turns":2.0},{"damage":57,"enemies":"Awakened One","floor":50,"turns":9}],"seed_played":"4804654922845315177","potions_obtained":[{"floor":5.0,"key":"Swift Potion"},{"floor":12.0,"key":"Block Potion"},{"floor":16.0,"key":"Swift Potion"},{"floor":18.0,"key":"Regen Potion"},{"floor":25.0,"key":"SpeedPotion"},{"floor":30.0,"key":"Ancient Potion"},{"floor":33.0,"key":"EssenceOfSteel"},{"floor":45.0,"key":"Weak Potion"}],"is_trial":false,"path_per_floor":["M","?","?","$","M","R","M","R","T","M","$","M","M","M","R","B",null,"M","?","$","M","$","R","?","M","T","R","M","R","M","$","R","B",null,"M","?","M","?","$","R","$","R","T","$","E","M","R","M","R","B",null],"character_chosen":"IRONCLAD","items_purchased":["Incense Burner","Weak Potion"],"campfire_rested":9,"item_purchase_floors":[41,44],"current_hp_per_floor":[80,73,53,53,55,79,69,69,69,63,63,53,24,14,38,14,80,46,46,46,30,30,54,54,35,35,59,54,78,54,54,78,66,80,72,72,48,48,48,72,72,72,72,72,38,44,68,61,80,29],"gold":150,"neow_bonus":"THREE_RARE_CARDS","is_prod":false,"is_daily":false,"chose_seed":false,"campfire_upgraded":2,"win_rate":0,"timestamp":1555692362,"path_taken":["M","?","?","?","M","R","M","R","T","?","$","M","M","M","R","BOSS","M","?","$","M","$","R","?","M","T","R","?","R","M","$","R","BOSS","M","?","M","?","?","R","$","R","T","$","E","M","R","M","R","BOSS"],"build_version":"2019-01-23","purchased_purges":5,"victory":true,"max_hp_per_floor":[80,80,80,80,80,80,80,80,80,80,80,80,80,80,80,80,80,80,80,80,80,80,80,80,80,80,80,80,80,80,80,80,80,80,80,80,80,80,80,80,80,80,80,80,80,80,80,80,80,80],"card_choices":[{"not_picked":["Berserk","Bludgeon"],"picked":"Demon Form","floor":0.0},{"not_picked":["Pommel Strike","Rampage","Cleave"],"picked":"SKIP","floor":1.0},{"not_picked":["Sword Boomerang","Twin Strike","Pommel Strike"],"picked":"SKIP","floor":5.0},{"not_picked":["Blood for Blood","Clash","Body Slam"],"picked":"SKIP","floor":7.0},{"not_picked":["Uppercut","Clothesline","Twin Strike"],"picked":"SKIP","floor":10.0},{"not_picked":["Perfected Strike","Reaper","Anger"],"picked":"SKIP","floor":12.0},{"not_picked":["Uppercut","Pummel","Burning Pact"],"picked":"SKIP","floor":13.0},{"not_picked":["Sword Boomerang","Pommel Strike"],"picked":"Flex","floor":14.0},{"not_picked":["Ghostly Armor","Thunderclap","Anger"],"picked":"SKIP","floor":18.0},{"not_picked":["Disarm+1","Rage","Evolve"],"picked":"SKIP","floor":21.0},{"not_picked":["Ghostly Armor","Cleave+1","Iron Wave+1"],"picked":"SKIP","floor":25.0},{"not_picked":["Anger+1","Thunderclap"],"picked":"Whirlwind","floor":28.0},{"not_picked":["Feel No Pain+1","Metallicize"],"picked":"Shrug It Off+1","floor":30.0},{"not_picked":["Sever Soul"],"picked":"SKIP","floor":35.0},{"not_picked":["Perfected Strike"],"picked":"SKIP","floor":37.0},{"not_picked":["Warcry+1"],"picked":"SKIP","floor":45.0},{"not_picked":["Inflame"],"picked":"SKIP","floor":46.0},{"not_picked":["Sentinel+1"],"picked":"SKIP","floor":48.0}],"player_experience":130004,"relics_obtained":[{"floor":9.0,"key":"Bottled Lightning"},{"floor":26.0,"key":"Toxic Egg 2"},{"floor":43.0,"key":"Omamori"},{"floor":45.0,"key":"Darkstone Periapt"}],"event_choices":[{"cards_removed":["Defend_R"],"damage_healed":0.0,"max_hp_gain":0.0,"max_hp_loss":0.0,"gold_gain":0.0,"event_name":"Golden Wing","player_choice":"Card Removal","floor":2.0,"gold_loss":0.0,"damage_taken":7.0},{"damage_healed":0.0,"max_hp_gain":0.0,"max_hp_loss":0.0,"gold_gain":0.0,"event_name":"Golden Idol","player_choice":"Take Damage","floor":3.0,"gold_loss":0.0,"damage_taken":20.0,"relics_obtained":["Golden Idol"]},{"damage_healed":0.0,"max_hp_gain":0.0,"max_hp_loss":0.0,"gold_gain":99.0,"event_name":"Nest","player_choice":"Stole From Cult","floor":19.0,"gold_loss":0.0,"damage_taken":0.0},{"damage_healed":0.0,"max_hp_gain":0.0,"max_hp_loss":0.0,"gold_gain":100.0,"event_name":"Golden Shrine","player_choice":"Pray","floor":24.0,"gold_loss":0.0,"damage_taken":0.0},{"cards_removed":["Bash"],"damage_healed":0.0,"max_hp_gain":0.0,"max_hp_loss":0.0,"gold_gain":0.0,"event_name":"Falling","player_choice":"Removed Attack","floor":36.0,"gold_loss":0.0,"damage_taken":0.0},{"damage_healed":0.0,"max_hp_gain":0.0,"max_hp_loss":0.0,"gold_gain":333.0,"event_name":"The Moai Head","player_choice":"Gave Idol","floor":38.0,"relics_lost":["Golden Idol"],"gold_loss":0.0,"damage_taken":0.0}],"is_beta":false,"boss_relics":[{"not_picked":["Empty Cage","Black Blood"],"picked":"Velvet Choker"},{"not_picked":["Fusion Hammer","Black Star"],"picked":"Busted Crown"}],"items_purged_floors":[20,22,31,39,41],"is_endless":false,"potions_floor_spawned":[5,12,16,18,25,30,33,45,46],"ascension_level":0}