{"gold_per_floor":[109,122,47,47,2,28,48,48,74,74,86,98,132,132,132,229,229,240,252,252,60,60,60,60],"floor_reached":24,"playtime":996,"items_purged":["Strike_B"],"score":263,"play_id":"1e75dac0-a391-4c8d-9248-55563852db1e","local_time":"20190601084552","is_ascension_mode":true,"campfire_choices":[{"data":"Zap","floor":8,"key":"SMITH"},{"data":"Capacitor","floor":15,"key":"SMITH"},{"data":"Storm","floor":23,"key":"SMITH"}],"neow_cost":"NONE","seed_source_timestamp":1213131345206860,"circlet_count":0,"master_deck":["Strike_B","Strike_B","Strike_B","Defend_B","Defend_B","Defend_B","Zap+1","Dualcast","Ball Lightning+1","Self Repair","Gash","Electrodynamics","Capacitor+1","BootSequence","Hologram+1","Fission","Storm+1","Auto Shields","Decay"],"relics":["Cracked Core","NeowsBlessing","Bag of Marbles","Cables","Velvet Choker","Toy Ornithopter","MutagenicStrength"],"potions_floor_usage":[10,13,16,16,24],"damage_taken":[{"damage":0,"enemies":"Small Slimes","floor":1,"turns":1},{"damage":0,"enemies":"Jaw Worm","floor":2,"turns":1},{"damage":0,"enemies":"Gremlin Nob","floor":6,"turns":1},{"damage":1,"enemies":"Cultist","floor":7,"turns":3},{"damage":0,"enemies":"Large Slime","floor":11,"turns":4},{"damage":8,"enemies":"Blue Slaver","floor":12,"turns":3},{"damage":16,"enemies":"3 Sentries","floor":13,"turns":4},{"damage":45,"enemies":"Hexaghost","floor":16,"turns":10},{"damage":0,"enemies":"3 Byrds","floor":18,"turns":2},{"damage":28,"enemies":"Spheric Guardian","floor":19,"turns":4},{"damage":65,"enemies":"Book of Stabbing","floor":24,"turns":5}],"seed_played":"-257688498491528705","potions_obtained":[{"floor":7,"key":"SkillPotion"},{"floor":10,"key":"Fruit Juice"},{"floor":10,"key":"SteroidPotion"},{"floor":10,"key":"EssenceOfSteel"},{"floor":11,"key":"Poison Potion"},{"floor":18,"key":"Poison Potion"}],"is_trial":false,"path_per_floor":["M","M","$","?","$","E","M","R","T","?","M","M","E","?","R","B",null,"M","M","?","$","?","R","E"],"character_chosen":"DEFECT","items_purchased":["Gash","Toy Ornithopter"],"campfire_rested":0,"item_purchase_floors":[5,21],"current_hp_per_floor":[75,75,75,68,68,75,75,75,75,80,80,79,63,47,47,9,80,80,59,59,59,59,59,0],"gold":60,"neow_bonus":"THREE_ENEMY_KILL","is_prod":false,"is_daily":false,"chose_seed":false,"campfire_upgraded":3,"win_rate":0,"timestamp":1559389552,"path_taken":["M","M","$","?","$","E","M","R","T","?","?","M","E","?","R","BOSS","M","M","?","$","?","R","E"],"build_version":"2019-01-23","purchased_purges":1,"victory":false,"max_hp_per_floor":[75,75,75,75,75,75,75,75,75,80,80,80,80,80,80,80,80,80,80,80,80,80,80,80],"card_choices":[{"not_picked":["Capacitor","Heatsinks"],"picked":"Ball Lightning","floor":1},{"not_picked":["Darkness","Consume"],"picked":"Self Repair","floor":2},{"not_picked":["Cold Snap","Melter"],"picked":"Electrodynamics","floor":6},{"not_picked":["Stack","Redo","Doom and Gloom"],"picked":"SKIP","floor":7},{"not_picked":["Rebound","Barrage"],"picked":"Capacitor","floor":11},{"not_picked":["Darkness","Compile Driver"],"picked":"BootSequence","floor":12},{"not_picked":["Aggregate","Hyperbeam"],"picked":"Hologram","floor":13},{"not_picked":["Seek","Machine Learning"],"picked":"Fission","floor":16},{"not_picked":["Turbo","Ball Lightning"],"picked":"Storm","floor":18},{"not_picked":["Blizzard+1","Gash"],"picked":"Auto Shields","floor":19}],"player_experience":844021,"relics_obtained":[{"floor":6,"key":"Bag of Marbles"},{"floor":13,"key":"Cables"}],"event_choices":[{"cards_removed":["Defend_B"],"damage_healed":0,"gold_gain":0,"player_choice":"Card Removal","damage_taken":7,"max_hp_gain":0,"max_hp_loss":0,"event_name":"Golden Wing","floor":4,"gold_loss":0},{"damage_healed":0,"gold_gain":0,"player_choice":"Got Potions","damage_taken":0,"max_hp_gain":0,"max_hp_loss":0,"event_name":"Lab","floor":10,"gold_loss":0},{"damage_healed":0,"gold_gain":0,"player_choice":"Entered Light","damage_taken":16,"max_hp_gain":0,"max_hp_loss":0,"event_name":"Shining Light","floor":14,"gold_loss":0,"cards_upgraded":["Hologram","Ball Lightning"]},{"damage_healed":0,"gold_gain":0,"player_choice":"Smashed Altar","damage_taken":0,"max_hp_gain":0,"max_hp_loss":0,"event_name":"Forgotten Altar","floor":20,"gold_loss":0,"cards_obtained":["Decay"]},{"damage_healed":0,"gold_gain":0,"player_choice":"Inject Mutagens","damage_taken":0,"relics_obtained":["MutagenicStrength"],"max_hp_gain":0,"max_hp_loss":0,"event_name":"Drug Dealer","floor":22,"gold_loss":0}],"is_beta":false,"boss_relics":[{"not_picked":["Calling Bell","Pandora\u0027s Box"],"picked":"Velvet Choker"}],"items_purged_floors":[3],"is_endless":false,"potions_floor_spawned":[7,11,18],"killed_by":"Book of Stabbing","ascension_level":3}