{"gold_per_floor":[215,231,30,41,41,73,73,87,87,87,87,107,123,46,46,46],"floor_reached":16,"playtime":1023,"items_purged":[],"score":102,"play_id":"1957cc76-1566-4c0d-b4f3-9c175465e7cf","local_time":"20190301160408","is_ascension_mode":false,"campfire_choices":[{"floor":7,"key":"REST"},{"floor":11,"key":"REST"},{"data":"Genetic Algorithm","floor":15,"key":"SMITH"}],"neow_cost":"NONE","seed_source_timestamp":233642694175916,"circlet_count":0,"master_deck":["Strike_R","Strike_R","Strike_R","Strike_R","Strike_R","Defend_R","Defend_R","Defend_R","Defend_R","Bash","Shockwave+1","Flex","Havoc","Genetic Algorithm+1","BootSequence","Reinforced Body","Go for the Eyes","Evolve"],"relics":["Burning Blood","PrismaticShard","Vajra","Smiling Mask"],"potions_floor_usage":[16,16],"damage_taken":[{"damage":10,"enemies":"Cultist","floor":1,"turns":4},{"damage":3,"enemies":"Jaw Worm","floor":2,"turns":6},{"damage":2,"enemies":"Small Slimes","floor":4,"turns":4},{"damage":54,"enemies":"3 Sentries","floor":6,"turns":13},{"damage":10,"enemies":"Blue Slaver","floor":8,"turns":5},{"damage":16,"enemies":"Exordium Thugs","floor":12,"turns":5},{"damage":8,"enemies":"3 Louse","floor":13,"turns":5},{"damage":66,"enemies":"Hexaghost","floor":16,"turns":11}],"seed_played":"-410254774204845406","potions_obtained":[{"floor":12,"key":"PowerPotion"},{"floor":13,"key":"Poison Potion"}],"is_trial":false,"path_per_floor":["M","M","$","M","$","E","R","M","T","?","R","M","M","$","R","B"],"character_chosen":"IRONCLAD","items_purchased":["PrismaticShard","Evolve"],"campfire_rested":2,"item_purchase_floors":[3,14],"current_hp_per_floor":[76,79,79,80,80,32,56,52,52,52,76,66,64,64,64,0],"gold":46,"neow_bonus":"HUNDRED_GOLD","is_prod":false,"is_daily":false,"chose_seed":false,"campfire_upgraded":1,"win_rate":0,"timestamp":1551485048,"path_taken":["M","M","$","?","$","E","R","M","T","?","R","M","M","?","R","BOSS"],"build_version":"2019-01-23","purchased_purges":0,"victory":false,"max_hp_per_floor":[80,80,80,80,80,80,80,80,80,80,80,80,80,80,80,80],"card_choices":[{"not_picked":["Havoc","Blood for Blood"],"picked":"Shockwave","floor":1},{"not_picked":["Armaments","Warcry"],"picked":"Flex","floor":2},{"not_picked":["FTL","Redo"],"picked":"Havoc","floor":4},{"not_picked":["Armaments","Redo"],"picked":"Genetic Algorithm","floor":6},{"not_picked":["Flying Knee","Doom and Gloom"],"picked":"BootSequence","floor":8},{"not_picked":["Escape Plan","Swift Strike"],"picked":"Reinforced Body","floor":12},{"not_picked":["Thunderclap","Sweeping Beam"],"picked":"Go for the Eyes","floor":13}],"player_experience":536336,"relics_obtained":[{"floor":6,"key":"Vajra"},{"floor":9,"key":"Smiling Mask"}],"event_choices":[{"damage_healed":0,"gold_gain":0,"player_choice":"Grow","damage_taken":0,"max_hp_gain":0,"max_hp_loss":0,"event_name":"Living Wall","floor":10,"gold_loss":0,"cards_upgraded":["Shockwave"]}],"is_beta":false,"boss_relics":[],"items_purged_floors":[],"is_endless":false,"potions_floor_spawned":[12,13],"killed_by":"Hexaghost","ascension_level":0}