{"gold_per_floor":[117,127,127,57,69,101,101,120,172,134,147,159,159,179,179,274,274,274,6,6,6,6,6,6,6,6,6,6,6,6,6,6,6,6,6,6,6,6,6,6,6,6],"floor_reached":42,"playtime":2166,"items_purged":[],"score":459,"play_id":"1865dff5-5892-4c34-9cec-984c3e268e71","local_time":"20190414075948","is_ascension_mode":false,"campfire_choices":[{"data":"Zap","floor":7,"key":"SMITH"},{"floor":13,"key":"REST"},{"data":"Glacier","floor":15,"key":"SMITH"},{"data":"White Noise","floor":23,"key":"SMITH"},{"floor":25,"key":"REST"},{"floor":29,"key":"REST"},{"floor":32,"key":"REST"},{"floor":40,"key":"REST"}],"neow_cost":"NONE","seed_source_timestamp":368471635217784,"circlet_count":0,"master_deck":["Strike_B","Strike_B","Strike_B","Defend_B","Defend_B","Defend_B","Defend_B","Zap+1","Dualcast","Hologram","Doom and Gloom","White Noise+1","Leap","Coolheaded","Glacier+1","Conserve Battery","Gash","Buffer","Double Energy","Defragment","Gash","Leap+1","Meteor Strike","Gash","Ball Lightning","White Noise","Echo Form"],"relics":["Cracked Core","Singing Bowl","Bronze Scales","Ectoplasm","HandDrill","Regal Pillow","Boot","Inserter","Bird Faced Urn","Centennial Puzzle"],"potions_floor_usage":[16,16,33,33,33,41,42],"damage_taken":[{"damage":0,"enemies":"Small Slimes","floor":1,"turns":2},{"damage":1,"enemies":"Cultist","floor":2,"turns":3},{"damage":0,"enemies":"2 Louse","floor":5,"turns":2},{"damage":16,"enemies":"Lagavulin","floor":6,"turns":6},{"damage":7,"enemies":"Blue Slaver","floor":8,"turns":4},{"damage":6,"enemies":"3 Louse","floor":11,"turns":2},{"damage":7,"enemies":"Large Slime","floor":12,"turns":6},{"damage":2,"enemies":"Exordium Wildlife","floor":14,"turns":5},{"damage":10,"enemies":"Hexaghost","floor":16,"turns":10},{"damage":11,"enemies":"Chosen","floor":18,"turns":8},{"damage":0,"enemies":"3 Byrds","floor":20,"turns":4},{"damage":0,"enemies":"Snecko","floor":22,"turns":6},{"damage":29,"enemies":"Cultist and Chosen","floor":24,"turns":6},{"damage":8,"enemies":"Centurion and Healer","floor":27,"turns":7},{"damage":27,"enemies":"3 Cultists","floor":28,"turns":6},{"damage":16,"enemies":"Snake Plant","floor":30,"turns":4},{"damage":50,"enemies":"Collector","floor":33,"turns":12},{"damage":3,"enemies":"3 Darklings","floor":35,"turns":9},{"damage":21,"enemies":"3 Shapes","floor":36,"turns":6},{"damage":10,"enemies":"Mind Bloom Boss Battle","floor":37,"turns":9},{"damage":47,"enemies":"Transient","floor":39,"turns":5},{"damage":65,"enemies":"Reptomancer","floor":41,"turns":8},{"damage":19,"enemies":"3 Darklings","floor":42,"turns":2}],"seed_played":"651062922092639988","potions_obtained":[{"floor":5,"key":"FearPotion"},{"floor":8,"key":"Weak Potion"},{"floor":11,"key":"Strength Potion"},{"floor":12,"key":"EssenceOfSteel"},{"floor":20,"key":"GamblersBrew"},{"floor":27,"key":"LiquidBronze"},{"floor":28,"key":"SkillPotion"},{"floor":39,"key":"Strength Potion"},{"floor":41,"key":"Regen Potion"}],"is_trial":false,"path_per_floor":["M","M","?","$","M","E","R","M","T","$","M","M","R","M","R","B",null,"M","$","M","$","M","R","M","R","T","M","M","R","M","T","R","B",null,"M","M","?","?","M","R","E","M"],"character_chosen":"DEFECT","items_purchased":["Doom and Gloom","Glacier","Double Energy","HandDrill"],"campfire_rested":5,"item_purchase_floors":[4,10,19,19],"current_hp_per_floor":[82,81,81,81,81,65,65,58,58,58,54,47,72,70,70,60,84,75,75,75,75,75,75,46,71,71,65,40,82,68,68,92,42,92,89,68,60,60,19,62,5,0],"gold":6,"neow_bonus":"TEN_PERCENT_HP_BONUS","is_prod":false,"is_daily":false,"chose_seed":false,"campfire_upgraded":3,"win_rate":0,"timestamp":1555253988,"path_taken":["M","M","?","?","M","E","R","?","T","$","M","M","R","M","R","BOSS","M","$","M","$","M","R","M","R","T","M","M","R","M","?","R","BOSS","M","M","?","?","M","R","E","M"],"build_version":"2019-01-23","purchased_purges":0,"victory":false,"max_hp_per_floor":[82,82,82,82,82,82,82,82,82,82,84,84,84,84,84,84,84,86,86,86,86,86,86,86,86,86,88,90,90,92,92,92,92,92,92,92,94,94,94,94,94,94],"card_choices":[{"not_picked":["Ball Lightning","Sunder"],"picked":"Hologram","floor":1},{"not_picked":["Turbo","Capacitor"],"picked":"Beam Cell","floor":2},{"not_picked":["Consume","Hologram"],"picked":"White Noise","floor":5},{"not_picked":["Fission","Turbo"],"picked":"Leap","floor":6},{"not_picked":["Beam Cell","Compile Driver"],"picked":"Coolheaded","floor":8},{"not_picked":["Self Repair","Thunder Strike","Go for the Eyes"],"picked":"Singing Bowl","floor":11},{"not_picked":["Self Repair","Redo"],"picked":"Conserve Battery","floor":12},{"not_picked":["Conserve Battery","Hologram"],"picked":"Gash","floor":14},{"not_picked":["Biased Cognition","Machine Learning"],"picked":"Buffer","floor":16},{"not_picked":["Loop","Steam","Doom and Gloom"],"picked":"Singing Bowl","floor":18},{"not_picked":["Reinforced Body","Go for the Eyes"],"picked":"Defragment","floor":20},{"not_picked":["Force Field","Steam"],"picked":"Gash","floor":22},{"not_picked":["Barrage","Fusion"],"picked":"Leap+1","floor":24},{"not_picked":["Self Repair","Scrape","Darkness"],"picked":"Singing Bowl","floor":27},{"not_picked":["Scrape","Streamline","Storm+1"],"picked":"Singing Bowl","floor":28},{"not_picked":["Consume","Steam Power","Force Field"],"picked":"Singing Bowl","floor":30},{"not_picked":["Machine Learning","Seek"],"picked":"Meteor Strike","floor":33},{"not_picked":["Coolheaded","Reprogram"],"picked":"Gash","floor":35},{"not_picked":["Cold Snap+1","Undo+1"],"picked":"Ball Lightning","floor":36},{"not_picked":["Cold Snap+1","Undo","Reprogram+1"],"picked":"Singing Bowl","floor":37},{"not_picked":["Steam","Loop"],"picked":"White Noise","floor":39},{"not_picked":["Leap","Hello World+1"],"picked":"Echo Form","floor":41}],"player_experience":703125,"relics_obtained":[{"floor":6,"key":"Singing Bowl"},{"floor":9,"key":"Bronze Scales"},{"floor":26,"key":"Regal Pillow"},{"floor":31,"key":"Boot"},{"floor":37,"key":"Bird Faced Urn"},{"floor":41,"key":"Centennial Puzzle"}],"event_choices":[{"cards_removed":["Strike_B"],"damage_healed":0,"gold_gain":0,"player_choice":"Offered Basic","damage_taken":0,"max_hp_gain":0,"max_hp_loss":0,"event_name":"Bonfire Elementals","floor":3,"gold_loss":0},{"damage_healed":0,"gold_gain":0,"player_choice":"Fight","damage_taken":0,"max_hp_gain":0,"max_hp_loss":0,"event_name":"MindBloom","floor":37,"gold_loss":0},{"cards_removed":["Beam Cell"],"damage_healed":0,"gold_gain":0,"player_choice":"Removed Attack","damage_taken":0,"max_hp_gain":0,"max_hp_loss":0,"event_name":"Falling","floor":38,"gold_loss":0}],"is_beta":false,"boss_relics":[{"not_picked":["Cursed Key","Runic Dome"],"picked":"Ectoplasm"},{"not_picked":["Fusion Hammer","Calling Bell"],"picked":"Inserter"}],"items_purged_floors":[],"is_endless":false,"potions_floor_spawned":[5,8,11,12,20,27,28,30,39,41],"killed_by":"3 Darklings","ascension_level":0}