{"gold_per_floor":[115,115,115,134,59,89,89,120,120,148,148,179,179,179,179,277,277,297,314,214,0,0,0,16,16,40,59,72,72],"floor_reached":29,"playtime":1190,"items_purged":["Defend_G","Strike_G"],"score":301,"play_id":"f01322ce-4e9e-4afa-aeb4-ddf55a91f191","local_time":"20190506072105","is_ascension_mode":true,"campfire_choices":[{"data":"Noxious Fumes","floor":7,"key":"SMITH"},{"floor":11,"key":"REST"},{"data":"Footwork","floor":15,"key":"SMITH"},{"floor":25,"key":"REST"}],"neow_cost":"NONE","seed_source_timestamp":2182924294354116,"circlet_count":0,"master_deck":["Defend_G","Defend_G","Defend_G","Strike_G","Strike_G","Strike_G","Strike_G","Survivor","Neutralize","Noxious Fumes+1","Deflect","Venomology","Deadly Poison","Footwork+1","A Thousand Cuts","Deadly Poison","Flying Knee+1","Bouncing Flask+1"],"relics":["Ring of the Snake","NeowsBlessing","Darkstone Periapt","Regal Pillow","Molten Egg 2","Mercury Hourglass","Bag of Preparation","Matryoshka","WristBlade","Blood Vial","Omamori"],"potions_floor_usage":[8,8,10,16,18,18,24,24,24,27,28,28,29],"damage_taken":[{"damage":0,"enemies":"Small Slimes","floor":1,"turns":1},{"damage":0,"enemies":"Jaw Worm","floor":4,"turns":1},{"damage":0,"enemies":"Lagavulin","floor":6,"turns":1},{"damage":18,"enemies":"Gremlin Nob","floor":8,"turns":5},{"damage":24,"enemies":"3 Sentries","floor":10,"turns":7},{"damage":12,"enemies":"Lagavulin","floor":12,"turns":6},{"damage":19,"enemies":"Slime Boss","floor":16,"turns":8},{"damage":26,"enemies":"2 Thieves","floor":18,"turns":5},{"damage":14,"enemies":"Spheric Guardian","floor":19,"turns":5},{"damage":16,"enemies":"Centurion and Healer","floor":24,"turns":7},{"damage":28,"enemies":"Snake Plant","floor":27,"turns":3},{"damage":10,"enemies":"3 Cultists","floor":28,"turns":5},{"damage":14,"enemies":"Gremlin Leader","floor":29,"turns":2}],"seed_played":"-3539752611610292709","potions_obtained":[{"floor":1,"key":"Regen Potion"},{"floor":3,"key":"AttackPotion"},{"floor":3,"key":"Fire Potion"},{"floor":6,"key":"Fire Potion"},{"floor":10,"key":"Dexterity Potion"},{"floor":27,"key":"Swift Potion"},{"floor":28,"key":"GamblersBrew"}],"is_trial":false,"path_per_floor":["M","?","?","M","$","E","R","E","T","E","R","E","?","?","R","B",null,"M","M","$","?","?","?","M","R","T","M","M","E"],"character_chosen":"THE_SILENT","items_purchased":[],"campfire_rested":2,"item_purchase_floors":[],"current_hp_per_floor":[70,70,70,70,70,70,70,52,52,43,70,58,58,55,55,36,70,44,30,30,30,17,17,1,38,38,12,4,0],"gold":72,"neow_bonus":"THREE_ENEMY_KILL","is_prod":false,"is_daily":false,"chose_seed":false,"campfire_upgraded":2,"win_rate":0,"timestamp":1557120065,"path_taken":["M","?","?","?","$","E","R","E","T","E","R","E","?","?","R","BOSS","M","M","$","?","?","?","M","R","T","M","M","E"],"build_version":"2019-01-23","purchased_purges":2,"victory":false,"max_hp_per_floor":[70,70,70,70,70,70,70,70,70,70,70,70,70,70,70,70,70,70,70,70,70,75,75,75,75,75,75,75,75],"card_choices":[{"not_picked":["Expertise","Choke","Dagger Spray"],"picked":"SKIP","floor":1},{"not_picked":["Dodge and Roll","Dagger Throw"],"picked":"Noxious Fumes","floor":4},{"not_picked":["Bane","Dagger Throw"],"picked":"Deflect","floor":6},{"not_picked":["PiercingWail","Dagger Throw"],"picked":"Venomology","floor":8},{"not_picked":["Catalyst","PiercingWail"],"picked":"Deadly Poison","floor":10},{"not_picked":["Phantasmal Killer","Prepared"],"picked":"Footwork","floor":12},{"not_picked":["Corpse Explosion","Wraith Form v2"],"picked":"A Thousand Cuts","floor":16},{"not_picked":["Bane+1","PiercingWail"],"picked":"Deadly Poison","floor":18},{"not_picked":["Outmaneuver","Underhanded Strike+1"],"picked":"Flying Knee+1","floor":19},{"not_picked":["Riddle With Holes+1","Poisoned Stab+1"],"picked":"Bouncing Flask+1","floor":24},{"not_picked":["Bane+1","Leg Sweep","Underhanded Strike+1"],"picked":"SKIP","floor":27},{"not_picked":["Escape Plan","Quick Slash+1","Footwork"],"picked":"SKIP","floor":28}],"player_experience":179855,"relics_obtained":[{"floor":6,"key":"Darkstone Periapt"},{"floor":8,"key":"Regal Pillow"},{"floor":9,"key":"Molten Egg 2"},{"floor":10,"key":"Mercury Hourglass"},{"floor":12,"key":"Bag of Preparation"},{"floor":26,"key":"Blood Vial"},{"floor":26,"key":"Omamori"}],"event_choices":[{"cards_removed":["Defend_G"],"damage_healed":0,"gold_gain":0,"player_choice":"Forget","damage_taken":0,"max_hp_gain":0,"max_hp_loss":0,"event_name":"Living Wall","floor":2,"gold_loss":0},{"damage_healed":0,"gold_gain":0,"player_choice":"Got Potions","damage_taken":0,"max_hp_gain":0,"max_hp_loss":0,"event_name":"Lab","floor":3,"gold_loss":0},{"damage_healed":0,"gold_gain":0,"player_choice":"Ignored","damage_taken":0,"max_hp_gain":0,"max_hp_loss":0,"event_name":"Liars Game","floor":13,"gold_loss":0},{"damage_healed":0,"gold_gain":0,"player_choice":"Success","damage_taken":3,"relics_obtained":["Matryoshka"],"max_hp_gain":0,"max_hp_loss":0,"event_name":"Scrap Ooze","floor":14,"gold_loss":0},{"damage_healed":0,"gold_gain":0,"player_choice":"Paid Fearfully","damage_taken":0,"max_hp_gain":0,"max_hp_loss":0,"event_name":"Masked Bandits","floor":21,"gold_loss":214},{"damage_healed":0,"gold_gain":0,"player_choice":"Shed Blood","damage_taken":18,"max_hp_gain":5,"max_hp_loss":0,"event_name":"Forgotten Altar","floor":22,"gold_loss":0},{"damage_healed":0,"gold_gain":0,"player_choice":"Leave","damage_taken":0,"max_hp_gain":0,"max_hp_loss":0,"event_name":"FaceTrader","floor":23,"gold_loss":0}],"is_beta":false,"boss_relics":[{"not_picked":["HoveringKite","Velvet Choker"],"picked":"WristBlade"}],"items_purged_floors":[5,20],"is_endless":false,"potions_floor_spawned":[1,6,10,16,27,28],"killed_by":"Gremlin Leader","ascension_level":2}