{"gold_per_floor":[115,126,143,68,68,68,85,85,85,105,118,18,18,38,38,141,141,158,158,174,186,186,186,203,203],"floor_reached":25,"playtime":2240,"items_purged":["Strike_G","Survivor"],"score":227,"play_id":"77c4e33c-9868-4d74-9a0a-3c2eb81e65b6","local_time":"20190917003148","is_ascension_mode":true,"campfire_choices":[{"data":"Neutralize","floor":6.0,"key":"SMITH"},{"data":"Setup","floor":13.0,"key":"SMITH"},{"data":"Backstab","floor":15.0,"key":"SMITH"},{"data":"Acrobatics","floor":23,"key":"SMITH"}],"neow_cost":"TEN_PERCENT_HP_LOSS","seed_source_timestamp":0,"circlet_count":0,"master_deck":["Strike_G","Strike_G+1","Defend_G","Defend_G","Defend_G","Defend_G+1","Neutralize+1","Dagger Throw","Acrobatics","Predator","Backstab+1","Setup+1","Bullet Time","Acrobatics+1","Writhe"],"special_seed":0,"relics":["Ring of the Snake","Runic Pyramid","Question Card"],"potions_floor_usage":[],"damage_taken":[{"damage":5.0,"enemies":"Jaw Worm","floor":1.0,"turns":5.0},{"damage":0.0,"enemies":"Small Slimes","floor":2.0,"turns":3.0},{"damage":0.0,"enemies":"2 Louse","floor":3.0,"turns":2.0},{"damage":10.0,"enemies":"Exordium Thugs","floor":7.0,"turns":4.0},{"damage":15.0,"enemies":"Large Slime","floor":10.0,"turns":10.0},{"damage":8.0,"enemies":"Gremlin Gang","floor":11.0,"turns":5.0},{"damage":7.0,"enemies":"Exordium Wildlife","floor":14.0,"turns":4.0},{"damage":39.0,"enemies":"Slime Boss","floor":16.0,"turns":12.0},{"damage":0.0,"enemies":"Spheric Guardian","floor":18.0,"turns":3.0},{"damage":7,"enemies":"3 Byrds","floor":20,"turns":6},{"damage":10,"enemies":"Centurion and Healer","floor":21,"turns":5},{"damage":18,"enemies":"Snake Plant","floor":24,"turns":4},{"damage":28,"enemies":"Gremlin Leader","floor":25,"turns":6}],"seed_played":"6628984001988864061","potions_obtained":[{"floor":3.0,"key":"Regen Potion"},{"floor":7.0,"key":"Regen Potion"},{"floor":10.0,"key":"PowerPotion"},{"floor":18.0,"key":"GhostInAJar"},{"floor":21,"key":"Explosive Potion"}],"is_trial":false,"path_per_floor":["M","M","M","$","?","R","M","?","T","M","M","$","R","M","R","B",null,"M","?","M","M","?","R","M","E"],"character_chosen":"THE_SILENT","items_purchased":[],"campfire_rested":0,"item_purchase_floors":[],"current_hp_per_floor":[58,58,58,58,45,45,35,28,28,62,54,54,54,47,47,8,63,63,63,56,46,46,46,28,0],"gold":203,"neow_bonus":"REMOVE_TWO","is_prod":false,"is_daily":false,"chose_seed":false,"campfire_upgraded":4,"win_rate":0,"timestamp":1568705508,"path_taken":["M","M","M","$","?","R","M","?","T","M","M","$","R","?","R","BOSS","M","?","M","M","?","R","M","E"],"build_version":"2019-07-17","purchased_purges":2,"victory":false,"max_hp_per_floor":[63,63,63,63,63,63,63,63,63,63,63,63,63,63,63,63,63,63,63,63,63,63,63,63,63],"card_choices":[{"not_picked":["Noxious Fumes","Sucker Punch"],"picked":"Dagger Throw","floor":1.0},{"not_picked":["Deadly Poison","Quick Slash"],"picked":"Acrobatics","floor":2.0},{"not_picked":["Deadly Poison","Sucker Punch","Poisoned Stab"],"picked":"SKIP","floor":3.0},{"not_picked":["Bane","Outmaneuver"],"picked":"Predator","floor":7.0},{"not_picked":["Infinite Blades","Malaise"],"picked":"Backstab","floor":10.0},{"not_picked":["Sucker Punch","Dagger Throw"],"picked":"Setup","floor":11.0},{"not_picked":["Leg Sweep","Skewer","PiercingWail"],"picked":"SKIP","floor":14.0},{"not_picked":["Wraith Form v2","Night Terror"],"picked":"Bullet Time","floor":16.0},{"not_picked":["Flying Knee","Leg Sweep"],"picked":"Acrobatics","floor":18.0},{"not_picked":["Dash","Deadly Poison","Deflect","Escape Plan"],"picked":"SKIP","floor":20},{"not_picked":["Masterful Stab","Quick Slash","Flechettes","Slice"],"picked":"SKIP","floor":21},{"not_picked":["Underhanded Strike+1","Flying Knee","Outmaneuver","Flechettes"],"picked":"SKIP","floor":24}],"player_experience":109740,"relics_obtained":[],"event_choices":[{"damage_healed":0.0,"max_hp_gain":0.0,"max_hp_loss":0.0,"gold_gain":0.0,"event_name":"Shining Light","player_choice":"Entered Light","floor":5.0,"gold_loss":0.0,"damage_taken":13.0,"cards_upgraded":["Strike_G","Defend_G"]},{"cards_removed":["Strike_G"],"damage_healed":0.0,"max_hp_gain":0.0,"max_hp_loss":0.0,"gold_gain":0.0,"event_name":"Golden Wing","player_choice":"Card Removal","floor":8.0,"gold_loss":0.0,"damage_taken":7.0},{"damage_healed":0.0,"max_hp_gain":0.0,"max_hp_loss":0.0,"gold_gain":0.0,"event_name":"The Mausoleum","player_choice":"Opened","floor":19.0,"gold_loss":0.0,"damage_taken":0.0,"relics_obtained":["Question Card"],"cards_obtained":["Writhe"]},{"damage_healed":0,"gold_gain":0,"player_choice":"Ignored","damage_taken":0,"max_hp_gain":0,"max_hp_loss":0,"event_name":"Vampires","floor":22,"gold_loss":0}],"is_beta":false,"boss_relics":[{"not_picked":["Coffee Dripper","Eternal Feather"],"picked":"Runic Pyramid"}],"items_purged_floors":[4,12],"is_endless":false,"potions_floor_spawned":[3,7,10,18,21],"killed_by":"Gremlin Leader","ascension_level":3}