{"gold_per_floor":[110,110,35,110,110,153,153,193,193,193,208,228,242,242,242,373,373,392,3,18,18,18,18,50,50,127,143,143,161,161,189,189,189],"floor_reached":33,"playtime":1195,"items_purged":["Strike_B","Strike_B"],"score":417,"play_id":"8eb71353-f6ea-4e41-ba43-e6f4f3764a01","local_time":"20190811131933","is_ascension_mode":true,"campfire_choices":[{"data":"Zap","floor":7,"key":"SMITH"},{"data":"1","floor":10,"key":"LIFT"},{"data":"2","floor":15,"key":"LIFT"},{"data":"3","floor":23,"key":"LIFT"},{"data":"Beam Cell","floor":30,"key":"SMITH"},{"data":"Dualcast","floor":32,"key":"SMITH"}],"neow_cost":"NONE","seed_source_timestamp":71376724006100,"circlet_count":0,"master_deck":["Strike_B","Strike_B","Defend_B","Defend_B","Defend_B","Defend_B","Zap+1","Dualcast+1","Compile Driver","Coolheaded","Sweeping Beam","Cold Snap","Beam Cell+1","Core Surge","Gash","Barrage","Skim+1","Electrodynamics","Auto Shields+1","Ghostly","Ghostly","Ghostly","Ghostly","Ghostly","FTL+1","Glacier+1"],"relics":["Cracked Core","NeowsBlessing","Bloody Idol","Meat on the Bone","Singing Bowl","Du-Vu Doll","Girya","Eternal Feather","Membership Card","Symbiotic Virus","Nilry\u0027s Codex","Smiling Mask","MutagenicStrength","Cables","Bag of Preparation"],"potions_floor_usage":[16,24,24,24,31],"damage_taken":[{"damage":0,"enemies":"2 Louse","floor":1,"turns":1},{"damage":0,"enemies":"Lagavulin","floor":6,"turns":1},{"damage":0,"enemies":"3 Sentries","floor":8,"turns":2},{"damage":0,"enemies":"Small Slimes","floor":11,"turns":2},{"damage":2,"enemies":"Jaw Worm","floor":12,"turns":3},{"damage":2,"enemies":"Looter","floor":13,"turns":3},{"damage":17,"enemies":"Slime Boss","floor":16,"turns":8},{"damage":20,"enemies":"Shell Parasite","floor":18,"turns":7},{"damage":7,"enemies":"Chosen","floor":20,"turns":3},{"damage":38,"enemies":"Book of Stabbing","floor":24,"turns":6},{"damage":19,"enemies":"Snake Plant","floor":27,"turns":2},{"damage":0,"enemies":"Centurion and Healer","floor":29,"turns":6},{"damage":21,"enemies":"Slavers","floor":31,"turns":4},{"damage":39,"enemies":"Automaton","floor":33,"turns":8}],"seed_played":"-8902216970956110978","potions_obtained":[{"floor":8,"key":"Regen Potion"},{"floor":13,"key":"LiquidBronze"},{"floor":18,"key":"SkillPotion"},{"floor":20,"key":"AttackPotion"},{"floor":29,"key":"EssenceOfSteel"}],"is_trial":false,"path_per_floor":["M","?","$","?","T","E","R","E","T","R","M","M","M","?","R","B",null,"M","$","M","?","?","R","E","?","T","M","?","M","R","E","R","B"],"character_chosen":"DEFECT","items_purchased":["Membership Card","Barrage","Symbiotic Virus"],"campfire_rested":0,"item_purchase_floors":[19,19,19],"current_hp_per_floor":[75,57,57,46,46,46,46,46,46,46,48,46,44,44,44,42,77,57,57,50,50,34,43,22,22,27,25,25,30,38,34,38,0],"gold":189,"neow_bonus":"THREE_ENEMY_KILL","is_prod":false,"is_daily":false,"chose_seed":false,"campfire_upgraded":3,"win_rate":0,"timestamp":1565525973,"path_taken":["M","?","$","?","?","E","R","E","T","R","M","M","M","?","R","BOSS","M","$","M","?","?","R","E","?","T","M","?","M","R","E","R","BOSS"],"build_version":"2019-07-17","purchased_purges":2,"victory":false,"max_hp_per_floor":[75,75,75,75,75,75,75,75,75,75,77,77,77,77,77,77,77,77,77,77,77,77,77,77,77,77,77,38,38,38,38,38,38],"card_choices":[{"not_picked":["Turbo","Hologram"],"picked":"Compile Driver","floor":1},{"not_picked":["Static Discharge","White Noise"],"picked":"Coolheaded","floor":6},{"not_picked":["Stack","Multi-Cast"],"picked":"Sweeping Beam","floor":8},{"not_picked":["Streamline","Storm","Force Field"],"picked":"Singing Bowl","floor":11},{"not_picked":["Steam Power","Lockon"],"picked":"Cold Snap","floor":12},{"not_picked":["Turbo","Hologram"],"picked":"Beam Cell","floor":13},{"not_picked":["Buffer","Meteor Strike"],"picked":"Core Surge","floor":16},{"not_picked":["BootSequence","Turbo"],"picked":"Gash","floor":18},{"not_picked":["Chaos+1","Rebound"],"picked":"Skim+1","floor":20},{"not_picked":["Coolheaded","Redo"],"picked":"Electrodynamics","floor":24},{"not_picked":["Leap","Beam Cell+1"],"picked":"Auto Shields+1","floor":27},{"not_picked":["Redo+1","White Noise+1"],"picked":"FTL+1","floor":29},{"not_picked":["Doom and Gloom+1","Machine Learning"],"picked":"Glacier+1","floor":31}],"player_experience":1777708,"relics_obtained":[{"floor":5,"key":"Meat on the Bone"},{"floor":6,"key":"Singing Bowl"},{"floor":8,"key":"Du-Vu Doll"},{"floor":9,"key":"Girya"},{"floor":22,"key":"Nilry\u0027s Codex"},{"floor":24,"key":"Smiling Mask"},{"floor":26,"key":"Cables"},{"floor":31,"key":"Bag of Preparation"}],"event_choices":[{"damage_healed":0,"gold_gain":0,"player_choice":"Take Damage","damage_taken":18,"relics_obtained":["Golden Idol"],"max_hp_gain":0,"max_hp_loss":0,"event_name":"Golden Idol","floor":2,"gold_loss":0},{"damage_healed":0,"gold_gain":75,"player_choice":"Gather Gold","damage_taken":11,"max_hp_gain":0,"max_hp_loss":0,"event_name":"World of Goop","floor":4,"gold_loss":0},{"damage_healed":0,"gold_gain":0,"player_choice":"Ignored","damage_taken":0,"max_hp_gain":0,"max_hp_loss":0,"event_name":"Liars Game","floor":14,"gold_loss":0},{"damage_healed":0,"gold_gain":0,"player_choice":"Gave Idol","damage_taken":0,"relics_obtained":["Bloody Idol"],"max_hp_gain":0,"max_hp_loss":0,"event_name":"Forgotten Altar","floor":21,"relics_lost":["Golden Idol"],"gold_loss":0},{"damage_healed":0,"gold_gain":0,"player_choice":"Obtained Book","damage_taken":16,"max_hp_gain":0,"max_hp_loss":0,"event_name":"Cursed Tome","floor":22,"gold_loss":0},{"damage_healed":0,"gold_gain":0,"player_choice":"Inject Mutagens","damage_taken":0,"relics_obtained":["MutagenicStrength"],"max_hp_gain":0,"max_hp_loss":0,"event_name":"Drug Dealer","floor":25,"gold_loss":0},{"damage_healed":0,"gold_gain":0,"player_choice":"Became a Ghost","damage_taken":0,"max_hp_gain":0,"max_hp_loss":39,"event_name":"Ghosts","floor":28,"gold_loss":0,"cards_obtained":["Ghostly","Ghostly","Ghostly","Ghostly","Ghostly"]}],"is_beta":false,"boss_relics":[{"not_picked":["Calling Bell","Snecko Eye"],"picked":"Eternal Feather"}],"items_purged_floors":[3,19],"is_endless":false,"potions_floor_spawned":[8,13,18,20,29],"killed_by":"Automaton","ascension_level":3}