{"gold_per_floor":[117,19,19,19,19,51,114,143,169,197,208,235,235,310,310,409,409,424,424,424,424,274,274,303,314,394,394,344,379,390,405,405,505,505,518,518,71,91,106,106,21,46,58,70,82,94,106,148,160,172,184,196,7,35,35],"floor_reached":56,"playtime":2671,"items_purged":["Defend_B","Doubt","Normality"],"score":1577,"play_id":"3b2231dc-628f-482f-a942-5d1b97a5492a","local_time":"20190823162301","is_ascension_mode":true,"campfire_choices":[{"data":"Coolheaded","floor":13,"key":"SMITH"},{"floor":15,"key":"REST"},{"data":"Zap","floor":23,"key":"SMITH"},{"data":"Sweeping Beam","floor":27,"key":"SMITH"},{"floor":32,"key":"REST"},{"data":"Fission","floor":40,"key":"SMITH"},{"data":"Panacea","floor":44,"key":"SMITH"},{"floor":47,"key":"RECALL"},{"floor":49,"key":"REST"},{"data":"Skim","floor":52,"key":"SMITH"}],"neow_cost":"NONE","seed_source_timestamp":715834131268500,"circlet_count":0,"master_deck":["Strike_B","Strike_B","Defend_B","Defend_B","Defend_B","Zap+1","Dualcast","Coolheaded+1","Defragment+1","Sweeping Beam+1","Compile Driver","Echo Form+1","Turbo","Loop+1","Glacier","Biased Cognition+1","Skim+1","Biased Cognition+1","Leap+1","Capacitor+1","Fission+1","Heatsinks+1","Ball Lightning","Rebound+1","Defragment+1","Panacea+1"],"relics":["Cracked Core","NeowsBlessing","Frozen Egg 2","Happy Flower","Ornamental Fan","Pantograph","Art of War","Sundial","Pen Nib","Cursed Key","Vajra","Kunai","Turnip","Inserter","Torii","MawBank","Smiling Mask","DataDisk","Bottled Tornado"],"potions_floor_usage":[16,29,33,50,50,55,55],"damage_taken":[{"damage":0,"enemies":"Jaw Worm","floor":1,"turns":1},{"damage":0,"enemies":"Gremlin Nob","floor":6,"turns":1},{"damage":0,"enemies":"Gremlin Nob","floor":7,"turns":1},{"damage":2,"enemies":"Lagavulin","floor":8,"turns":7},{"damage":27,"enemies":"3 Sentries","floor":10,"turns":9},{"damage":0,"enemies":"2 Louse","floor":11,"turns":2},{"damage":9,"enemies":"Lagavulin","floor":12,"turns":5},{"damage":21,"enemies":"Hexaghost","floor":16,"turns":11},{"damage":0,"enemies":"Spheric Guardian","floor":18,"turns":3},{"damage":12,"enemies":"Book of Stabbing","floor":24,"turns":6},{"damage":7,"enemies":"2 Thieves","floor":25,"turns":4},{"damage":26,"enemies":"Gremlin Leader","floor":29,"turns":9},{"damage":13,"enemies":"Snecko","floor":30,"turns":3},{"damage":0,"enemies":"Chosen and Byrds","floor":31,"turns":7},{"damage":36,"enemies":"Champ","floor":33,"turns":8},{"damage":12,"enemies":"Orb Walker","floor":35,"turns":5},{"damage":0,"enemies":"3 Darklings","floor":38,"turns":5},{"damage":0,"enemies":"Sphere and 2 Shapes","floor":39,"turns":4},{"damage":16,"enemies":"Nemesis","floor":42,"turns":7},{"damage":19,"enemies":"Giant Head","floor":48,"turns":7},{"damage":57,"enemies":"Awakened One","floor":50,"turns":14},{"damage":22,"enemies":"Shield and Spear","floor":54,"turns":7},{"damage":63,"enemies":"The Heart","floor":55,"turns":8}],"seed_played":"-611760474514524126","potions_obtained":[{"floor":7,"key":"Strength Potion"},{"floor":8,"key":"SpeedPotion"},{"floor":11,"key":"FocusPotion"},{"floor":25,"key":"Fire Potion"},{"floor":29,"key":"Energy Potion"},{"floor":39,"key":"SkillPotion"},{"floor":42,"key":"Strength Potion"},{"floor":54,"key":"Strength Potion"}],"is_trial":false,"path_per_floor":["M","$","?","?","?","E","?","E","T","E","M","E","R","?","R","B",null,"M","?","?","?","$","R","E","M","T","R","?","E","M","M","R","B",null,"M","?","$","M","M","R","$","E","T","R","?","?","R","E","R","B",null,"R","$","E","B",null],"character_chosen":"DEFECT","items_purchased":["Defragment","Sweeping Beam","Ancient Potion","Ball Lightning","Torii","Panacea","DataDisk"],"campfire_rested":3,"item_purchase_floors":[2,2,22,37,37,41,53],"current_hp_per_floor":[68,68,56,56,61,61,61,59,59,32,32,23,23,12,36,40,70,70,70,70,70,70,70,58,51,51,51,51,25,12,12,36,25,66,54,54,54,54,54,54,54,38,38,38,38,38,38,19,43,11,63,63,63,41,3],"gold":35,"neow_bonus":"THREE_ENEMY_KILL","is_prod":false,"is_daily":false,"chose_seed":false,"campfire_upgraded":6,"win_rate":0,"timestamp":1566573781,"path_taken":["M","$","?","?","?","E","?","E","T","E","?","E","R","?","R","BOSS","M","?","?","?","$","R","E","M","T","R","?","E","?","M","R","BOSS","M","?","$","M","M","R","$","E","T","R","?","?","R","E","R","BOSS","R","$","E","BOSS"],"build_version":"2019-07-17","purchased_purges":3,"victory":true,"max_hp_per_floor":[75,75,75,75,80,80,80,80,80,80,80,80,80,80,80,80,80,80,80,80,80,80,80,80,80,80,80,80,80,80,80,80,80,80,80,80,80,80,80,80,80,80,80,80,80,80,80,80,80,80,80,80,80,80,80],"card_choices":[{"not_picked":["Barrage","Capacitor"],"picked":"Coolheaded","floor":1},{"not_picked":["Stack","Aggregate"],"picked":"Compile Driver","floor":6},{"not_picked":["Aggregate","Streamline"],"picked":"Echo Form+1","floor":7},{"not_picked":["Recycle","Coolheaded"],"picked":"Turbo","floor":8},{"not_picked":["Conserve Battery","Rebound","Steam Power"],"picked":"SKIP","floor":10},{"not_picked":["Compile Driver","Turbo"],"picked":"Loop+1","floor":11},{"not_picked":["Redo","Cold Snap"],"picked":"Glacier","floor":12},{"not_picked":["Fission","Creative AI+1"],"picked":"Biased Cognition+1","floor":16},{"not_picked":["Barrage","Auto Shields+1","Turbo"],"picked":"SKIP","floor":18},{"not_picked":["Fusion","Cold Snap"],"picked":"Skim","floor":24},{"not_picked":["Turbo","Doom and Gloom","Stack"],"picked":"SKIP","floor":25},{"not_picked":["Skim","Leap"],"picked":"Biased Cognition+1","floor":29},{"not_picked":["Stack","Gash"],"picked":"Leap+1","floor":30},{"not_picked":["Coolheaded","Ball Lightning"],"picked":"Capacitor+1","floor":31},{"not_picked":["Creative AI+1","Reboot"],"picked":"Fission","floor":33},{"not_picked":["Ball Lightning","Reprogram+1"],"picked":"Heatsinks+1","floor":35},{"not_picked":["Sunder+1","Streamline"],"picked":"Rebound+1","floor":38},{"not_picked":["Steam","Ball Lightning+1"],"picked":"Defragment+1","floor":39},{"not_picked":["Barrage+1","Rebound+1","Fission"],"picked":"SKIP","floor":42},{"not_picked":["Turbo+1","Auto Shields","Amplify"],"picked":"SKIP","floor":48},{"not_picked":["Beam Cell","Gash","Conserve Battery"],"picked":"SKIP","floor":54}],"player_experience":1847268,"relics_obtained":[{"floor":6,"key":"Happy Flower"},{"floor":7,"key":"Ornamental Fan"},{"floor":8,"key":"Pantograph"},{"floor":9,"key":"Art of War"},{"floor":10,"key":"Sundial"},{"floor":12,"key":"Pen Nib"},{"floor":24,"key":"Vajra"},{"floor":26,"key":"Kunai"},{"floor":29,"key":"Turnip"},{"floor":42,"key":"MawBank"},{"floor":48,"key":"Smiling Mask"},{"floor":54,"key":"Bottled Tornado"}],"event_choices":[{"damage_healed":0,"gold_gain":0,"player_choice":"Success","damage_taken":12,"relics_obtained":["Frozen Egg 2"],"max_hp_gain":0,"max_hp_loss":0,"event_name":"Scrap Ooze","floor":3,"gold_loss":0},{"damage_healed":0,"gold_gain":0,"player_choice":"Grow","damage_taken":0,"max_hp_gain":0,"max_hp_loss":0,"event_name":"Living Wall","floor":4,"gold_loss":0,"cards_upgraded":["Defragment"]},{"damage_healed":0,"gold_gain":0,"player_choice":"Donut","damage_taken":0,"max_hp_gain":5,"max_hp_loss":0,"event_name":"Big Fish","floor":5,"gold_loss":0},{"damage_healed":0,"gold_gain":0,"player_choice":"Searched \u00272\u0027 times","damage_taken":0,"max_hp_gain":0,"max_hp_loss":0,"event_name":"Dead Adventurer","floor":7,"gold_loss":0},{"damage_healed":0,"gold_gain":75,"player_choice":"Gather Gold","damage_taken":11,"max_hp_gain":0,"max_hp_loss":0,"event_name":"World of Goop","floor":14,"gold_loss":0},{"cards_removed":["Strike_B"],"damage_healed":0,"gold_gain":0,"player_choice":"Elegance","damage_taken":0,"max_hp_gain":0,"max_hp_loss":0,"event_name":"Back to Basics","floor":19,"gold_loss":0},{"damage_healed":0,"gold_gain":0,"player_choice":"Ignored","damage_taken":0,"max_hp_gain":0,"max_hp_loss":0,"event_name":"Ghosts","floor":20,"gold_loss":0},{"damage_healed":0,"gold_gain":0,"player_choice":"Ignored","damage_taken":0,"max_hp_gain":0,"max_hp_loss":0,"event_name":"Vampires","floor":21,"gold_loss":0},{"damage_healed":0,"gold_gain":0,"player_choice":"Bet on Murderer","damage_taken":0,"max_hp_gain":0,"max_hp_loss":0,"event_name":"The Joust","floor":28,"gold_loss":50},{"damage_healed":0,"gold_gain":0,"player_choice":"Ignored","damage_taken":0,"max_hp_gain":0,"max_hp_loss":0,"event_name":"Tomb of Lord Red Mask","floor":36,"gold_loss":0},{"cards_removed":["Strike_B"],"damage_healed":0,"gold_gain":0,"player_choice":"Removed Attack","damage_taken":0,"max_hp_gain":0,"max_hp_loss":0,"event_name":"Falling","floor":45,"gold_loss":0},{"damage_healed":0,"gold_gain":0,"player_choice":"Ignored","damage_taken":0,"max_hp_gain":0,"max_hp_loss":0,"event_name":"Mysterious Sphere","floor":46,"gold_loss":0}],"is_beta":false,"boss_relics":[{"not_picked":["Empty Cage","Runic Pyramid"],"picked":"Cursed Key"},{"not_picked":["White Beast Statue","Runic Dome"],"picked":"Inserter"}],"items_purged_floors":[22,37,53],"is_endless":false,"potions_floor_spawned":[7,8,11,12,25,29,31,39,42,54],"ascension_level":6}