{"gold_per_floor":[214,3,22,22,42,77,77,111,173,246,258,287,299,326,338,446,458,484,273,289,301,315,315,347,347,402,402],"floor_reached":27,"playtime":4288,"items_purged":["Strike_R"],"score":394,"play_id":"40db0547-57e8-411a-84fa-c8ad3bdd3590","local_time":"20190927005851","is_ascension_mode":true,"campfire_choices":[{"data":"Inflame","floor":11,"key":"SMITH"},{"data":"Body Slam","floor":13,"key":"SMITH"},{"data":"Uppercut","floor":15,"key":"SMITH"},{"data":"Limit Break","floor":23,"key":"SMITH"},{"data":"Corruption","floor":25,"key":"SMITH"}],"neow_cost":"NONE","seed_source_timestamp":105407154447500,"circlet_count":0,"master_deck":["Strike_R","Strike_R","Defend_R","Defend_R","Defend_R","Defend_R+1","Bash","Body Slam+1","Battle Trance","Barricade","Uppercut+1","True Grit","Offering+1","Inflame+1","Uppercut","Burning Pact","Exhume","Limit Break+1","Heavy Blade","Corruption+1","Whirlwind","Heavy Blade","Juggernaut","Seeing Red+1"],"relics":["Burning Blood","Orichalcum","Pantograph","MawBank","War Paint","Tiny Chest","Mark of Pain","Potion Belt","Oddly Smooth Stone"],"potions_floor_usage":[18,22,24,27],"damage_taken":[{"damage":5,"enemies":"Cultist","floor":1,"turns":4},{"damage":2,"enemies":"Jaw Worm","floor":3,"turns":3},{"damage":11,"enemies":"Small Slimes","floor":5,"turns":5},{"damage":23,"enemies":"Lagavulin","floor":6,"turns":8},{"damage":24,"enemies":"Gremlin Nob","floor":8,"turns":4},{"damage":6,"enemies":"Lagavulin","floor":10,"turns":6},{"damage":2,"enemies":"Red Slaver","floor":12,"turns":4},{"damage":9,"enemies":"Blue Slaver","floor":14,"turns":3},{"damage":12,"enemies":"Slime Boss","floor":16,"turns":8},{"damage":17,"enemies":"Spheric Guardian","floor":18,"turns":4},{"damage":1,"enemies":"3 Byrds","floor":20,"turns":5},{"damage":32,"enemies":"Sentry and Sphere","floor":21,"turns":4},{"damage":19,"enemies":"Cultist and Chosen","floor":22,"turns":6},{"damage":14,"enemies":"Book of Stabbing","floor":24,"turns":4},{"damage":54,"enemies":"Slavers","floor":27,"turns":3}],"seed_played":"-7496144451966080535","potions_obtained":[{"floor":3,"key":"Weak Potion"},{"floor":8,"key":"BloodPotion"},{"floor":12,"key":"FearPotion"},{"floor":22,"key":"Strength Potion"},{"floor":24,"key":"Dexterity Potion"}],"is_trial":false,"path_per_floor":["M","$","M","?","M","E","?","E","T","E","R","M","R","M","R","B",null,"M","$","M","M","M","R","E","R","T","E"],"character_chosen":"IRONCLAD","items_purchased":["Orichalcum","Battle Trance","Corruption","Whirlwind"],"campfire_rested":0,"item_purchase_floors":[2,2,19,19],"current_hp_per_floor":[80,80,80,80,75,58,58,40,40,40,40,44,44,41,41,60,80,69,69,74,48,35,35,27,27,27,0],"gold":402,"neow_bonus":"HUNDRED_GOLD","is_prod":false,"is_daily":false,"chose_seed":false,"campfire_upgraded":5,"win_rate":0,"timestamp":1569538731,"path_taken":["M","$","?","?","M","E","?","E","T","E","R","M","R","?","R","BOSS","M","$","M","?","M","R","E","R","T","E"],"build_version":"2019-07-17","purchased_purges":1,"victory":false,"max_hp_per_floor":[80,80,80,80,80,80,80,80,80,80,80,80,80,80,80,80,80,80,80,80,80,80,80,80,80,80,80],"card_choices":[{"not_picked":["Thunderclap","True Grit"],"picked":"Body Slam","floor":1},{"not_picked":["Iron Wave","Rage"],"picked":"Barricade","floor":3},{"not_picked":["Cleave","Rage"],"picked":"Uppercut","floor":5},{"not_picked":["Searing Blow","Second Wind"],"picked":"True Grit","floor":6},{"not_picked":["Seeing Red","Iron Wave"],"picked":"Inflame","floor":8},{"not_picked":["True Grit","Headbutt"],"picked":"Uppercut","floor":10},{"not_picked":["Iron Wave","Cleave"],"picked":"Burning Pact","floor":12},{"not_picked":["Pommel Strike","Fire Breathing"],"picked":"Exhume","floor":14},{"not_picked":["Impervious","Fiend Fire"],"picked":"Limit Break","floor":16},{"not_picked":["Body Slam","Whirlwind"],"picked":"Heavy Blade","floor":18},{"not_picked":["Armaments","Second Wind"],"picked":"Heavy Blade","floor":20},{"not_picked":["Heavy Blade","Clash"],"picked":"Juggernaut","floor":21},{"not_picked":["Perfected Strike","Thunderclap","Rupture"],"picked":"SKIP","floor":22},{"not_picked":["Second Wind","Wild Strike"],"picked":"Seeing Red+1","floor":24}],"player_experience":180460,"relics_obtained":[{"floor":6,"key":"Pantograph"},{"floor":8,"key":"MawBank"},{"floor":9,"key":"War Paint"},{"floor":10,"key":"Tiny Chest"},{"floor":24,"key":"Potion Belt"},{"floor":26,"key":"Oddly Smooth Stone"}],"event_choices":[{"cards_removed":["Strike_R"],"damage_healed":0,"gold_gain":0,"player_choice":"Forget","damage_taken":0,"max_hp_gain":0,"max_hp_loss":0,"event_name":"Living Wall","floor":4,"gold_loss":0},{"damage_healed":0,"gold_gain":0,"cards_transformed":["Strike_R"],"player_choice":"Transformed","damage_taken":0,"max_hp_gain":0,"max_hp_loss":0,"event_name":"Transmorgrifier","floor":7,"gold_loss":0,"cards_obtained":["Offering"]}],"is_beta":false,"boss_relics":[{"not_picked":["Tiny House","Empty Cage"],"picked":"Mark of Pain"}],"items_purged_floors":[19],"is_endless":false,"potions_floor_spawned":[3,8,12,16,22,24],"killed_by":"Slavers","ascension_level":4}