{"gold_per_floor":[114,126,2,14,27,27,40,40,40,105,105,280,355,355,355,355],"floor_reached":16,"playtime":533,"items_purged":["Defend_R"],"score":90,"play_id":"f20bdb07-25b0-4cf4-9f6e-2a6c954b376d","local_time":"20180721124814","is_ascension_mode":false,"campfire_choices":[{"data":"Infernal Blade","floor":6,"key":"SMITH"},{"data":"True Grit","floor":8,"key":"SMITH"},{"floor":15,"key":"REST"}],"neow_cost":"NONE","seed_source_timestamp":598024659275520,"circlet_count":0,"master_deck":["Strike_R","Strike_R","Strike_R","Strike_R","Defend_R","Defend_R","Defend_R","Bash","Flex","Infernal Blade+1","Iron Wave","True Grit+1","Burning Pact","Shrug It Off","Warcry","Sever Soul","Doubt"],"relics":["Burning Blood","Dodecahedron","Centennial Puzzle","Du-Vu Doll"],"potions_floor_usage":[10,16],"damage_taken":[{"damage":1,"enemies":"2 Louse","floor":1,"turns":2},{"damage":10,"enemies":"Small Slimes","floor":2,"turns":2},{"damage":0,"enemies":"Jaw Worm","floor":4,"turns":3},{"damage":2,"enemies":"Blue Slaver","floor":5,"turns":3},{"damage":7,"enemies":"3 Louse","floor":7,"turns":5},{"damage":28,"enemies":"Lagavulin Event","floor":10,"turns":7},{"damage":57,"enemies":"Hexaghost","floor":16,"turns":9}],"seed_played":"-4738848147325221103","potions_obtained":[{"floor":1,"key":"Energy Potion"},{"floor":2,"key":"Dexterity Potion"},{"floor":5,"key":"SneckoOil"}],"is_trial":false,"path_per_floor":["M","M","$","M","M","R","M","R","T","?","?","?","?","?","R"],"character_chosen":"IRONCLAD","items_purchased":["True Grit"],"campfire_rested":1,"item_purchase_floors":[3],"current_hp_per_floor":[80,76,76,80,80,80,79,79,79,57,50,50,39,32,56,0],"gold":355,"neow_bonus":"THREE_CARDS","is_prod":false,"is_daily":false,"chose_seed":false,"campfire_upgraded":2,"win_rate":0,"timestamp":1532166494,"path_taken":["M","M","$","M","M","R","M","R","T","?","?","?","?","?","R","BOSS"],"build_version":"2018-07-19v2","purchased_purges":1,"victory":false,"max_hp_per_floor":[80,80,80,80,80,80,80,80,80,80,80,80,80,80,80,80],"card_choices":[{"not_picked":["Perfected Strike","Havoc"],"picked":"Flex","floor":0},{"not_picked":["Body Slam","Uppercut"],"picked":"Infernal Blade","floor":1},{"not_picked":["Carnage","Anger"],"picked":"Iron Wave","floor":2},{"not_picked":["Dark Embrace","Flex"],"picked":"Burning Pact","floor":4},{"not_picked":["Second Wind","Pommel Strike"],"picked":"Shrug It Off","floor":5},{"not_picked":["Perfected Strike","Sword Boomerang"],"picked":"Warcry","floor":7},{"not_picked":["Twin Strike","Havoc"],"picked":"Sever Soul","floor":10}],"player_experience":133070,"relics_obtained":[{"floor":9,"key":"Dodecahedron"},{"floor":10,"key":"Centennial Puzzle"}],"event_choices":[{"event_name":"Dead Adventurer","player_choice":"Searched \u00271\u0027 times","floor":10,"damage_taken":0},{"event_name":"Scrap Ooze","player_choice":"success","floor":11,"damage_taken":7},{"event_name":"Liars Game","player_choice":"agreed","floor":12,"damage_taken":0},{"event_name":"World of Goop","player_choice":"Gather Gold","floor":13,"damage_taken":0},{"event_name":"Golden Wing","player_choice":"Card Removal","floor":14,"damage_taken":0}],"is_beta":false,"boss_relics":[],"items_purged_floors":[3],"is_endless":false,"potions_floor_spawned":[1,2,5],"killed_by":"Hexaghost","ascension_level":0}