{"gold_per_floor":[115,115,130,28,38,38,38,72,72,104,104,130,130,150,150,150],"floor_reached":16,"playtime":564,"items_purged":["Strike_R"],"score":130,"play_id":"ce582751-7570-44f3-82d1-f5d63de9dda1","local_time":"20190413222722","is_ascension_mode":true,"campfire_choices":[{"data":"Armaments","floor":6,"key":"SMITH"},{"data":"Disarm","floor":11,"key":"SMITH"},{"data":"1","floor":13,"key":"LIFT"},{"data":"2","floor":15,"key":"LIFT"}],"neow_cost":"PERCENT_DAMAGE","seed_source_timestamp":1829540601645800,"circlet_count":0,"master_deck":["Strike_R","Strike_R","Defend_R","Defend_R","Defend_R","Bash","Disarm+1","Iron Wave","Flex","Armaments+1","Intimidate"],"relics":["Burning Blood","Incense Burner","Sundial","Singing Bowl","Girya"],"potions_floor_usage":[3,8,10],"damage_taken":[{"damage":4,"enemies":"2 Louse","floor":1,"turns":4},{"damage":0,"enemies":"Cultist","floor":3,"turns":4},{"damage":5,"enemies":"Small Slimes","floor":5,"turns":4},{"damage":18,"enemies":"Lagavulin","floor":8,"turns":9},{"damage":20,"enemies":"Gremlin Nob","floor":10,"turns":6},{"damage":2,"enemies":"Lagavulin","floor":12,"turns":8},{"damage":6,"enemies":"Exordium Thugs","floor":14,"turns":7},{"damage":49,"enemies":"Hexaghost","floor":16,"turns":16}],"seed_played":"5264504188396342179","potions_obtained":[{"floor":1,"key":"PowerPotion"},{"floor":3,"key":"Ancient Potion"},{"floor":5,"key":"SpeedPotion"}],"is_trial":false,"path_per_floor":["M","?","M","$","M","R","$","E","T","E","R","E","R","M","R","B"],"character_chosen":"IRONCLAD","items_purchased":["Flex"],"campfire_rested":0,"item_purchase_floors":[4],"current_hp_per_floor":[58,58,64,64,65,65,65,53,53,41,41,47,47,49,49,0],"gold":150,"neow_bonus":"REMOVE_TWO","is_prod":false,"is_daily":false,"chose_seed":false,"campfire_upgraded":2,"win_rate":0,"timestamp":1555183642,"path_taken":["M","?","?","?","M","R","$","E","T","E","R","E","R","M","R","BOSS"],"build_version":"2019-01-23","purchased_purges":1,"victory":false,"max_hp_per_floor":[80,80,80,80,80,80,80,80,80,82,82,84,84,86,86,86],"card_choices":[{"not_picked":["Ghostly Armor","Seeing Red"],"picked":"Disarm","floor":1},{"not_picked":["Second Wind","Body Slam"],"picked":"Iron Wave","floor":3},{"not_picked":["Body Slam","Twin Strike"],"picked":"Armaments","floor":5},{"not_picked":["True Grit","Searing Blow"],"picked":"Intimidate","floor":8},{"not_picked":["Thunderclap","Carnage","Wild Strike"],"picked":"Singing Bowl","floor":10},{"not_picked":["Rampage","Heavy Blade","Seeing Red"],"picked":"Singing Bowl","floor":12},{"not_picked":["Clash","Headbutt","Immolate"],"picked":"Singing Bowl","floor":14}],"player_experience":274008,"relics_obtained":[{"floor":8,"key":"Incense Burner"},{"floor":9,"key":"Sundial"},{"floor":10,"key":"Singing Bowl"},{"floor":12,"key":"Girya"}],"event_choices":[{"cards_removed":["Strike_R"],"damage_healed":0,"gold_gain":0,"player_choice":"Purged","damage_taken":0,"max_hp_gain":0,"max_hp_loss":0,"event_name":"Purifier","floor":2,"gold_loss":0}],"is_beta":false,"boss_relics":[],"items_purged_floors":[4],"is_endless":false,"potions_floor_spawned":[1,3,5],"killed_by":"Hexaghost","ascension_level":2}