{"gold_per_floor":[115,127,127,139,54,54,54,64,64,51,51,70,70,86,86,190,190,201,215,233,533,533,533,533,549,618,618,629,641,641,82,82,179,179,196,211,221,47,60,60,60,92,92,102,121,141,141,157,157,157],"floor_reached":50,"playtime":6992,"items_purged":["Writhe"],"score":547,"play_id":"0eb3475b-c46c-4801-892d-1bbe3f733da2","local_time":"20190908015652","is_ascension_mode":false,"campfire_choices":[{"data":"Dramatic Entrance","floor":6,"key":"SMITH"},{"floor":15,"key":"REST"},{"floor":23,"key":"REST"},{"floor":27,"key":"REST"},{"floor":30,"key":"REST"},{"floor":32,"key":"REST"},{"floor":40,"key":"REST"},{"floor":47,"key":"REST"},{"floor":49,"key":"REST"}],"neow_cost":"NONE","seed_source_timestamp":0,"circlet_count":0,"master_deck":["Strike_B+1","Strike_B+1","Defend_B+1","Defend_B+1","Defend_B+1","Zap","Dualcast","Conserve Battery","Fusion","Hologram","Dramatic Entrance+1","Stack","FTL","Gash","Go for the Eyes","Reboot","Reinforced Body","Streamline","Scrape","Go for the Eyes","Go for the Eyes","Tempest+1","Beam Cell","Multi-Cast","Gash","All For One","Defragment","Hologram+1","Skim+1","Master of Strategy","FTL+1","Reinforced Body","Redo+1","Gash+1","Gash","White Noise+1","Coolheaded+1"],"special_seed":0,"relics":["Cracked Core","Boot","Mummified Hand","Peace Pipe","Orrery","Old Coin","Darkstone Periapt","Shuriken","Sundial","Nuclear Battery","Regal Pillow","Bronze Scales"],"potions_floor_usage":[16,16,16,16,16,25,33,45,50,50,50],"damage_taken":[{"damage":5.0,"enemies":"Small Slimes","floor":1.0,"turns":4.0},{"damage":6,"enemies":"Jaw Worm","floor":2,"turns":4},{"damage":0,"enemies":"2 Louse","floor":4,"turns":2},{"damage":7,"enemies":"Blue Slaver","floor":8,"turns":4},{"damage":13,"enemies":"Exordium Thugs","floor":10,"turns":4},{"damage":8,"enemies":"3 Louse","floor":12,"turns":3},{"damage":7,"enemies":"Looter","floor":14,"turns":2},{"damage":37,"enemies":"Slime Boss","floor":16,"turns":12},{"damage":22,"enemies":"3 Byrds","floor":18,"turns":4},{"damage":5,"enemies":"Spheric Guardian","floor":19,"turns":3},{"damage":7,"enemies":"Chosen and Byrds","floor":20,"turns":6},{"damage":32,"enemies":"Snecko","floor":25,"turns":6},{"damage":15,"enemies":"Shelled Parasite and Fungi","floor":28,"turns":8},{"damage":14,"enemies":"3 Cultists","floor":29,"turns":5},{"damage":61,"enemies":"Collector","floor":33,"turns":11},{"damage":3,"enemies":"3 Shapes","floor":35,"turns":2},{"damage":9,"enemies":"3 Darklings","floor":36,"turns":4},{"damage":12,"enemies":"4 Shapes","floor":37,"turns":6},{"damage":4,"enemies":"Spire Growth","floor":39,"turns":3},{"damage":62,"enemies":"Reptomancer","floor":42,"turns":8},{"damage":5,"enemies":"Maw","floor":44,"turns":5},{"damage":0,"enemies":"Transient","floor":45,"turns":5},{"damage":0,"enemies":"3 Darklings","floor":46,"turns":3},{"damage":36,"enemies":"Jaw Worm Horde","floor":48,"turns":4},{"damage":46,"enemies":"Time Eater","floor":50,"turns":4}],"seed_played":"-538095061436092637","potions_obtained":[{"floor":2,"key":"Explosive Potion"},{"floor":4,"key":"LiquidBronze"},{"floor":10,"key":"EntropicBrew"},{"floor":14,"key":"LiquidBronze"},{"floor":16,"key":"Weak Potion"},{"floor":18,"key":"Ancient Potion"},{"floor":33,"key":"Ancient Potion"},{"floor":42,"key":"AttackPotion"},{"floor":46,"key":"Strength Potion"}],"is_trial":false,"path_per_floor":["M","M","?","M","$","R","?","M","T","M","T","M","$","M","R","B",null,"M","M","M","?","?","R","?","M","T","R","M","M","R","$","R","B",null,"M","M","M","$","M","R","?","E","T","M","M","M","R","M","R","B"],"character_chosen":"DEFECT","items_purchased":["Dramatic Entrance","Shuriken","Sundial","Master of Strategy"],"campfire_rested":8,"item_purchase_floors":[5,31,31,38],"current_hp_per_floor":[70,64,57,57,57,57,57,50,50,37,37,29,29,22,44,21,75,53,48,41,41,41,63,63,31,31,53,38,24,46,46,68,7,75,72,63,51,51,47,69,69,7,7,2,2,2,39,3,40,0],"gold":157,"neow_bonus":"RANDOM_COMMON_RELIC","is_prod":false,"is_daily":false,"chose_seed":false,"campfire_upgraded":1,"win_rate":0.0,"timestamp":1567900612,"path_taken":["M","M","?","M","$","R","?","M","T","M","?","M","?","?","R","BOSS","M","M","M","?","?","R","?","M","T","R","M","M","R","$","R","BOSS","M","M","M","$","M","R","?","E","T","?","?","M","R","M","R","BOSS"],"build_version":"2019-07-17","purchased_purges":1,"victory":false,"max_hp_per_floor":[75,75,75,75,75,75,75,75,75,75,75,75,75,75,75,75,75,75,75,75,75,75,75,75,75,75,75,75,75,75,75,75,75,75,75,75,75,75,75,75,75,75,75,75,75,75,75,75,75,75],"card_choices":[{"not_picked":["Cold Snap","Capacitor"],"picked":"Conserve Battery","floor":1},{"not_picked":["Barrage","Heatsinks"],"picked":"Fusion","floor":2},{"not_picked":["Cold Snap","Coolheaded"],"picked":"Hologram","floor":4},{"not_picked":["Leap","Sweeping Beam"],"picked":"Stack","floor":8},{"not_picked":["White Noise","Streamline"],"picked":"FTL","floor":10},{"not_picked":["Thunder Strike","Capacitor"],"picked":"Gash","floor":12},{"not_picked":["Streamline","Compile Driver"],"picked":"Go for the Eyes","floor":14},{"not_picked":["Creative AI","Machine Learning"],"picked":"Reboot","floor":16},{"not_picked":["Ball Lightning","Streamline"],"picked":"Reinforced Body","floor":17},{"not_picked":["Reinforced Body","Heatsinks"],"picked":"Streamline","floor":17},{"not_picked":["Ball Lightning","Chaos"],"picked":"Scrape","floor":17},{"not_picked":["Coolheaded","Ball Lightning"],"picked":"Go for the Eyes","floor":17},{"not_picked":["Leap+1","Steam"],"picked":"Go for the Eyes","floor":18},{"not_picked":["Barrage","Conserve Battery+1"],"picked":"Tempest+1","floor":19},{"not_picked":["Rip and Tear","Conserve Battery"],"picked":"Beam Cell","floor":20},{"not_picked":["Capacitor","Steam+1"],"picked":"Multi-Cast","floor":25},{"not_picked":["Go for the Eyes","Leap+1"],"picked":"Gash","floor":28},{"not_picked":["Hologram","Compile Driver","Cold Snap"],"picked":"SKIP","floor":29},{"not_picked":["Seek","Machine Learning"],"picked":"All For One","floor":33},{"not_picked":["Rip and Tear","Ball Lightning+1"],"picked":"Defragment","floor":35},{"not_picked":["Coolheaded+1","FTL"],"picked":"Hologram+1","floor":36},{"not_picked":["Gash","Hologram+1"],"picked":"Skim+1","floor":37},{"not_picked":["Defragment","Go for the Eyes"],"picked":"FTL+1","floor":39},{"not_picked":["Scrape+1","FTL"],"picked":"Redo+1","floor":42},{"not_picked":["Go for the Eyes","Streamline+1"],"picked":"Gash+1","floor":44},{"not_picked":["Doom and Gloom+1","Go for the Eyes"],"picked":"Gash","floor":45},{"not_picked":["Aggregate+1","Reinforced Body"],"picked":"White Noise+1","floor":46},{"not_picked":["Double Energy","Biased Cognition"],"picked":"Coolheaded+1","floor":48}],"player_experience":24935,"relics_obtained":[{"floor":9,"key":"Mummified Hand"},{"floor":11,"key":"Peace Pipe"},{"floor":26,"key":"Darkstone Periapt"},{"floor":42,"key":"Regal Pillow"},{"floor":43,"key":"Bronze Scales"}],"event_choices":[{"cards_removed":["Strike_B"],"damage_healed":0,"gold_gain":0,"player_choice":"Card Removal","damage_taken":7,"max_hp_gain":0,"max_hp_loss":0,"event_name":"Golden Wing","floor":3,"gold_loss":0},{"cards_removed":["Defend_B"],"damage_healed":0,"gold_gain":0,"player_choice":"Forget","damage_taken":0,"max_hp_gain":0,"max_hp_loss":0,"event_name":"Living Wall","floor":7,"gold_loss":0},{"damage_healed":0,"gold_gain":0,"player_choice":"Opened","damage_taken":0,"relics_obtained":["Old Coin"],"max_hp_gain":0,"max_hp_loss":0,"event_name":"The Mausoleum","floor":21,"gold_loss":0,"cards_obtained":["Writhe"]},{"damage_healed":0,"gold_gain":0,"player_choice":"Simplicity","damage_taken":0,"max_hp_gain":0,"max_hp_loss":0,"event_name":"Back to Basics","floor":22,"gold_loss":0,"cards_upgraded":["Strike_B","Strike_B","Strike_B","Defend_B","Defend_B","Defend_B"]},{"damage_healed":0,"gold_gain":0,"player_choice":"Ignored","damage_taken":0,"max_hp_gain":0,"max_hp_loss":0,"event_name":"Vampires","floor":24,"gold_loss":0},{"damage_healed":0,"gold_gain":0,"cards_transformed":["Strike_B"],"player_choice":"Transformed","damage_taken":0,"max_hp_gain":0,"max_hp_loss":0,"event_name":"Transmorgrifier","floor":41,"gold_loss":0,"cards_obtained":["Reinforced Body"]}],"is_beta":false,"boss_relics":[{"not_picked":["Black Star","Runic Dome"],"picked":"Orrery"},{"not_picked":["Fusion Hammer","Coffee Dripper"],"picked":"Nuclear Battery"}],"items_purged_floors":[31],"is_endless":false,"potions_floor_spawned":[2,4,10,14,16,18,20,33,42,46],"killed_by":"Time Eater","ascension_level":0}