{"gold_per_floor":[117,134,154,154,168,200,200,219,219,219,36,71,71,85,85,190,190,204,204,222,237,237,265,265,296,323,357,357,372,392,317,317,412,412,427,427,356,1355,252,285,285,295,295,323,323,335,335,369,369,369,369,369,32,66,66],"floor_reached":56,"playtime":6856,"items_purged":["Normality"],"score":1789,"play_id":"c4b12551-6076-4774-b29f-4c781ca6a59e","local_time":"20191013224652","is_ascension_mode":true,"campfire_choices":[{"data":"Well Laid Plans","floor":7.0,"key":"SMITH"},{"data":"Dash","floor":10.0,"key":"SMITH"},{"data":"PiercingWail","floor":15.0,"key":"SMITH"},{"data":"RitualDagger","floor":24.0,"key":"SMITH"},{"data":"Wraith Form v2","floor":28.0,"key":"SMITH"},{"floor":32,"key":"REST"},{"data":"Footwork","floor":41,"key":"SMITH"},{"floor":45,"key":"RECALL"},{"data":"Well Laid Plans","floor":47,"key":"SMITH"},{"data":"After Image","floor":49,"key":"SMITH"},{"data":"Acrobatics","floor":52,"key":"SMITH"}],"neow_cost":"NONE","seed_source_timestamp":0,"circlet_count":0,"master_deck":["Defend_G","Defend_G","Defend_G","Survivor","Neutralize+1","PiercingWail+1","Well Laid Plans+1","Backflip","Deflect","Corpse Explosion+1","Leg Sweep","Dash+1","Malaise","Acrobatics+1","Cloak And Dagger+1","Malaise+1","Riddle With Holes+1","Choke+1","Blur+1","Dagger Spray+1","Dagger Throw","Phantasmal Killer+1","Poisoned Stab","Skewer","RitualDagger+1","Dodge and Roll+1","Wraith Form v2+1","Backflip+1","Dodge and Roll+1","Catalyst+1","Deadly Poison+1","After Image+1","Noxious Fumes+1","Footwork+1","Normality","Well Laid Plans+1","Cloak And Dagger+1","Dark Shackles+1","Setup+1","Calculated Gamble+1","Bouncing Flask+1","Caltrops","Burst+1","Backflip+1"],"special_seed":0,"relics":["Ring of the Snake","PreservedInsect","Incense Burner","Toxic Egg 2","Astrolabe","Ginger","Bag of Preparation","Dream Catcher","Bag of Marbles","HoveringKite","OrangePellets","Anchor","Singing Bowl","Bottled Tornado","Blue Candle","Blood Vial","Bronze Scales","Torii"],"potions_floor_usage":[33,54,55,55],"damage_taken":[{"damage":7.0,"enemies":"Small Slimes","floor":1.0,"turns":4.0},{"damage":1.0,"enemies":"Cultist","floor":2.0,"turns":5.0},{"damage":0.0,"enemies":"2 Louse","floor":3.0,"turns":4.0},{"damage":1.0,"enemies":"2 Fungi Beasts","floor":5.0,"turns":5.0},{"damage":3.0,"enemies":"3 Sentries","floor":6.0,"turns":5.0},{"damage":1.0,"enemies":"Looter","floor":8.0,"turns":4.0},{"damage":12.0,"enemies":"Lagavulin","floor":12.0,"turns":10.0},{"damage":0.0,"enemies":"3 Louse","floor":14.0,"turns":2.0},{"damage":4.0,"enemies":"The Guardian","floor":16.0,"turns":14.0},{"damage":0.0,"enemies":"Shell Parasite","floor":18.0,"turns":8.0},{"damage":0.0,"enemies":"3 Byrds","floor":20.0,"turns":6.0},{"damage":6.0,"enemies":"Snake Plant","floor":21.0,"turns":5.0},{"damage":15.0,"enemies":"Slavers","floor":23.0,"turns":2.0},{"damage":7.0,"enemies":"Book of Stabbing","floor":25.0,"turns":9.0},{"damage":0.0,"enemies":"Gremlin Leader","floor":27.0,"turns":7.0},{"damage":0,"enemies":"Snecko","floor":29,"turns":2},{"damage":2,"enemies":"Centurion and Healer","floor":30,"turns":5},{"damage":23,"enemies":"Automaton","floor":33,"turns":11},{"damage":0,"enemies":"3 Darklings","floor":35,"turns":1},{"damage":0,"enemies":"Giant Head","floor":40,"turns":8},{"damage":0,"enemies":"3 Shapes","floor":42,"turns":3},{"damage":0,"enemies":"Reptomancer","floor":44,"turns":8},{"damage":0,"enemies":"Writhing Mass","floor":46,"turns":6},{"damage":0,"enemies":"Giant Head","floor":48,"turns":6},{"damage":9,"enemies":"Time Eater","floor":50,"turns":11},{"damage":14,"enemies":"Shield and Spear","floor":54,"turns":4},{"damage":16,"enemies":"The Heart","floor":55,"turns":10}],"seed_played":"-673751571409597692","potions_obtained":[{"floor":1.0,"key":"SneckoOil"},{"floor":2.0,"key":"SteroidPotion"},{"floor":5.0,"key":"Dexterity Potion"},{"floor":6.0,"key":"Ancient Potion"},{"floor":16.0,"key":"Strength Potion"},{"floor":20.0,"key":"SpeedPotion"},{"floor":27.0,"key":"Explosive Potion"},{"floor":33,"key":"Strength Potion"},{"floor":42,"key":"Regen Potion"}],"is_trial":false,"path_per_floor":["M","M","M","?","M","E","R","M","T","R","$","E","?","M","R","B",null,"M","?","M","M","?","E","R","E","T","E","R","M","M","?","R","B",null,"M","?","$","?","$","E","R","M","T","E","R","M","R","E","R","B",null,"R","$","E","B",null],"character_chosen":"THE_SILENT","items_purchased":["Malaise","Acrobatics","Footwork","OrangePellets","Well Laid Plans","Cloak And Dagger+1","Dark Shackles+1","Setup+1","Anchor","Singing Bowl","Dexterity Potion","GhostInAJar","Bronze Scales","Caltrops","Burst+1"],"campfire_rested":1,"item_purchase_floors":[11,11,37,39,39,39,39,39,39,39,39,39,53,53,53],"current_hp_per_floor":[56,55,55,55,54,51,51,50,50,50,50,38,38,38,38,34,61,61,61,61,55,49,34,34,27,27,27,27,27,25,25,46,23,58,58,58,58,58,58,58,58,58,58,58,58,60,60,62,62,55,66,66,66,54,54],"gold":66,"neow_bonus":"UPGRADE_CARD","is_prod":false,"is_daily":false,"chose_seed":false,"campfire_upgraded":9,"win_rate":0,"timestamp":1571032012,"path_taken":["M","M","M","?","?","E","R","M","T","R","$","E","?","M","R","BOSS","M","?","M","M","?","E","R","E","T","E","R","M","M","?","R","BOSS","M","?","$","?","$","E","R","M","T","E","R","M","R","E","R","BOSS","R","$","E","BOSS"],"build_version":"2019-07-17","purchased_purges":1,"victory":true,"max_hp_per_floor":[70,70,70,70,70,70,70,70,70,70,70,70,70,70,70,70,70,70,70,70,70,70,70,70,70,70,70,70,70,70,70,70,70,70,70,66,66,66,66,66,66,66,66,66,66,68,68,70,70,70,70,70,70,70,70],"card_choices":[{"not_picked":["Deflect","Flechettes"],"picked":"PiercingWail","floor":1.0},{"not_picked":["Dagger Spray","Blade Dance"],"picked":"Well Laid Plans","floor":2.0},{"not_picked":["Terror","Blade Dance"],"picked":"Backflip","floor":3.0},{"not_picked":["Reflex","Dagger Throw"],"picked":"Corpse Explosion","floor":5.0},{"not_picked":["Blur","Outmaneuver"],"picked":"Leg Sweep","floor":6.0},{"not_picked":["Flechettes","Dagger Spray"],"picked":"Dash","floor":8.0},{"not_picked":["Dash","Slice","Flying Knee"],"picked":"SKIP","floor":12.0},{"not_picked":["Escape Plan+1","Dagger Throw"],"picked":"Cloak And Dagger+1","floor":14.0},{"not_picked":["Bullet Time+1","Tools of the Trade"],"picked":"Malaise+1","floor":16.0},{"not_picked":["Sucker Punch","Prepared+1"],"picked":"Dagger Spray+1","floor":18.0},{"not_picked":["Finisher","Bane+1"],"picked":"Poisoned Stab","floor":20.0},{"not_picked":["Endless Agony","All Out Attack"],"picked":"Skewer","floor":21.0},{"not_picked":["Dash","Acrobatics+1"],"picked":"Dodge and Roll+1","floor":23.0},{"not_picked":["Cloak And Dagger+1","Noxious Fumes+1"],"picked":"Wraith Form v2","floor":25.0},{"not_picked":["Acrobatics+1","Bane"],"picked":"Backflip+1","floor":27.0},{"not_picked":["Dagger Throw","Underhanded Strike+1"],"picked":"Dodge and Roll+1","floor":29},{"not_picked":["Concentrate+1","Slice"],"picked":"Catalyst+1","floor":30},{"not_picked":["Blur+1","Reflex+1"],"picked":"Deadly Poison+1","floor":32},{"not_picked":["Tools of the Trade","Storm of Steel+1"],"picked":"After Image","floor":33},{"not_picked":["Quick Slash","Predator"],"picked":"Noxious Fumes+1","floor":35},{"not_picked":["Outmaneuver+1","Slice","PiercingWail+1"],"picked":"SKIP","floor":40},{"not_picked":["Slice+1","Distraction+1"],"picked":"Calculated Gamble+1","floor":42},{"not_picked":["Terror+1","Endless Agony"],"picked":"Bouncing Flask+1","floor":44},{"not_picked":["Dagger Spray","Riddle With Holes+1","Prepared+1"],"picked":"Singing Bowl","floor":46},{"not_picked":["Cloak And Dagger+1","Heel Hook+1","Quick Slash"],"picked":"Singing Bowl","floor":48},{"not_picked":["Finisher+1","Underhanded Strike+1"],"picked":"Backflip+1","floor":54}],"player_experience":321894,"relics_obtained":[{"floor":6.0,"key":"PreservedInsect"},{"floor":9.0,"key":"Incense Burner"},{"floor":12.0,"key":"Toxic Egg 2"},{"floor":23.0,"key":"Ginger"},{"floor":25.0,"key":"Bag of Preparation"},{"floor":26.0,"key":"Dream Catcher"},{"floor":27.0,"key":"Bag of Marbles"},{"floor":40,"key":"Bottled Tornado"},{"floor":44,"key":"Blue Candle"},{"floor":48,"key":"Blood Vial"},{"floor":54,"key":"Torii"}],"event_choices":[{"damage_healed":0.0,"max_hp_gain":0.0,"max_hp_loss":0.0,"gold_gain":0.0,"cards_transformed":["Defend_G"],"event_name":"Transmorgrifier","player_choice":"Transformed","floor":4.0,"gold_loss":0.0,"damage_taken":0.0,"cards_obtained":["Deflect"]},{"damage_healed":0.0,"max_hp_gain":0.0,"max_hp_loss":0.0,"gold_gain":0.0,"event_name":"Living Wall","player_choice":"Grow","floor":13.0,"gold_loss":0.0,"damage_taken":0.0,"cards_upgraded":["Corpse Explosion"]},{"damage_healed":0.0,"max_hp_gain":0.0,"max_hp_loss":0.0,"gold_gain":0.0,"cards_transformed":["Strike_G","Strike_G"],"event_name":"Drug Dealer","player_choice":"Became Test Subject","floor":19.0,"gold_loss":0.0,"damage_taken":0.0,"cards_obtained":["Dagger Throw","Phantasmal Killer"]},{"damage_healed":0.0,"max_hp_gain":0.0,"max_hp_loss":0.0,"gold_gain":0.0,"event_name":"Nest","player_choice":"Joined the Cult","floor":22.0,"gold_loss":0.0,"damage_taken":6.0,"cards_obtained":["RitualDagger"]},{"cards_removed":["Strike_G"],"damage_healed":0,"gold_gain":0,"player_choice":"Gave Gold","damage_taken":0,"max_hp_gain":0,"max_hp_loss":0,"event_name":"Beggar","floor":31,"gold_loss":75},{"damage_healed":0,"gold_gain":0,"player_choice":"Max HP","damage_taken":0,"max_hp_gain":0,"max_hp_loss":4,"event_name":"Winding Halls","floor":36,"gold_loss":0},{"damage_healed":0,"gold_gain":999,"player_choice":"Gold","damage_taken":0,"max_hp_gain":0,"max_hp_loss":0,"event_name":"MindBloom","floor":38,"gold_loss":0,"cards_obtained":["Normality","Normality"]}],"is_beta":false,"boss_relics":[{"not_picked":["Busted Crown","Eternal Feather"],"picked":"Astrolabe"},{"not_picked":["Tiny House","Lizard Tail"],"picked":"HoveringKite"}],"items_purged_floors":[39],"is_endless":false,"potions_floor_spawned":[1,2,5,6,16,20,21,27,33,42,44,46],"ascension_level":7}