{"gold_per_floor":[119,119,119,137,155,155,165,165,165,165,175,175,193,40,40,144,144,162,162,177,137,157,157,176,176],"floor_reached":25,"playtime":666,"items_purged":["Strike_R"],"score":282,"play_id":"c7d31610-c3f6-49fe-a2cd-19e07063c676","local_time":"20190418225206","is_ascension_mode":true,"campfire_choices":[{"data":"Inflame","floor":6,"key":"SMITH"},{"data":"Hemokinesis","floor":8,"key":"SMITH"},{"data":"Flex","floor":10,"key":"SMITH"},{"data":"Bash","floor":12,"key":"SMITH"},{"data":"Clash","floor":15,"key":"SMITH"},{"data":"Armaments","floor":23,"key":"SMITH"}],"neow_cost":"PERCENT_DAMAGE","seed_source_timestamp":2262919993581900,"circlet_count":0,"master_deck":["Defend_R","Defend_R","Defend_R","Bash+1","Berserk+1","Brutality","Infernal Blade+1","Inflame+1","Hemokinesis+1","Flex+1","Dual Wield","Clash+1","Offering","Brutality+1","Rampage+1","Cleave+1","Bloodletting","Shrug It Off","Armaments+1","True Grit+1"],"relics":["Burning Blood","Magic Flower","Astrolabe"],"potions_floor_usage":[5,13,16,18,22,22,24,25,25],"damage_taken":[{"damage":23,"enemies":"Small Slimes","floor":1,"turns":4},{"damage":0,"enemies":"2 Louse","floor":4,"turns":2},{"damage":1,"enemies":"Cultist","floor":5,"turns":2},{"damage":3,"enemies":"3 Louse","floor":7,"turns":2},{"damage":10,"enemies":"Blue Slaver","floor":11,"turns":2},{"damage":10,"enemies":"Lots of Slimes","floor":13,"turns":2},{"damage":9,"enemies":"Slime Boss","floor":16,"turns":6},{"damage":28,"enemies":"2 Thieves","floor":18,"turns":2},{"damage":7,"enemies":"Spheric Guardian","floor":20,"turns":2},{"damage":22,"enemies":"Snecko","floor":22,"turns":3},{"damage":60,"enemies":"Cultist and Chosen","floor":24,"turns":6},{"damage":37,"enemies":"Chosen and Byrds","floor":25,"turns":3}],"seed_played":"-7784464734355573377","potions_obtained":[{"floor":1,"key":"Energy Potion"},{"floor":11,"key":"BloodPotion"},{"floor":13,"key":"EssenceOfSteel"},{"floor":21,"key":"Regen Potion"},{"floor":21,"key":"GamblersBrew"},{"floor":21,"key":"AttackPotion"},{"floor":22,"key":"Regen Potion"},{"floor":24,"key":"PowerPotion"}],"is_trial":false,"path_per_floor":["M","?","?","M","M","R","M","R","T","R","M","R","M","$","R","B",null,"M","?","M","?","M","R","M","M"],"character_chosen":"IRONCLAD","items_purchased":["Regen Potion"],"campfire_rested":0,"item_purchase_floors":[14],"current_hp_per_floor":[39,39,39,45,50,50,53,53,53,53,52,52,63,63,63,80,80,61,61,63,63,64,64,32,0],"gold":176,"neow_bonus":"TRANSFORM_TWO_CARDS","is_prod":false,"is_daily":false,"chose_seed":false,"campfire_upgraded":6,"win_rate":0,"timestamp":1555617126,"path_taken":["M","?","?","M","?","R","M","R","T","R","M","R","M","$","R","BOSS","M","?","M","?","M","R","M","?"],"build_version":"2019-01-23","purchased_purges":1,"victory":false,"max_hp_per_floor":[80,80,80,80,80,80,80,80,80,80,80,80,80,80,80,80,80,80,80,80,80,80,80,80,80],"card_choices":[{"not_picked":["Spot Weakness","Wild Strike"],"picked":"Infernal Blade","floor":1},{"not_picked":["Clash","Havoc"],"picked":"Inflame","floor":4},{"not_picked":["Body Slam","Evolve"],"picked":"Hemokinesis","floor":5},{"not_picked":["Armaments","Twin Strike"],"picked":"Flex","floor":7},{"not_picked":["Shrug It Off","Pommel Strike"],"picked":"Dual Wield","floor":11},{"not_picked":["Warcry","Seeing Red"],"picked":"Clash","floor":13},{"not_picked":["Exhume","Double Tap"],"picked":"Offering","floor":16},{"not_picked":["Sentinel","Fire Breathing"],"picked":"Bloodletting","floor":18},{"not_picked":["Combust","Sever Soul"],"picked":"Shrug It Off","floor":20},{"not_picked":["Wild Strike","Combust"],"picked":"Armaments","floor":22},{"not_picked":["Thunderclap","Twin Strike+1"],"picked":"True Grit+1","floor":24}],"player_experience":312340,"relics_obtained":[{"floor":9,"key":"Magic Flower"}],"event_choices":[{"damage_healed":0,"gold_gain":0,"player_choice":"Grow","damage_taken":0,"max_hp_gain":0,"max_hp_loss":0,"event_name":"Living Wall","floor":2,"gold_loss":0,"cards_upgraded":["Infernal Blade"]},{"damage_healed":0,"gold_gain":0,"player_choice":"Upgraded","damage_taken":0,"max_hp_gain":0,"max_hp_loss":0,"event_name":"Upgrade Shrine","floor":3,"gold_loss":0,"cards_upgraded":["Berserk"]},{"damage_healed":0,"gold_gain":0,"player_choice":"Ignored","damage_taken":0,"max_hp_gain":0,"max_hp_loss":0,"event_name":"Vampires","floor":19,"gold_loss":0},{"damage_healed":0,"gold_gain":0,"player_choice":"Bought 3 Potions","damage_taken":0,"max_hp_gain":0,"max_hp_loss":0,"event_name":"The Woman in Blue","floor":21,"gold_loss":0}],"is_beta":false,"boss_relics":[{"not_picked":["Black Star","Orrery"],"picked":"Astrolabe"}],"items_purged_floors":[14],"is_endless":false,"potions_floor_spawned":[1,11,13,22,24],"killed_by":"Chosen and Byrds","ascension_level":3}