{"gold_per_floor":[113,113,130,130,147,147,166,199,222,222,222,147,164,64,64,64],"floor_reached":16,"playtime":563,"items_purged":["Defend_R","Defend_R"],"score":105,"play_id":"cbcf5a44-dcd1-4c53-ad32-13503006338d","local_time":"20191024205459","is_ascension_mode":true,"campfire_choices":[{"data":"Defend_R","floor":6.0,"key":"SMITH"},{"floor":11.0,"key":"REST"},{"data":"Strike_R","floor":15.0,"key":"SMITH"}],"neow_cost":"PERCENT_DAMAGE","seed_source_timestamp":998216964576900,"circlet_count":0,"master_deck":["Strike_R+1","Strike_R","Defend_R","Defend_R+1","Bash+1"],"special_seed":0,"relics":["Burning Blood","Vajra","Anchor"],"potions_floor_usage":[16,16],"damage_taken":[{"damage":3.0,"enemies":"2 Louse","floor":1.0,"turns":4.0},{"damage":1.0,"enemies":"Cultist","floor":3.0,"turns":3.0},{"damage":5.0,"enemies":"Jaw Worm","floor":5.0,"turns":4.0},{"damage":24.0,"enemies":"Exordium Thugs","floor":7.0,"turns":6.0},{"damage":22.0,"enemies":"Gremlin Nob","floor":8.0,"turns":4.0},{"damage":6.0,"enemies":"Exordium Wildlife","floor":13.0,"turns":4.0},{"damage":61,"enemies":"Hexaghost","floor":16,"turns":11}],"seed_played":"-1426976885205865540","potions_obtained":[{"floor":8.0,"key":"Dexterity Potion"},{"floor":13.0,"key":"PowerPotion"}],"is_trial":false,"path_per_floor":["M","?","M","?","M","R","M","E","T","?","R","$","M","$","R","B"],"character_chosen":"IRONCLAD","items_purchased":[],"campfire_rested":1,"item_purchase_floors":[],"current_hp_per_floor":[59,59,64,69,70,70,52,36,36,36,61,61,61,61,61,0],"gold":64,"neow_bonus":"REMOVE_TWO","is_prod":false,"is_daily":false,"chose_seed":false,"campfire_upgraded":2,"win_rate":0,"timestamp":1571943299,"path_taken":["M","?","?","?","M","R","M","E","T","?","R","$","M","$","R","BOSS"],"build_version":"2019-07-17","purchased_purges":2,"victory":false,"max_hp_per_floor":[80,80,80,85,85,85,85,85,85,85,85,85,85,85,85,85],"card_choices":[{"not_picked":["Body Slam","Iron Wave","Havoc"],"picked":"SKIP","floor":1.0},{"not_picked":["Clash","Pummel","Searing Blow"],"picked":"SKIP","floor":3.0},{"not_picked":["Flex","Headbutt","Havoc"],"picked":"SKIP","floor":5.0},{"not_picked":["Headbutt","Shrug It Off","Sever Soul"],"picked":"SKIP","floor":7.0},{"not_picked":["Headbutt","Feed","Power Through"],"picked":"SKIP","floor":8.0},{"not_picked":["Cleave","Feel No Pain","Clothesline"],"picked":"SKIP","floor":13.0}],"player_experience":334386,"relics_obtained":[{"floor":8.0,"key":"Vajra"},{"floor":9.0,"key":"Anchor"}],"event_choices":[{"damage_healed":0.0,"max_hp_gain":0.0,"max_hp_loss":0.0,"gold_gain":0.0,"event_name":"Accursed Blacksmith","player_choice":"Forge","floor":2.0,"gold_loss":0.0,"damage_taken":0.0,"cards_upgraded":["Bash"]},{"damage_healed":0.0,"max_hp_gain":5.0,"max_hp_loss":0.0,"gold_gain":0.0,"event_name":"Big Fish","player_choice":"Donut","floor":4.0,"gold_loss":0.0,"damage_taken":0.0},{"cards_removed":["Strike_R"],"damage_healed":0.0,"max_hp_gain":0.0,"max_hp_loss":0.0,"gold_gain":0.0,"event_name":"Bonfire Elementals","player_choice":"Offered Basic","floor":10.0,"gold_loss":0.0,"damage_taken":0.0}],"is_beta":false,"boss_relics":[],"items_purged_floors":[12,14],"is_endless":false,"potions_floor_spawned":[8,13],"killed_by":"Hexaghost","ascension_level":1}