{"gold_per_floor":[116,128,53,53,3,3,18,33,57,75,86,97,97,97,97,202,202,219,28,39,58,78,78,96,107,157,357,377,394,309,324,324,324],"floor_reached":33,"playtime":3774,"items_purged":["Strike_B"],"score":247,"play_id":"7e4fb120-5319-44e5-9964-07fc3fe6dfd6","local_time":"20191022025737","is_ascension_mode":false,"campfire_choices":[{"data":"Zap","floor":6.0,"key":"SMITH"},{"data":"Hologram","floor":13.0,"key":"SMITH"},{"data":"Dualcast","floor":15.0,"key":"SMITH"},{"floor":23.0,"key":"REST"},{"floor":32,"key":"REST"}],"neow_cost":"NONE","seed_source_timestamp":0,"circlet_count":0,"master_deck":["Strike_B","Strike_B","Strike_B","Defend_B","Defend_B","Defend_B","Defend_B","Zap+1","Dualcast+1","Impatience","Melter","Coolheaded","Heatsinks","Barrage","Melter","Hologram+1","Ball Lightning","Skim","Echo Form","Steam+1","Defragment","Barrage","Ball Lightning+1","Leap+1","Coolheaded+1","Conserve Battery","Undo+1","Hologram","Go for the Eyes+1"],"special_seed":0,"relics":["Cracked Core","Orichalcum","Black Star","Bag of Marbles","Pen Nib"],"potions_floor_usage":[33],"damage_taken":[{"damage":1.0,"enemies":"Cultist","floor":1.0,"turns":3.0},{"damage":0.0,"enemies":"Small Slimes","floor":2.0,"turns":3.0},{"damage":0.0,"enemies":"2 Louse","floor":7.0,"turns":3.0},{"damage":5.0,"enemies":"Looter","floor":8.0,"turns":2.0},{"damage":1.0,"enemies":"Gremlin Gang","floor":10.0,"turns":4.0},{"damage":5.0,"enemies":"Exordium Wildlife","floor":11.0,"turns":4.0},{"damage":3.0,"enemies":"3 Louse","floor":12.0,"turns":2.0},{"damage":36.0,"enemies":"The Guardian","floor":16.0,"turns":12.0},{"damage":2.0,"enemies":"Chosen","floor":18.0,"turns":5.0},{"damage":7.0,"enemies":"Shell Parasite","floor":20.0,"turns":3.0},{"damage":13.0,"enemies":"Snecko","floor":21.0,"turns":4.0},{"damage":5.0,"enemies":"Chosen and Byrds","floor":22.0,"turns":5.0},{"damage":1.0,"enemies":"Sentry and Sphere","floor":24.0,"turns":3.0},{"damage":21.0,"enemies":"3 Cultists","floor":25.0,"turns":6.0},{"damage":22.0,"enemies":"Chosen and Byrds","floor":28.0,"turns":7.0},{"damage":6.0,"enemies":"Cultist and Chosen","floor":29.0,"turns":6.0},{"damage":3,"enemies":"Centurion and Healer","floor":31,"turns":7},{"damage":52,"enemies":"Collector","floor":33,"turns":8}],"seed_played":"985333086080932483","potions_obtained":[{"floor":1.0,"key":"FocusPotion"},{"floor":7.0,"key":"Poison Potion"},{"floor":10.0,"key":"Fire Potion"},{"floor":11.0,"key":"Regen Potion"},{"floor":16.0,"key":"Ancient Potion"},{"floor":18.0,"key":"AttackPotion"},{"floor":21.0,"key":"Swift Potion"},{"floor":29.0,"key":"Explosive Potion"}],"is_trial":false,"path_per_floor":["M","M","$","?","$","R","M","M","T","M","M","M","R","?","R","B",null,"M","$","M","M","M","R","M","M","T","?","M","M","?","M","R","B"],"character_chosen":"DEFECT","items_purchased":["Heatsinks","Barrage","Defragment","Barrage"],"campfire_rested":2,"item_purchase_floors":[3,5,19,19],"current_hp_per_floor":[74,74,74,74,74,74,74,69,69,68,63,60,60,65,65,44,80,78,78,71,58,53,77,76,55,55,55,33,27,27,24,48,0],"gold":324,"neow_bonus":"RANDOM_COLORLESS","is_prod":false,"is_daily":false,"chose_seed":false,"campfire_upgraded":3,"win_rate":0,"timestamp":1571734657,"path_taken":["M","M","?","?","$","R","M","?","T","M","M","M","R","?","R","BOSS","M","$","M","M","M","R","M","M","T","?","M","?","?","M","R","BOSS"],"build_version":"2019-07-17","purchased_purges":1,"victory":false,"max_hp_per_floor":[75,75,75,75,75,75,75,75,75,75,75,75,75,80,80,80,80,80,80,80,80,80,80,80,80,80,80,80,80,80,80,80,80],"card_choices":[{"not_picked":["Steam","Turbo"],"picked":"Melter","floor":1.0},{"not_picked":["Reprogram","Double Energy"],"picked":"Coolheaded","floor":2.0},{"not_picked":["Tempest","Lockon"],"picked":"Melter","floor":7.0},{"not_picked":["Auto Shields","Steam"],"picked":"Hologram","floor":8.0},{"not_picked":["Steam","Recycle"],"picked":"Ball Lightning","floor":10.0},{"not_picked":["Turbo","Blizzard"],"picked":"Skim","floor":11.0},{"not_picked":["Scrape","Rip and Tear","Rebound"],"picked":"SKIP","floor":12.0},{"not_picked":["Core Surge","Thunder Strike"],"picked":"Echo Form","floor":16.0},{"not_picked":["Lockon","Rebound"],"picked":"Steam+1","floor":18.0},{"not_picked":["Storm","Conserve Battery"],"picked":"Ball Lightning+1","floor":20.0},{"not_picked":["Fusion","Beam Cell"],"picked":"Leap+1","floor":21.0},{"not_picked":["Turbo","Loop"],"picked":"Coolheaded+1","floor":22.0},{"not_picked":["Heatsinks","Streamline"],"picked":"Conserve Battery","floor":24.0},{"not_picked":["Hyperbeam","Gash"],"picked":"Undo+1","floor":25.0},{"not_picked":["Steam","Sweeping Beam"],"picked":"Hologram","floor":28.0},{"not_picked":["Steam","Streamline","Rebound"],"picked":"SKIP","floor":29.0},{"not_picked":["Sweeping Beam","Static Discharge+1"],"picked":"Go for the Eyes+1","floor":31}],"player_experience":419074,"relics_obtained":[{"floor":9.0,"key":"Orichalcum"},{"floor":26.0,"key":"Bag of Marbles"}],"event_choices":[{"damage_healed":0.0,"max_hp_gain":0.0,"max_hp_loss":0.0,"gold_gain":0.0,"event_name":"The Woman in Blue","player_choice":"Bought 0 Potions","floor":4.0,"gold_loss":0.0,"damage_taken":0.0},{"damage_healed":0.0,"max_hp_gain":5.0,"max_hp_loss":0.0,"gold_gain":0.0,"event_name":"Big Fish","player_choice":"Donut","floor":14.0,"gold_loss":0.0,"damage_taken":0.0},{"damage_healed":0.0,"max_hp_gain":0.0,"max_hp_loss":0.0,"gold_gain":250.0,"event_name":"The Joust","player_choice":"Bet on Owner","floor":27.0,"gold_loss":50.0,"damage_taken":0.0},{"damage_healed":0.0,"max_hp_gain":0.0,"max_hp_loss":0.0,"gold_gain":0.0,"event_name":"Addict","player_choice":"Obtained Relic","floor":30.0,"gold_loss":85.0,"damage_taken":0.0,"relics_obtained":["Pen Nib"]}],"is_beta":false,"boss_relics":[{"not_picked":["Runic Dome","Snecko Eye"],"picked":"Black Star"}],"items_purged_floors":[19],"is_endless":false,"potions_floor_spawned":[1,7,10,11,16,18,21,29],"killed_by":"Collector","ascension_level":0}