{"gold_per_floor":[360,535,549,97,172,200,200,57,57,92,103,103,53,70,70,165,165,177,191,91,107,107],"floor_reached":22,"playtime":1119,"items_purged":["Doubt","Strike_B"],"score":281,"play_id":"2a0e25a1-9093-4fd8-bab9-a1399a8c9487","local_time":"20191020145010","is_ascension_mode":true,"campfire_choices":[{"data":"Defragment","floor":7.0,"key":"SMITH"},{"data":"Dualcast","floor":12.0,"key":"SMITH"},{"data":"Go for the Eyes","floor":15.0,"key":"SMITH"}],"neow_cost":"TEN_PERCENT_HP_LOSS","seed_source_timestamp":0,"circlet_count":0,"master_deck":["Strike_B","Strike_B","Defend_B","Defend_B","Defend_B","Defend_B","Zap","Dualcast+1","Defragment+1","Leap","Doom and Gloom","Conserve Battery","Go for the Eyes+1","Compile Driver","Amplify","FTL","Consume+1","Conserve Battery+1"],"special_seed":0,"relics":["Cracked Core","Symbiotic Virus","Boot","Bronze Scales","Matryoshka","Inserter"],"potions_floor_usage":[21,22,22],"damage_taken":[{"damage":0.0,"enemies":"2 Louse","floor":1.0,"turns":3.0},{"damage":1.0,"enemies":"Small Slimes","floor":3.0,"turns":3.0},{"damage":10.0,"enemies":"Gremlin Nob","floor":6.0,"turns":3.0},{"damage":14.0,"enemies":"Lagavulin","floor":10.0,"turns":6.0},{"damage":0.0,"enemies":"Cultist","floor":11.0,"turns":4.0},{"damage":0.0,"enemies":"2 Fungi Beasts","floor":14.0,"turns":2.0},{"damage":4.0,"enemies":"Hexaghost","floor":16.0,"turns":9.0},{"damage":27,"enemies":"Shell Parasite","floor":18,"turns":7},{"damage":25,"enemies":"Spheric Guardian","floor":19,"turns":4},{"damage":0,"enemies":"Snecko","floor":21,"turns":4},{"damage":6,"enemies":"3 Cultists","floor":22,"turns":3}],"seed_played":"-8480332366927575958","potions_obtained":[{"floor":1.0,"key":"Strength Potion"},{"floor":3.0,"key":"Ancient Potion"},{"floor":6.0,"key":"Fire Potion"},{"floor":14.0,"key":"Explosive Potion"},{"floor":18,"key":"PowerPotion"},{"floor":21,"key":"SpeedPotion"}],"is_trial":false,"path_per_floor":["M","?","M","$","?","E","R","$","T","E","M","R","?","M","R","B",null,"M","M","$","M","M"],"character_chosen":"DEFECT","items_purchased":["Symbiotic Virus","Doom and Gloom","Explosive Potion","Bronze Scales"],"campfire_rested":0,"item_purchase_floors":[4,4,4,8],"current_hp_per_floor":[68,68,67,67,56,46,46,46,46,32,32,32,32,32,32,28,58,31,6,6,6,0],"gold":107,"neow_bonus":"TWO_FIFTY_GOLD","is_prod":false,"is_daily":false,"chose_seed":false,"campfire_upgraded":3,"win_rate":0,"timestamp":1571608210,"path_taken":["M","?","M","$","?","E","R","$","T","E","M","R","?","M","R","BOSS","M","M","$","M","M"],"build_version":"2019-07-17","purchased_purges":2,"victory":false,"max_hp_per_floor":[68,68,68,68,68,68,68,68,68,68,68,68,68,68,68,68,68,68,68,68,68,68],"card_choices":[{"not_picked":["Cold Snap","Turbo"],"picked":"Defragment","floor":1.0},{"not_picked":["Undo","Redo"],"picked":"Leap","floor":3.0},{"not_picked":["Stack","Rip and Tear"],"picked":"Conserve Battery","floor":6.0},{"not_picked":["Blizzard","Rip and Tear"],"picked":"Go for the Eyes","floor":10.0},{"not_picked":["Leap","Creative AI"],"picked":"Compile Driver","floor":11.0},{"not_picked":["Gash","Blizzard","Tempest"],"picked":"SKIP","floor":14.0},{"not_picked":["Thunder Strike","Reboot"],"picked":"Amplify","floor":16.0},{"not_picked":["Gash","Scrape+1"],"picked":"FTL","floor":18},{"not_picked":["Redo","Compile Driver+1"],"picked":"Consume+1","floor":19},{"not_picked":["Cold Snap","Leap"],"picked":"Conserve Battery+1","floor":21}],"player_experience":395912,"relics_obtained":[{"floor":6.0,"key":"Boot"},{"floor":10.0,"key":"Matryoshka"}],"event_choices":[{"damage_healed":0.0,"max_hp_gain":0.0,"max_hp_loss":0.0,"gold_gain":175.0,"event_name":"Liars Game","player_choice":"AGREE","floor":2.0,"gold_loss":0.0,"damage_taken":0.0,"cards_obtained":["Doubt"]},{"damage_healed":0.0,"max_hp_gain":0.0,"max_hp_loss":0.0,"gold_gain":75.0,"event_name":"World of Goop","player_choice":"Gather Gold","floor":5.0,"gold_loss":0.0,"damage_taken":11.0},{"cards_removed":["Strike_B"],"damage_healed":0.0,"max_hp_gain":0.0,"max_hp_loss":0.0,"gold_gain":0.0,"event_name":"The Cleric","player_choice":"Card Removal","floor":13.0,"gold_loss":50.0,"damage_taken":0.0}],"is_beta":false,"boss_relics":[{"not_picked":["Tiny House","Philosopher\u0027s Stone"],"picked":"Inserter"}],"items_purged_floors":[4,20],"is_endless":false,"potions_floor_spawned":[1,3,6,14,18,21],"killed_by":"3 Cultists","ascension_level":9}