{"gold_per_floor":[109,126,126,10,25,25,57,57,82,92,92,167,177,197,197,293,293,306,306,306,52,64,99,114,129,129,44,60,76,145,173,173,277,277,292,309,328,373,47,47,73,91,143,143,156,156,175,209,221,233,245,257,57,83,83],"floor_reached":55,"playtime":2332,"items_purged":["Defend_R","Shame"],"score":821,"play_id":"9667c671-85e7-48bf-a8ab-4218d4a57aeb","local_time":"20190627200104","is_ascension_mode":false,"campfire_choices":[{"data":"Bash","floor":6,"key":"SMITH"},{"data":"Pommel Strike","floor":8,"key":"SMITH"},{"data":"Thunderclap","floor":11,"key":"SMITH"},{"data":"Pummel","floor":15,"key":"SMITH"},{"data":"Double Tap","floor":32,"key":"SMITH"},{"data":"Flame Barrier","floor":44,"key":"SMITH"},{"floor":49,"key":"RECALL"},{"data":"Shrug It Off","floor":52,"key":"SMITH"}],"neow_cost":"TEN_PERCENT_HP_LOSS","seed_source_timestamp":1045909496318978,"circlet_count":0,"master_deck":["Defend_R","Defend_R","Defend_R","Bash+1","Inflame+1","Pommel Strike+1","Pummel+1","Battle Trance","Thunderclap+1","Flame Barrier+1","Heavy Blade+1","Spot Weakness","Double Tap+1","Bloodletting+1","Shrug It Off+1","Shockwave+1","Impervious","Body Slam+1","Pommel Strike+1","Spot Weakness+1","Rage+1","Iron Wave+1","Feel No Pain"],"relics":["Burning Blood","Red Skull","PreservedInsect","Empty Cage","Whetstone","Letter Opener","Molten Egg 2","Singing Bowl","Matryoshka","Cursed Key","Dead Branch","Membership Card","Art of War","Mercury Hourglass","Blood Vial","MawBank","Bag of Preparation","Pantograph"],"potions_floor_usage":[16,16,23,24,33,33,38,50,50,55,55,55,55,55,55],"damage_taken":[{"damage":5,"enemies":"Jaw Worm","floor":1,"turns":5},{"damage":6,"enemies":"Cultist","floor":2,"turns":4},{"damage":0,"enemies":"Small Slimes","floor":5,"turns":2},{"damage":11,"enemies":"Gremlin Nob","floor":7,"turns":3},{"damage":5,"enemies":"3 Louse","floor":10,"turns":2},{"damage":10,"enemies":"Looter","floor":13,"turns":3},{"damage":4,"enemies":"Large Slime","floor":14,"turns":4},{"damage":0,"enemies":"Slime Boss","floor":16,"turns":3},{"damage":6,"enemies":"Spheric Guardian","floor":18,"turns":3},{"damage":6,"enemies":"Shell Parasite","floor":22,"turns":2},{"damage":13,"enemies":"Gremlin Leader","floor":23,"turns":2},{"damage":6,"enemies":"3 Cultists","floor":24,"turns":2},{"damage":16,"enemies":"Shelled Parasite and Fungi","floor":25,"turns":3},{"damage":21,"enemies":"Sentry and Sphere","floor":28,"turns":4},{"damage":6,"enemies":"Snecko","floor":29,"turns":4},{"damage":10,"enemies":"Book of Stabbing","floor":31,"turns":3},{"damage":27,"enemies":"Automaton","floor":33,"turns":6},{"damage":15,"enemies":"3 Darklings","floor":35,"turns":2},{"damage":0,"enemies":"3 Shapes","floor":36,"turns":4},{"damage":5,"enemies":"Jaw Worm Horde","floor":37,"turns":2},{"damage":22,"enemies":"2 Orb Walkers","floor":38,"turns":2},{"damage":4,"enemies":"Giant Head","floor":41,"turns":6},{"damage":5,"enemies":"Transient","floor":42,"turns":5},{"damage":10,"enemies":"Sphere and 2 Shapes","floor":45,"turns":3},{"damage":14,"enemies":"Jaw Worm Horde","floor":47,"turns":3},{"damage":8,"enemies":"Reptomancer","floor":48,"turns":3},{"damage":45,"enemies":"Donu and Deca","floor":50,"turns":7},{"damage":10,"enemies":"Shield and Spear","floor":54,"turns":4},{"damage":105,"enemies":"The Heart","floor":55,"turns":6}],"seed_played":"8447700193392659773","potions_obtained":[{"floor":5,"key":"SteroidPotion"},{"floor":10,"key":"FearPotion"},{"floor":13,"key":"Poison Potion"},{"floor":23,"key":"EssenceOfSteel"},{"floor":24,"key":"Fruit Juice"},{"floor":25,"key":"Weak Potion"},{"floor":37,"key":"FearPotion"},{"floor":38,"key":"Strength Potion"},{"floor":41,"key":"SteroidPotion"},{"floor":54,"key":"Swift Potion"}],"is_trial":false,"path_per_floor":["M","M","?","$","M","R","E","R","T","M","R","?","M","M","R","B",null,"M","?","?","$","M","E","M","M","T","?","M","M","T","E","R","B",null,"M","M","M","?","$","?","E","M","T","R","M","?","M","E","R","B",null,"R","$","E","B"],"character_chosen":"IRONCLAD","items_purchased":["Pommel Strike","Pummel","Spot Weakness","SteroidPotion","SkillPotion","Membership Card","Art of War","EntropicBrew","Bag of Preparation","Feel No Pain","SteroidPotion","Block Potion"],"campfire_rested":0,"item_purchase_floors":[4,4,21,21,21,39,39,39,53,53,53,53],"current_hp_per_floor":[72,72,72,72,72,72,67,67,67,68,68,57,53,55,55,61,72,72,72,72,72,72,65,70,60,60,60,45,45,45,43,43,22,79,70,76,79,63,63,63,67,70,70,70,70,70,64,64,64,27,87,87,87,85,0],"gold":83,"neow_bonus":"REMOVE_TWO","is_prod":false,"is_daily":false,"chose_seed":false,"campfire_upgraded":7,"win_rate":0,"timestamp":1561662064,"path_taken":["M","M","?","$","M","R","E","R","T","?","R","?","M","M","R","BOSS","M","?","?","$","M","E","M","M","T","?","M","M","?","E","R","BOSS","M","M","M","?","$","?","E","M","T","R","M","?","?","E","R","BOSS","R","$","E","BOSS"],"build_version":"2019-01-23","purchased_purges":2,"victory":false,"max_hp_per_floor":[72,72,72,72,72,72,72,72,72,72,72,72,72,72,72,72,72,72,72,72,72,72,72,77,77,77,77,77,77,77,79,79,79,79,79,79,81,81,81,81,83,85,85,85,87,87,87,87,87,87,87,87,87,89,89],"card_choices":[{"not_picked":["Cleave","Perfected Strike"],"picked":"Inflame","floor":1},{"not_picked":["Body Slam","Havoc","True Grit"],"picked":"SKIP","floor":2},{"not_picked":["Perfected Strike","Headbutt"],"picked":"Battle Trance","floor":5},{"not_picked":["Bloodletting","Sentinel"],"picked":"Thunderclap","floor":7},{"not_picked":["Warcry","Perfected Strike","Thunderclap"],"picked":"SKIP","floor":10},{"not_picked":["Shrug It Off","Clash"],"picked":"Flame Barrier","floor":13},{"not_picked":["Armaments","Fire Breathing","Searing Blow"],"picked":"SKIP","floor":14},{"not_picked":["Double Tap","Demon Form"],"picked":"Offering","floor":16},{"not_picked":["Perfected Strike","Power Through"],"picked":"Heavy Blade","floor":18},{"not_picked":["Heavy Blade","Cleave","Havoc"],"picked":"SKIP","floor":22},{"not_picked":["Intimidate","Clash"],"picked":"Double Tap","floor":23},{"not_picked":["Shrug It Off","Power Through"],"picked":"Bloodletting+1","floor":24},{"not_picked":["Clothesline+1","Blood for Blood"],"picked":"Shrug It Off","floor":25},{"not_picked":["Searing Blow+1","Heavy Blade+1"],"picked":"Shockwave+1","floor":28},{"not_picked":["True Grit","Clash+1","Inflame"],"picked":"SKIP","floor":29},{"not_picked":["Corruption+1","Perfected Strike+1","Sever Soul+1"],"picked":"Singing Bowl","floor":31},{"not_picked":["Juggernaut","Exhume"],"picked":"Impervious","floor":33},{"not_picked":["Perfected Strike+1","Cleave+1"],"picked":"Body Slam+1","floor":35},{"not_picked":["Thunderclap+1","Seeing Red"],"picked":"Pommel Strike+1","floor":36},{"not_picked":["Reckless Charge+1","Warcry+1","Body Slam+1"],"picked":"Singing Bowl","floor":37},{"not_picked":["Wild Strike+1","Warcry"],"picked":"Spot Weakness+1","floor":38},{"not_picked":["Body Slam+1","Wild Strike+1","Fiend Fire+1"],"picked":"Singing Bowl","floor":41},{"not_picked":["Sword Boomerang+1","Bloodletting","Clash+1"],"picked":"Singing Bowl","floor":42},{"not_picked":["Armaments","Dual Wield","Sword Boomerang+1"],"picked":"Singing Bowl","floor":45},{"not_picked":["Sword Boomerang+1","Intimidate+1"],"picked":"Rage+1","floor":47},{"not_picked":["Twin Strike+1","Bludgeon+1"],"picked":"Iron Wave+1","floor":48},{"not_picked":["Wild Strike+1","Havoc","Whirlwind+1"],"picked":"Singing Bowl","floor":54}],"player_experience":1645478,"relics_obtained":[{"floor":7,"key":"Red Skull"},{"floor":9,"key":"PreservedInsect"},{"floor":23,"key":"Whetstone"},{"floor":26,"key":"Letter Opener"},{"floor":30,"key":"Singing Bowl"},{"floor":31,"key":"Matryoshka"},{"floor":38,"key":"Dead Branch"},{"floor":41,"key":"Mercury Hourglass"},{"floor":43,"key":"Blood Vial"},{"floor":48,"key":"MawBank"},{"floor":54,"key":"Pantograph"}],"event_choices":[{"damage_healed":0,"gold_gain":0,"player_choice":"Upgraded","damage_taken":0,"max_hp_gain":0,"max_hp_loss":0,"event_name":"Upgrade Shrine","floor":3,"gold_loss":0,"cards_upgraded":["Inflame"]},{"damage_healed":0,"gold_gain":75,"player_choice":"Gather Gold","damage_taken":11,"max_hp_gain":0,"max_hp_loss":0,"event_name":"World of Goop","floor":12,"gold_loss":0},{"cards_removed":["Strike_R"],"damage_healed":0,"gold_gain":0,"player_choice":"Elegance","damage_taken":0,"max_hp_gain":0,"max_hp_loss":0,"event_name":"Back to Basics","floor":19,"gold_loss":0},{"damage_healed":0,"gold_gain":0,"player_choice":"Ignored","damage_taken":0,"max_hp_gain":0,"max_hp_loss":0,"event_name":"Ghosts","floor":20,"gold_loss":0},{"damage_healed":0,"gold_gain":0,"player_choice":"Obtained Relic","damage_taken":0,"relics_obtained":["Molten Egg 2"],"max_hp_gain":0,"max_hp_loss":0,"event_name":"Addict","floor":27,"gold_loss":85},{"damage_healed":0,"gold_gain":0,"player_choice":"Fight","damage_taken":0,"max_hp_gain":0,"max_hp_loss":0,"event_name":"Mysterious Sphere","floor":38,"gold_loss":0},{"cards_removed":["Offering"],"damage_healed":0,"gold_gain":0,"player_choice":"Removed Skill","damage_taken":0,"max_hp_gain":0,"max_hp_loss":0,"event_name":"Falling","floor":40,"gold_loss":0},{"damage_healed":0,"gold_gain":0,"cards_transformed":["Regret"],"player_choice":"Transformed","damage_taken":0,"max_hp_gain":0,"max_hp_loss":0,"event_name":"Transmorgrifier","floor":46,"gold_loss":0,"cards_obtained":["Shame"]}],"is_beta":false,"boss_relics":[{"not_picked":["Runic Cube","Black Blood"],"picked":"Empty Cage"},{"not_picked":["White Beast Statue","Sozu"],"picked":"Cursed Key"}],"items_purged_floors":[21,53],"is_endless":false,"potions_floor_spawned":[5,10,13,23,24,25,29,37,38,41,47,54],"killed_by":"The Heart","ascension_level":0}