{"gold_per_floor":[10,10,10,10,28,71,71,102,102,102,27,50,0,40,40,159,159,180,194,293,293,106,106,145,145,145,145,164,207,222,238,238,369,369,383,408,50,73,49,80,80,113,113,156,172,196,51,64,64,64,64,64,64,95,95],"floor_reached":56,"playtime":2394,"items_purged":["Strike_R","Strike_R","Strike_R","Defend_R"],"score":1445,"play_id":"e94f5b7e-dbb1-4e79-afc9-af00dc3fca0a","local_time":"20191007212749","is_ascension_mode":true,"campfire_choices":[{"data":"Immolate","floor":7,"key":"SMITH"},{"data":"Armaments","floor":10,"key":"SMITH"},{"data":"Combust","floor":15,"key":"SMITH"},{"data":"Inflame","floor":23,"key":"SMITH"},{"data":"Bash","floor":27,"key":"SMITH"},{"data":"Metallicize","floor":32,"key":"SMITH"},{"floor":41,"key":"RECALL"},{"data":"Flame Barrier","floor":49,"key":"SMITH"},{"data":"Pommel Strike","floor":52,"key":"SMITH"}],"neow_cost":"NO_GOLD","seed_source_timestamp":300895020520200,"circlet_count":0,"master_deck":["Defend_R","Defend_R","Defend_R","Bash+1","Immolate+1","Armaments+1","Twin Strike","Feed","Inflame+1","Combust+1","Clothesline","Reaper","Flash of Steel","Pommel Strike+1","Metallicize+1","Shockwave+1","Offering","Impervious","Flame Barrier+1","Shrug It Off+1","Dropkick","Pommel Strike+1","Shrug It Off","Flame Barrier+1","Body Slam+1","Heavy Blade+1","Impervious","Disarm+1"],"relics":["Burning Blood","Golden Idol","TungstenRod","Turnip","Dodecahedron","Self Forming Clay","White Beast Statue","Kunai","Velvet Choker","Matryoshka","Happy Flower","Magic Flower","Ornamental Fan","Coffee Dripper","Membership Card","Mummified Hand","Blood Vial","Bottled Lightning","Gremlin Horn","StrikeDummy","Orichalcum"],"potions_floor_usage":[16,18,24,29,33,35,55,55,55],"damage_taken":[{"damage":0,"enemies":"2 Louse","floor":1,"turns":1},{"damage":0,"enemies":"Jaw Worm","floor":5,"turns":3},{"damage":32,"enemies":"Lagavulin","floor":6,"turns":6},{"damage":8,"enemies":"3 Sentries","floor":8,"turns":3},{"damage":0,"enemies":"Small Slimes","floor":12,"turns":2},{"damage":16,"enemies":"Lagavulin","floor":14,"turns":6},{"damage":5,"enemies":"The Guardian","floor":16,"turns":9},{"damage":14,"enemies":"2 Thieves","floor":18,"turns":3},{"damage":4,"enemies":"Spheric Guardian","floor":19,"turns":3},{"damage":15,"enemies":"Book of Stabbing","floor":24,"turns":6},{"damage":24,"enemies":"Shelled Parasite and Fungi","floor":28,"turns":3},{"damage":16,"enemies":"Gremlin Leader","floor":29,"turns":5},{"damage":0,"enemies":"Chosen and Byrds","floor":30,"turns":5},{"damage":7,"enemies":"Sentry and Sphere","floor":31,"turns":3},{"damage":15,"enemies":"Collector","floor":33,"turns":5},{"damage":0,"enemies":"3 Shapes","floor":35,"turns":4},{"damage":12,"enemies":"3 Darklings","floor":36,"turns":2},{"damage":17,"enemies":"Spire Growth","floor":38,"turns":6},{"damage":16,"enemies":"Nemesis","floor":40,"turns":9},{"damage":6,"enemies":"Reptomancer","floor":42,"turns":6},{"damage":5,"enemies":"Nemesis","floor":44,"turns":5},{"damage":5,"enemies":"Transient","floor":45,"turns":5},{"damage":5,"enemies":"3 Darklings","floor":46,"turns":2},{"damage":9,"enemies":"Writhing Mass","floor":48,"turns":4},{"damage":5,"enemies":"Awakened One","floor":50,"turns":11},{"damage":37,"enemies":"Shield and Spear","floor":54,"turns":6},{"damage":53,"enemies":"The Heart","floor":55,"turns":8}],"seed_played":"-9020776867245300088","potions_obtained":[{"floor":12,"key":"PowerPotion"},{"floor":14,"key":"SkillPotion"},{"floor":16,"key":"BloodPotion"},{"floor":18,"key":"Regen Potion"},{"floor":19,"key":"Energy Potion"},{"floor":24,"key":"Block Potion"},{"floor":29,"key":"AttackPotion"},{"floor":30,"key":"Strength Potion"},{"floor":31,"key":"EssenceOfSteel"},{"floor":33,"key":"LiquidBronze"},{"floor":35,"key":"Block Potion"},{"floor":38,"key":"Strength Potion"},{"floor":44,"key":"PowerPotion"}],"is_trial":false,"path_per_floor":["M","?","?","T","M","E","R","E","T","R","$","M","?","E","R","B",null,"M","M","?","?","$","R","E","?","T","R","M","E","M","M","R","B",null,"M","M","$","M","$","E","R","E","T","E","M","M","$","M","R","B",null,"R","$","E","B",null],"character_chosen":"IRONCLAD","items_purchased":["Flash of Steel","Membership Card","Dropkick","Mummified Hand","Shrug It Off","Impervious"],"campfire_rested":0,"item_purchase_floors":[22,37,37,37,39,47],"current_hp_per_floor":[80,60,57,57,63,37,37,38,38,38,38,44,44,37,37,42,90,90,92,92,92,92,92,93,93,93,93,78,91,99,103,103,103,103,106,103,103,103,103,102,102,109,109,109,109,109,109,109,109,113,113,113,113,94,53],"gold":95,"neow_bonus":"THREE_RARE_CARDS","is_prod":false,"is_daily":false,"chose_seed":false,"campfire_upgraded":8,"win_rate":0,"timestamp":1570480069,"path_taken":["M","?","?","?","M","E","R","E","T","R","$","M","?","E","R","BOSS","M","M","?","?","$","R","E","?","T","R","M","E","M","M","R","BOSS","M","M","$","M","$","E","R","E","T","E","M","?","?","?","R","BOSS","R","$","E","BOSS"],"build_version":"2019-10-04","purchased_purges":4,"victory":true,"max_hp_per_floor":[80,80,80,80,80,80,80,83,83,83,83,83,83,86,86,90,90,93,93,93,93,93,93,93,93,93,93,93,96,99,103,103,103,103,106,106,106,109,109,109,109,109,109,109,109,109,109,109,109,113,113,113,113,113,113],"card_choices":[{"not_picked":["Impervious","Berserk"],"picked":"Immolate","floor":0},{"not_picked":["Heavy Blade","Iron Wave"],"picked":"Armaments","floor":1},{"not_picked":["Havoc","Body Slam"],"picked":"Twin Strike","floor":5},{"not_picked":["Sword Boomerang","Body Slam"],"picked":"Feed","floor":6},{"not_picked":["Thunderclap","True Grit"],"picked":"Inflame","floor":8},{"not_picked":["Whirlwind","Blood for Blood"],"picked":"Combust","floor":12},{"not_picked":["Rupture","Thunderclap"],"picked":"Clothesline","floor":14},{"not_picked":["Impervious","Double Tap"],"picked":"Reaper","floor":16},{"not_picked":["True Grit","Twin Strike","Wild Strike"],"picked":"SKIP","floor":18},{"not_picked":["Body Slam","Second Wind","Twin Strike+1"],"picked":"SKIP","floor":19},{"not_picked":["Warcry","Flex"],"picked":"Pommel Strike","floor":24},{"not_picked":["Warcry","Power Through+1"],"picked":"Metallicize","floor":28},{"not_picked":["Clash","Iron Wave"],"picked":"Shockwave+1","floor":29},{"not_picked":["Wild Strike+1","Heavy Blade"],"picked":"Offering","floor":30},{"not_picked":["Clash","Uppercut","True Grit"],"picked":"SKIP","floor":31},{"not_picked":["Reaper","Offering"],"picked":"Impervious","floor":33},{"not_picked":["Bloodletting+1","Cleave"],"picked":"Flame Barrier","floor":35},{"not_picked":["Armaments+1","Thunderclap"],"picked":"Shrug It Off+1","floor":36},{"not_picked":["Anger","Twin Strike"],"picked":"Pommel Strike+1","floor":38},{"not_picked":["Havoc","Rage+1"],"picked":"Flame Barrier+1","floor":40},{"not_picked":["True Grit","Spot Weakness","Perfected Strike+1"],"picked":"SKIP","floor":42},{"not_picked":["Double Tap","Clothesline","Pommel Strike"],"picked":"SKIP","floor":44},{"not_picked":["Flame Barrier","Clothesline"],"picked":"Body Slam+1","floor":45},{"not_picked":["Thunderclap","Heavy Blade+1","Clash"],"picked":"SKIP","floor":46},{"not_picked":["Thunderclap","Clash"],"picked":"Heavy Blade+1","floor":46},{"not_picked":["Blood for Blood","Anger+1","Searing Blow"],"picked":"SKIP","floor":48},{"not_picked":["Whirlwind","Clothesline"],"picked":"Disarm+1","floor":54}],"player_experience":1622542,"relics_obtained":[{"floor":4,"key":"Turnip"},{"floor":6,"key":"Dodecahedron"},{"floor":8,"key":"Self Forming Clay"},{"floor":9,"key":"White Beast Statue"},{"floor":14,"key":"Kunai"},{"floor":24,"key":"Matryoshka"},{"floor":26,"key":"Happy Flower"},{"floor":26,"key":"Magic Flower"},{"floor":29,"key":"Ornamental Fan"},{"floor":40,"key":"Blood Vial"},{"floor":42,"key":"Bottled Lightning"},{"floor":43,"key":"Gremlin Horn"},{"floor":44,"key":"StrikeDummy"},{"floor":54,"key":"Orichalcum"}],"event_choices":[{"damage_healed":0,"gold_gain":0,"player_choice":"Take Damage","damage_taken":20,"relics_obtained":["Golden Idol"],"max_hp_gain":0,"max_hp_loss":0,"event_name":"Golden Idol","floor":2,"gold_loss":0},{"damage_healed":0,"gold_gain":0,"player_choice":"Success","damage_taken":3,"relics_obtained":["TungstenRod"],"max_hp_gain":0,"max_hp_loss":0,"event_name":"Scrap Ooze","floor":3,"gold_loss":0},{"cards_removed":["Strike_R"],"damage_healed":0,"gold_gain":0,"player_choice":"Card Removal","damage_taken":0,"max_hp_gain":0,"max_hp_loss":0,"event_name":"The Cleric","floor":13,"gold_loss":50},{"damage_healed":0,"gold_gain":99,"player_choice":"Stole From Cult","damage_taken":0,"max_hp_gain":0,"max_hp_loss":0,"event_name":"Nest","floor":20,"gold_loss":0},{"damage_healed":0,"gold_gain":0,"player_choice":"Ignored","damage_taken":0,"max_hp_gain":0,"max_hp_loss":0,"event_name":"Ghosts","floor":21,"gold_loss":0},{"cards_removed":["Strike_R"],"damage_healed":0,"gold_gain":0,"player_choice":"Purged","damage_taken":0,"max_hp_gain":0,"max_hp_loss":0,"event_name":"Purifier","floor":25,"gold_loss":0}],"is_beta":true,"boss_relics":[{"not_picked":["SlaversCollar","Pandora\u0027s Box"],"picked":"Velvet Choker"},{"not_picked":["Cursed Key","Busted Crown"],"picked":"Coffee Dripper"}],"items_purged_floors":[11,22,37,47],"is_endless":false,"potions_floor_spawned":[12,14,16,18,19,24,28,29,30,31,33,35,36,38,40,42,44,45,46,48,54],"ascension_level":1}