{"gold_per_floor":[114,114,17,17,29,29,48,78,104,104,104,122,162,178,178,297,297,316,336,133,154,154,187,187,231,304,338,358,397,397,436,436,566,566,590,590,604,157,157,195,213,435,488,620,620,252,275,313,313,313,313,313,33,73,73],"floor_reached":56,"playtime":4968,"items_purged":["Strike_B","Strike_B","Defend_B","Defend_B"],"score":1605,"play_id":"080d6fde-3a44-4048-a826-4f0718f701ca","local_time":"20190917212347","is_ascension_mode":true,"campfire_choices":[{"data":"Cold Snap","floor":6,"key":"SMITH"},{"data":"Streamline","floor":11,"key":"SMITH"},{"data":"Defragment","floor":15,"key":"SMITH"},{"data":"Defragment","floor":24,"key":"SMITH"},{"data":"Zap","floor":30,"key":"SMITH"},{"data":"Hologram","floor":32,"key":"SMITH"},{"floor":45,"key":"RECALL"},{"data":"Defragment","floor":49,"key":"SMITH"},{"data":"Master of Strategy","floor":52,"key":"SMITH"}],"neow_cost":"TEN_PERCENT_HP_LOSS","seed_source_timestamp":238018031897100,"circlet_count":0,"master_deck":["Defend_B+1","Zap+1","Dualcast","Leap+1","Self Repair","Go for the Eyes","Cold Snap+1","Streamline+1","Hologram+1","Defragment+1","Rebound","Rainbow","Loop+1","Sweeping Beam+1","Compile Driver","Defragment+1","Double Energy+1","Static Discharge+1","Glacier","Seek","Electrodynamics","Consume+1","Capacitor+1","Chill","Master of Strategy+1","Defragment+1","Fusion+1","Defragment+1","Capacitor"],"relics":["Cracked Core","Ancient Tea Set","Centennial Puzzle","Golden Idol","Bottled Flame","Black Star","Membership Card","StrikeDummy","Dodecahedron","Symbiotic Virus","Torii","Gremlin Horn","Blood Vial","Eternal Feather","Bag of Preparation","Bronze Scales","Red Mask","Inserter","Orichalcum","Pear","CeramicFish","Pocketwatch","DataDisk","Chemical X","Singing Bowl","Art of War","Potion Belt","Letter Opener","Happy Flower","Kunai","Boot"],"potions_floor_usage":[8,18,23,25,33,40,55],"damage_taken":[{"damage":5,"enemies":"2 Louse","floor":1,"turns":2},{"damage":5,"enemies":"Small Slimes","floor":5,"turns":4},{"damage":7,"enemies":"Jaw Worm","floor":7,"turns":2},{"damage":19,"enemies":"3 Sentries","floor":8,"turns":12},{"damage":0,"enemies":"Exordium Thugs","floor":12,"turns":3},{"damage":5,"enemies":"Lagavulin","floor":13,"turns":7},{"damage":4,"enemies":"3 Louse","floor":14,"turns":3},{"damage":18,"enemies":"The Guardian","floor":16,"turns":11},{"damage":1,"enemies":"3 Byrds","floor":18,"turns":5},{"damage":6,"enemies":"Spheric Guardian","floor":19,"turns":5},{"damage":12,"enemies":"3 Cultists","floor":21,"turns":5},{"damage":5,"enemies":"Gremlin Leader","floor":23,"turns":8},{"damage":19,"enemies":"Slavers","floor":25,"turns":4},{"damage":15,"enemies":"Book of Stabbing","floor":27,"turns":3},{"damage":1,"enemies":"Centurion and Healer","floor":28,"turns":8},{"damage":2,"enemies":"Gremlin Leader","floor":29,"turns":4},{"damage":0,"enemies":"Masked Bandits","floor":31,"turns":2},{"damage":3,"enemies":"Automaton","floor":33,"turns":7},{"damage":9,"enemies":"3 Darklings","floor":35,"turns":3},{"damage":1,"enemies":"3 Shapes","floor":37,"turns":2},{"damage":0,"enemies":"Reptomancer","floor":40,"turns":5},{"damage":2,"enemies":"3 Darklings","floor":41,"turns":6},{"damage":2,"enemies":"Mind Bloom Boss Battle","floor":44,"turns":5},{"damage":0,"enemies":"Sphere and 2 Shapes","floor":47,"turns":4},{"damage":0,"enemies":"Giant Head","floor":48,"turns":7},{"damage":0,"enemies":"Donu and Deca","floor":50,"turns":6},{"damage":0,"enemies":"Shield and Spear","floor":54,"turns":4},{"damage":63,"enemies":"The Heart","floor":55,"turns":5}],"seed_played":"-3080346748397172846","potions_obtained":[{"floor":7,"key":"Swift Potion"},{"floor":8,"key":"DuplicationPotion"},{"floor":13,"key":"AttackPotion"},{"floor":16,"key":"AttackPotion"},{"floor":19,"key":"FearPotion"},{"floor":29,"key":"AttackPotion"},{"floor":33,"key":"Block Potion"},{"floor":35,"key":"Regen Potion"},{"floor":41,"key":"SteroidPotion"}],"is_trial":false,"path_per_floor":["M","?","$","?","M","R","M","E","T","?","R","M","E","M","R","B",null,"M","M","$","M","?","E","R","E","T","E","M","E","R","?","R","B",null,"M","?","M","$","?","E","M","?","T","?","R","$","M","E","R","B",null,"R","$","E","B",null],"character_chosen":"DEFECT","items_purchased":["Self Repair","Go for the Eyes","Membership Card","Compile Driver","Orichalcum","Pear","Capacitor","Chill","Master of Strategy","Explosive Potion","DataDisk","Chemical X","Singing Bowl","Defragment","Letter Opener","Happy Flower"],"campfire_rested":0,"item_purchase_floors":[3,3,20,20,38,38,38,38,38,38,46,46,46,46,53,53],"current_hp_per_floor":[63,49,49,54,56,56,56,44,44,44,44,44,46,49,49,38,68,67,68,68,63,63,65,65,53,53,38,39,46,58,60,68,65,68,66,66,68,78,78,78,76,76,76,76,78,78,80,82,82,82,82,82,82,82,19],"gold":73,"neow_bonus":"REMOVE_TWO","is_prod":false,"is_daily":false,"chose_seed":false,"campfire_upgraded":8,"win_rate":0,"timestamp":1568751827,"path_taken":["M","?","$","?","M","R","M","E","T","?","R","M","E","M","R","BOSS","M","M","$","M","?","E","R","E","T","E","M","E","R","?","R","BOSS","M","?","M","$","?","E","?","?","T","?","R","?","?","E","R","BOSS","R","$","E","BOSS"],"build_version":"2019-09-17","purchased_purges":4,"victory":true,"max_hp_per_floor":[68,68,68,73,73,73,73,73,73,68,68,68,68,68,68,68,68,68,68,68,68,68,68,68,68,68,68,68,68,68,68,68,68,68,68,68,68,78,78,78,78,78,78,78,78,78,80,82,82,82,82,82,82,82,82],"card_choices":[{"not_picked":["Stack","Recycle"],"picked":"Leap","floor":1},{"not_picked":["Redo","Go for the Eyes"],"picked":"Cold Snap","floor":5},{"not_picked":["Stack","Thunder Strike"],"picked":"Streamline","floor":7},{"not_picked":["Fusion","Recycle"],"picked":"Hologram","floor":8},{"not_picked":["Hologram","Barrage","Beam Cell"],"picked":"SKIP","floor":12},{"not_picked":["Sweeping Beam","Chaos"],"picked":"Defragment","floor":13},{"not_picked":["Static Discharge","Heatsinks"],"picked":"Rebound","floor":14},{"not_picked":["Reboot","Fission"],"picked":"Rainbow","floor":16},{"not_picked":["Beam Cell","Rebound+1"],"picked":"Loop+1","floor":18},{"not_picked":["Chill","Conserve Battery"],"picked":"Sweeping Beam+1","floor":19},{"not_picked":["Double Energy","Gash"],"picked":"Defragment","floor":21},{"not_picked":["Darkness+1","Consume"],"picked":"Double Energy+1","floor":23},{"not_picked":["Auto Shields","Lockon"],"picked":"Static Discharge+1","floor":25},{"not_picked":["Static Discharge","Steam+1"],"picked":"Glacier","floor":27},{"not_picked":["Tempest","Hologram+1","Leap"],"picked":"SKIP","floor":28},{"not_picked":["Sweeping Beam","Cold Snap"],"picked":"Seek","floor":29},{"not_picked":["All For One","Hyperbeam"],"picked":"Electrodynamics","floor":33},{"not_picked":["Compile Driver+1","Stack"],"picked":"Consume+1","floor":35},{"not_picked":["Hello World+1","Rebound","Redo+1"],"picked":"SKIP","floor":37},{"not_picked":["Streamline+1","Skim+1"],"picked":"Defragment+1","floor":40},{"not_picked":["Gash","Cold Snap","White Noise"],"picked":"SKIP","floor":41},{"not_picked":["Chaos+1","Electrodynamics"],"picked":"Fusion+1","floor":44},{"not_picked":["Compile Driver","Barrage","FTL"],"picked":"Singing Bowl","floor":47},{"not_picked":["Heatsinks","Compile Driver+1","Steam Power+1"],"picked":"Singing Bowl","floor":48},{"not_picked":["Rip and Tear+1","Loop"],"picked":"Capacitor","floor":54}],"player_experience":1526587,"relics_obtained":[{"floor":8,"key":"Ancient Tea Set"},{"floor":9,"key":"Centennial Puzzle"},{"floor":13,"key":"Bottled Flame"},{"floor":23,"key":"StrikeDummy"},{"floor":23,"key":"Dodecahedron"},{"floor":25,"key":"Symbiotic Virus"},{"floor":25,"key":"Torii"},{"floor":26,"key":"Gremlin Horn"},{"floor":27,"key":"Blood Vial"},{"floor":27,"key":"Eternal Feather"},{"floor":29,"key":"Bag of Preparation"},{"floor":29,"key":"Bronze Scales"},{"floor":31,"key":"Red Mask"},{"floor":40,"key":"CeramicFish"},{"floor":44,"key":"Pocketwatch"},{"floor":48,"key":"Art of War"},{"floor":48,"key":"Potion Belt"},{"floor":54,"key":"Kunai"},{"floor":54,"key":"Boot"}],"event_choices":[{"damage_healed":0,"gold_gain":0,"player_choice":"Entered Light","damage_taken":14,"max_hp_gain":0,"max_hp_loss":0,"event_name":"Shining Light","floor":2,"gold_loss":0,"cards_upgraded":["Defend_B","Leap"]},{"damage_healed":0,"gold_gain":0,"player_choice":"Donut","damage_taken":0,"max_hp_gain":5,"max_hp_loss":0,"event_name":"Big Fish","floor":4,"gold_loss":0},{"damage_healed":0,"gold_gain":0,"player_choice":"Lose Max HP","damage_taken":0,"relics_obtained":["Golden Idol"],"max_hp_gain":0,"max_hp_loss":5,"event_name":"Golden Idol","floor":10,"gold_loss":0},{"damage_healed":0,"gold_gain":0,"player_choice":"Ignored","damage_taken":0,"max_hp_gain":0,"max_hp_loss":0,"event_name":"Ghosts","floor":22,"gold_loss":0},{"damage_healed":0,"gold_gain":0,"player_choice":"Fought Bandits","damage_taken":0,"max_hp_gain":0,"max_hp_loss":0,"event_name":"Masked Bandits","floor":31,"gold_loss":0},{"cards_removed":["Strike_B"],"damage_healed":0,"gold_gain":0,"player_choice":"Removed Attack","damage_taken":0,"max_hp_gain":0,"max_hp_loss":0,"event_name":"Falling","floor":36,"gold_loss":0},{"damage_healed":0,"gold_gain":0,"player_choice":"Forge","damage_taken":0,"max_hp_gain":0,"max_hp_loss":0,"event_name":"Accursed Blacksmith","floor":39,"gold_loss":0,"cards_upgraded":["Capacitor"]},{"damage_healed":0,"gold_gain":222,"player_choice":"Wore Mask","damage_taken":0,"max_hp_gain":0,"max_hp_loss":0,"event_name":"Tomb of Lord Red Mask","floor":42,"gold_loss":0},{"damage_healed":0,"gold_gain":0,"player_choice":"Fight","damage_taken":0,"max_hp_gain":0,"max_hp_loss":0,"event_name":"MindBloom","floor":44,"gold_loss":0}],"is_beta":true,"boss_relics":[{"not_picked":["Tiny House","FrozenCore"],"picked":"Black Star"},{"not_picked":["Astrolabe","Busted Crown"],"picked":"Inserter"}],"items_purged_floors":[20,38,46,53],"is_endless":false,"potions_floor_spawned":[7,8,13,16,19,21,29,33,35,41,44],"ascension_level":3}