{"gold_per_floor":[116,133,147,167,187,212,212,245,271,271,300,314,333,179,179,274,274,288,288,298,145,145,170,170,200,200,230,242,242,256,288,300,411,423,450,219,236,247,257,286,300,300,325,357,87,97,114,114,114,114],"floor_reached":51,"playtime":4312,"items_purged":["Strike_R","Strike_R","Doubt"],"score":1213,"play_id":"e6c9a4a9-0ef0-4949-b365-3af050fa8fc2","local_time":"20190930035147","is_ascension_mode":true,"campfire_choices":[{"data":"Whirlwind","floor":7.0,"key":"SMITH"},{"floor":15.0,"key":"REST"},{"data":"Demon Form","floor":24.0,"key":"SMITH"},{"data":"Heavy Blade","floor":32,"key":"SMITH"},{"data":"Evolve","floor":42,"key":"SMITH"},{"data":"Demon Form","floor":49,"key":"SMITH"}],"neow_cost":"PERCENT_DAMAGE","seed_source_timestamp":0,"circlet_count":0,"master_deck":["Strike_R","Defend_R","Defend_R","Defend_R","Defend_R","Bash","Thunderclap","Wild Strike","Spot Weakness","Rampage","Whirlwind+1","Seeing Red","Rupture","Demon Form+1","Uppercut+1","Reaper","Pummel+1","Inflame","Shrug It Off","Pommel Strike+1","Warcry+1","Heavy Blade+1","Reaper","Sword Boomerang+1","Warcry+1","Evolve+1","Metallicize+1","Demon Form+1","Parasite","Disarm"],"special_seed":0,"relics":["Burning Blood","Incense Burner","Blue Candle","PreservedInsect","Bag of Preparation","Art of War","Lantern","Mark of Pain","Enchiridion","Anchor","Magic Flower","Shuriken","Dream Catcher","MawBank","Cursed Key","Pen Nib","Molten Egg 2","Red Skull","Mango","Whetstone"],"potions_floor_usage":[33,50,50],"damage_taken":[{"damage":9.0,"enemies":"Jaw Worm","floor":1.0,"turns":4.0},{"damage":2.0,"enemies":"Small Slimes","floor":2.0,"turns":5.0},{"damage":0.0,"enemies":"Cultist","floor":3.0,"turns":4.0},{"damage":4.0,"enemies":"Large Slime","floor":4.0,"turns":6.0},{"damage":20.0,"enemies":"Gremlin Gang","floor":5.0,"turns":5.0},{"damage":24.0,"enemies":"Gremlin Nob","floor":6.0,"turns":4.0},{"damage":12.0,"enemies":"3 Sentries","floor":8.0,"turns":9.0},{"damage":10.0,"enemies":"Lagavulin","floor":11.0,"turns":6.0},{"damage":2.0,"enemies":"2 Fungi Beasts","floor":12.0,"turns":3.0},{"damage":3.0,"enemies":"Blue Slaver","floor":13.0,"turns":3.0},{"damage":34.0,"enemies":"The Guardian","floor":16.0,"turns":10.0},{"damage":0.0,"enemies":"3 Byrds","floor":18.0,"turns":4.0},{"damage":52.0,"enemies":"Chosen","floor":20.0,"turns":7.0},{"damage":29.0,"enemies":"Slavers","floor":23.0,"turns":6.0},{"damage":4.0,"enemies":"Book of Stabbing","floor":25.0,"turns":2.0},{"damage":21.0,"enemies":"Slavers","floor":27.0,"turns":4.0},{"damage":12,"enemies":"Centurion and Healer","floor":28,"turns":7},{"damage":3,"enemies":"Chosen and Byrds","floor":30,"turns":4},{"damage":37,"enemies":"Gremlin Leader","floor":31,"turns":5},{"damage":24,"enemies":"Champ","floor":33,"turns":7},{"damage":75,"enemies":"3 Darklings","floor":35,"turns":16},{"damage":0,"enemies":"3 Shapes","floor":37,"turns":3},{"damage":20,"enemies":"Jaw Worm Horde","floor":38,"turns":4},{"damage":0,"enemies":"Transient","floor":39,"turns":5},{"damage":9,"enemies":"Giant Head","floor":40,"turns":6},{"damage":19,"enemies":"Maw","floor":41,"turns":6},{"damage":0,"enemies":"Reptomancer","floor":44,"turns":2},{"damage":13,"enemies":"Sphere and 2 Shapes","floor":46,"turns":5},{"damage":2,"enemies":"Writhing Mass","floor":47,"turns":3},{"damage":100,"enemies":"Awakened One","floor":50,"turns":6}],"seed_played":"-527684159153847766","potions_obtained":[{"floor":1.0,"key":"LiquidBronze"},{"floor":4.0,"key":"Ancient Potion"},{"floor":6.0,"key":"Energy Potion"},{"floor":11.0,"key":"SkillPotion"},{"floor":13.0,"key":"SteroidPotion"},{"floor":20.0,"key":"Explosive Potion"},{"floor":25.0,"key":"Energy Potion"},{"floor":28,"key":"Swift Potion"},{"floor":38,"key":"PowerPotion"},{"floor":40,"key":"Energy Potion"}],"is_trial":false,"path_per_floor":["M","M","M","M","M","E","R","E","T","?","E","M","M","$","R","B",null,"M","?","M","$","?","E","R","E","T","E","M","?","M","E","R","B",null,"M","$","M","M","M","E","M","R","T","E","$","M","M","?","R","B",null],"character_chosen":"IRONCLAD","items_purchased":["Lantern","Inflame","Pen Nib","Whetstone"],"campfire_rested":1,"item_purchase_floors":[14,21,36,45],"current_hp_per_floor":[53,57,63,65,51,33,33,27,27,20,16,20,23,23,47,19,80,80,64,41,41,41,30,30,32,32,61,80,80,80,80,80,80,80,80,80,80,69,80,80,80,80,80,94,94,90,94,94,94,94],"gold":114,"neow_bonus":"ONE_RARE_RELIC","is_prod":false,"is_daily":false,"chose_seed":false,"campfire_upgraded":5,"win_rate":0,"timestamp":1569808307,"path_taken":["M","M","M","M","M","E","R","E","T","?","E","M","M","$","R","BOSS","M","?","M","$","?","E","R","E","T","E","?","?","M","E","R","BOSS","M","$","M","M","M","E","M","R","T","E","$","M","?","?","R","BOSS"],"build_version":"2019-07-17","purchased_purges":3,"victory":true,"max_hp_per_floor":[80,80,80,80,80,80,80,80,80,80,80,80,80,80,80,80,80,80,80,80,80,80,80,80,80,80,80,80,80,80,80,80,80,80,80,80,80,80,80,80,80,80,80,94,94,94,94,94,94,94],"card_choices":[{"not_picked":["Rupture","Headbutt"],"picked":"Shrug It Off","floor":1.0},{"not_picked":["Infernal Blade","Shrug It Off"],"picked":"Thunderclap","floor":2.0},{"not_picked":["Perfected Strike","Ghostly Armor"],"picked":"Wild Strike","floor":3.0},{"not_picked":["Battle Trance","Flame Barrier"],"picked":"Spot Weakness","floor":4.0},{"not_picked":["Flex","Intimidate"],"picked":"Rampage","floor":5.0},{"not_picked":["Body Slam","Headbutt"],"picked":"Whirlwind","floor":6.0},{"not_picked":["Twin Strike","Burning Pact"],"picked":"Seeing Red","floor":8.0},{"not_picked":["Searing Blow","Burning Pact"],"picked":"Rupture","floor":11.0},{"not_picked":["Body Slam","Clothesline"],"picked":"Demon Form","floor":12.0},{"not_picked":["Havoc","Flex"],"picked":"Uppercut","floor":13.0},{"not_picked":["Bludgeon","Immolate"],"picked":"Reaper","floor":16.0},{"not_picked":["Sever Soul","Reckless Charge","Perfected Strike"],"picked":"SKIP","floor":18.0},{"not_picked":["Infernal Blade","Iron Wave"],"picked":"Pummel","floor":20.0},{"not_picked":["Pommel Strike","Twin Strike"],"picked":"Shrug It Off","floor":23.0},{"not_picked":["Headbutt","Wild Strike","Iron Wave"],"picked":"SKIP","floor":25.0},{"not_picked":["Sword Boomerang","Rupture"],"picked":"Pommel Strike+1","floor":27.0},{"not_picked":["Havoc","Iron Wave"],"picked":"Warcry+1","floor":28},{"not_picked":["Body Slam","Sever Soul"],"picked":"Heavy Blade","floor":30},{"not_picked":["Wild Strike","Juggernaut","Anger"],"picked":"SKIP","floor":31},{"not_picked":["Barricade","Double Tap"],"picked":"Reaper","floor":33},{"not_picked":["Wild Strike+1","Perfected Strike"],"picked":"Sword Boomerang","floor":35},{"not_picked":["Body Slam","Twin Strike"],"picked":"Warcry+1","floor":37},{"not_picked":["Twin Strike","Combust+1"],"picked":"Evolve","floor":38},{"not_picked":["Heavy Blade","Entrench+1"],"picked":"Metallicize+1","floor":39},{"not_picked":["Pommel Strike","Double Tap","Armaments"],"picked":"SKIP","floor":40},{"not_picked":["Headbutt+1","Clothesline+1","Flex"],"picked":"SKIP","floor":41},{"not_picked":["Body Slam+1","Flex"],"picked":"Demon Form","floor":44},{"not_picked":["Twin Strike+1","Ghostly Armor+1","Clash+1"],"picked":"SKIP","floor":46},{"not_picked":["Clothesline+1","Flame Barrier"],"picked":"Disarm","floor":47}],"player_experience":184748,"relics_obtained":[{"floor":6.0,"key":"Blue Candle"},{"floor":8.0,"key":"PreservedInsect"},{"floor":9.0,"key":"Bag of Preparation"},{"floor":11.0,"key":"Art of War"},{"floor":19.0,"key":"Enchiridion"},{"floor":23.0,"key":"Anchor"},{"floor":25.0,"key":"Magic Flower"},{"floor":26.0,"key":"Shuriken"},{"floor":27.0,"key":"Dream Catcher"},{"floor":31,"key":"MawBank"},{"floor":40,"key":"Molten Egg 2"},{"floor":43,"key":"Red Skull"},{"floor":44,"key":"Mango"}],"event_choices":[{"cards_removed":["Strike_R"],"damage_healed":0.0,"max_hp_gain":0.0,"max_hp_loss":0.0,"gold_gain":0.0,"event_name":"Golden Wing","player_choice":"Card Removal","floor":10.0,"gold_loss":0.0,"damage_taken":7.0},{"damage_healed":0.0,"max_hp_gain":0.0,"max_hp_loss":0.0,"gold_gain":0.0,"event_name":"Cursed Tome","player_choice":"Obtained Book","floor":19.0,"gold_loss":0.0,"damage_taken":16.0},{"cards_removed":["Strike_R"],"damage_healed":0.0,"max_hp_gain":0.0,"max_hp_loss":0.0,"gold_gain":0.0,"event_name":"Bonfire Elementals","player_choice":"Offered Basic","floor":22.0,"gold_loss":0.0,"damage_taken":0.0},{"damage_healed":0,"gold_gain":0,"player_choice":"Upgraded","damage_taken":0,"max_hp_gain":0,"max_hp_loss":0,"event_name":"Upgrade Shrine","floor":29,"gold_loss":0,"cards_upgraded":["Uppercut"]},{"cards_removed":["Shrug It Off"],"damage_healed":0,"gold_gain":0,"player_choice":"Removed Skill","damage_taken":0,"max_hp_gain":0,"max_hp_loss":0,"event_name":"Falling","floor":48,"gold_loss":0}],"is_beta":false,"boss_relics":[{"not_picked":["Orrery","Philosopher\u0027s Stone"],"picked":"Mark of Pain"},{"not_picked":["Empty Cage","Snecko Eye"],"picked":"Cursed Key"}],"items_purged_floors":[21,36,45],"is_endless":false,"potions_floor_spawned":[1,4,6,11,13,20,23,25,28,38,40,41,44,46],"ascension_level":4}