{"gold_per_floor":[117,128,140,156,166,166,226,226,226,249,299,329,329,362,362,467,467,479,496,496,349,362,394,394,422,445,464,474,474,474,487,487,584,584,594,609,621,638,653,653,653,665,665,412,424,62,93,104,104,104],"floor_reached":51,"playtime":3232,"items_purged":["Strike_R","Strike_R","Strike_R"],"score":918,"play_id":"1a2dab44-5f65-486a-914c-7027d5ea156f","local_time":"20191025175031","is_ascension_mode":true,"campfire_choices":[{"data":"Inflame","floor":6,"key":"SMITH"},{"data":"Iron Wave","floor":8,"key":"SMITH"},{"data":"Rampage","floor":13,"key":"SMITH"},{"data":"Bash","floor":15,"key":"SMITH"},{"floor":24,"key":"REST"},{"floor":29,"key":"REST"},{"data":"Flash of Steel","floor":32,"key":"SMITH"},{"data":"Defend_R","floor":49,"key":"SMITH"}],"neow_cost":"NONE","seed_source_timestamp":1070953554029800,"circlet_count":0,"master_deck":["Strike_R","Strike_R","Defend_R+1","Defend_R","Defend_R","Defend_R","Bash+1","Iron Wave+1","Inflame+1","Rampage+1","Flash of Steel+1","Dropkick+1","True Grit+1"],"special_seed":0,"relics":["Burning Blood","Tiny Chest","Oddly Smooth Stone","Smiling Mask","Anchor","Mercury Hourglass","Art of War","Black Star","Bag of Preparation","Bag of Marbles","Self Forming Clay","Lantern","Pen Nib","Runic Pyramid","Ginger","MealTicket","Nunchaku","PreservedInsect","Centennial Puzzle"],"potions_floor_usage":[25,33,42,42,48,48],"damage_taken":[{"damage":5.0,"enemies":"Small Slimes","floor":1.0,"turns":3.0},{"damage":1.0,"enemies":"Jaw Worm","floor":2.0,"turns":4.0},{"damage":10.0,"enemies":"Cultist","floor":3.0,"turns":4.0},{"damage":16,"enemies":"2 Fungi Beasts","floor":4,"turns":4},{"damage":0,"enemies":"3 Louse","floor":5,"turns":4},{"damage":16,"enemies":"3 Sentries","floor":12,"turns":10},{"damage":12,"enemies":"Lagavulin","floor":14,"turns":6},{"damage":9,"enemies":"The Guardian","floor":16,"turns":10},{"damage":2,"enemies":"Shell Parasite","floor":18,"turns":4},{"damage":0,"enemies":"Chosen","floor":19,"turns":4},{"damage":10,"enemies":"Centurion and Healer","floor":22,"turns":8},{"damage":62,"enemies":"Book of Stabbing","floor":23,"turns":7},{"damage":30,"enemies":"Gremlin Leader","floor":25,"turns":6},{"damage":4,"enemies":"Cultist and Chosen","floor":27,"turns":4},{"damage":23,"enemies":"Snecko","floor":28,"turns":6},{"damage":0,"enemies":"Snake Plant","floor":31,"turns":2},{"damage":58,"enemies":"Collector","floor":33,"turns":8},{"damage":8,"enemies":"Orb Walker","floor":35,"turns":3},{"damage":7,"enemies":"3 Darklings","floor":36,"turns":4},{"damage":10,"enemies":"Spire Growth","floor":37,"turns":4},{"damage":17,"enemies":"Jaw Worm Horde","floor":38,"turns":4},{"damage":20,"enemies":"4 Shapes","floor":39,"turns":5},{"damage":11,"enemies":"Maw","floor":42,"turns":5},{"damage":4,"enemies":"Jaw Worm Horde","floor":45,"turns":4},{"damage":3,"enemies":"Giant Head","floor":47,"turns":4},{"damage":15,"enemies":"3 Darklings","floor":48,"turns":4},{"damage":22,"enemies":"Awakened One","floor":50,"turns":6}],"seed_played":"-4256008741234123111","potions_obtained":[{"floor":3.0,"key":"Poison Potion"},{"floor":4,"key":"EssenceOfSteel"},{"floor":16,"key":"Poison Potion"},{"floor":19,"key":"FairyPotion"},{"floor":20,"key":"EntropicBrew"},{"floor":28,"key":"LiquidBronze"},{"floor":36,"key":"SteroidPotion"},{"floor":39,"key":"Energy Potion"},{"floor":48,"key":"Block Potion"}],"is_trial":false,"path_per_floor":["M","M","M","M","M","R","?","R","T","T","T","E","R","E","R","B",null,"M","M","?","$","M","E","R","E","T","M","M","R","?","M","R","B",null,"M","M","M","M","M","?","?","M","T","$","M","$","E","M","R","B",null],"character_chosen":"IRONCLAD","items_purchased":["Flash of Steel","MealTicket","Nunchaku"],"campfire_rested":2,"item_purchase_floors":[21,44,46],"current_hp_per_floor":[88,88,84,74,80,80,80,80,80,80,80,70,70,64,64,61,88,88,88,88,88,84,28,54,30,30,32,15,41,41,47,47,14,88,86,85,81,70,56,56,56,51,51,51,53,68,71,62,62,46],"gold":104,"neow_bonus":"TEN_PERCENT_HP_BONUS","is_prod":false,"is_daily":false,"chose_seed":false,"campfire_upgraded":6,"win_rate":0,"timestamp":1572018631,"path_taken":["M","M","M","M","M","R","?","R","T","?","?","E","R","E","R","BOSS","M","M","?","$","M","E","R","E","T","M","?","R","?","M","R","BOSS","M","M","M","M","M","?","?","M","T","$","M","$","E","M","R","BOSS"],"build_version":"2019-07-17","purchased_purges":3,"victory":true,"max_hp_per_floor":[88,88,88,88,88,88,88,88,88,88,88,88,88,88,88,88,88,88,88,88,88,88,88,88,88,88,88,88,88,88,88,88,88,88,88,88,88,88,88,88,88,88,88,88,88,88,88,88,88,88],"card_choices":[{"not_picked":["Fire Breathing","Warcry"],"picked":"Iron Wave","floor":1.0},{"not_picked":["Fire Breathing","Flame Barrier"],"picked":"Inflame","floor":2.0},{"not_picked":["Iron Wave","Thunderclap","Flex"],"picked":"SKIP","floor":3.0},{"not_picked":["Perfected Strike","Infernal Blade","Evolve"],"picked":"SKIP","floor":4},{"not_picked":["Uppercut","Seeing Red","Iron Wave"],"picked":"SKIP","floor":5},{"not_picked":["Havoc","Ghostly Armor"],"picked":"Rampage","floor":12},{"not_picked":["Wild Strike","Searing Blow","Battle Trance"],"picked":"SKIP","floor":14},{"not_picked":["Armaments","Perfected Strike+1","Thunderclap+1"],"picked":"SKIP","floor":18},{"not_picked":["Intimidate","Twin Strike","Warcry+1"],"picked":"SKIP","floor":19},{"not_picked":["Brutality","Thunderclap","Headbutt"],"picked":"SKIP","floor":22},{"not_picked":["Body Slam","Sword Boomerang","Clothesline"],"picked":"SKIP","floor":23},{"not_picked":["Flex","Havoc","Intimidate+1"],"picked":"SKIP","floor":25},{"not_picked":["Rupture","Twin Strike","True Grit"],"picked":"SKIP","floor":27},{"not_picked":["Body Slam","Armaments"],"picked":"Dropkick+1","floor":28},{"not_picked":["Iron Wave","Wild Strike","Headbutt"],"picked":"SKIP","floor":31},{"not_picked":["Iron Wave+1","Clash+1","Shrug It Off"],"picked":"SKIP","floor":35},{"not_picked":["Sword Boomerang","Entrench+1","Clash+1"],"picked":"SKIP","floor":36},{"not_picked":["Headbutt","Iron Wave+1"],"picked":"True Grit+1","floor":37},{"not_picked":["Pommel Strike","Double Tap","Sword Boomerang"],"picked":"SKIP","floor":38},{"not_picked":["Body Slam","Heavy Blade","Clash"],"picked":"SKIP","floor":39},{"not_picked":["Metallicize+1","Twin Strike+1","Perfected Strike+1"],"picked":"SKIP","floor":42},{"not_picked":["Body Slam","Iron Wave+1","Twin Strike+1"],"picked":"SKIP","floor":45},{"not_picked":["Headbutt+1","Dark Embrace","Feel No Pain+1"],"picked":"SKIP","floor":47},{"not_picked":["Heavy Blade+1","Warcry+1","Dropkick"],"picked":"SKIP","floor":48}],"player_experience":339779,"relics_obtained":[{"floor":9,"key":"Oddly Smooth Stone"},{"floor":10,"key":"Smiling Mask"},{"floor":11,"key":"Anchor"},{"floor":12,"key":"Mercury Hourglass"},{"floor":14,"key":"Art of War"},{"floor":23,"key":"Bag of Preparation"},{"floor":23,"key":"Bag of Marbles"},{"floor":25,"key":"Self Forming Clay"},{"floor":25,"key":"Lantern"},{"floor":26,"key":"Pen Nib"},{"floor":43,"key":"Ginger"},{"floor":47,"key":"PreservedInsect"},{"floor":47,"key":"Centennial Puzzle"}],"event_choices":[{"damage_healed":0,"gold_gain":30,"player_choice":"Searched \u00273\u0027 times","damage_taken":0,"relics_obtained":["Tiny Chest"],"max_hp_gain":0,"max_hp_loss":0,"event_name":"Dead Adventurer","floor":7,"gold_loss":0},{"damage_healed":0,"gold_gain":0,"player_choice":"Got Potions","damage_taken":0,"max_hp_gain":0,"max_hp_loss":0,"event_name":"Lab","floor":20,"gold_loss":0},{"damage_healed":0,"gold_gain":0,"player_choice":"Ignored","damage_taken":0,"max_hp_gain":0,"max_hp_loss":0,"event_name":"Ghosts","floor":30,"gold_loss":0},{"damage_healed":0,"gold_gain":0,"player_choice":"Ignored","damage_taken":0,"max_hp_gain":0,"max_hp_loss":0,"event_name":"Tomb of Lord Red Mask","floor":40,"gold_loss":0},{"damage_healed":0,"gold_gain":0,"player_choice":"Memory 1","damage_taken":0,"max_hp_gain":0,"max_hp_loss":0,"event_name":"SensoryStone","floor":41,"gold_loss":0}],"is_beta":false,"boss_relics":[{"not_picked":["Snecko Eye","White Beast Statue"],"picked":"Black Star"},{"not_picked":["Lizard Tail","Sozu"],"picked":"Runic Pyramid"}],"items_purged_floors":[21,44,46],"is_endless":false,"potions_floor_spawned":[3,4,16,19,22,28,31,36,39,48],"ascension_level":1}