{"gold_per_floor":[118,118,189,189,364,390,402,422,422,422,437,437,448,461,461,564,564,580,580,596,611,423,451,465,481,481,227,227,247,258,258],"floor_reached":31,"playtime":3817,"items_purged":["Pain","Doubt"],"score":261,"play_id":"9c906700-006d-4757-a6c5-41ef1f7b0342","local_time":"20190911193027","is_ascension_mode":false,"campfire_choices":[{"data":"Hologram","floor":10.0,"key":"SMITH"},{"data":"Beam Cell","floor":12.0,"key":"SMITH"},{"data":"Redo","floor":15.0,"key":"SMITH"},{"floor":28.0,"key":"REST"}],"neow_cost":"CURSE","seed_source_timestamp":0,"circlet_count":0,"master_deck":["Strike_B","Strike_B","Strike_B","Defend_B","Defend_B","Defend_B","Zap","Dualcast","Blizzard","Gash","Redo+1","All For One","Hologram+1","Streamline","Beam Cell+1","Streamline","Reinforced Body","Fission","BootSequence","Coolheaded+1","Lockon","Chill","Double Energy","Consume","Gash","Gash","Glacier","Go for the Eyes"],"special_seed":0,"relics":["Cracked Core","Pantograph","Mercury Hourglass","Inserter","WarpedTongs","StoneCalendar","Happy Flower","Lantern"],"potions_floor_usage":[31],"damage_taken":[{"damage":3.0,"enemies":"Small Slimes","floor":1.0,"turns":3.0},{"damage":36.0,"enemies":"Lagavulin","floor":6.0,"turns":8.0},{"damage":1.0,"enemies":"Jaw Worm","floor":7.0,"turns":2.0},{"damage":0.0,"enemies":"2 Louse","floor":8.0,"turns":2.0},{"damage":3.0,"enemies":"Exordium Thugs","floor":11.0,"turns":3.0},{"damage":4.0,"enemies":"Gremlin Gang","floor":13.0,"turns":3.0},{"damage":7.0,"enemies":"Blue Slaver","floor":14.0,"turns":2.0},{"damage":18.0,"enemies":"Hexaghost","floor":16.0,"turns":7.0},{"damage":29.0,"enemies":"Shell Parasite","floor":18.0,"turns":7.0},{"damage":15.0,"enemies":"2 Thieves","floor":20.0,"turns":3.0},{"damage":11.0,"enemies":"Snake Plant","floor":21.0,"turns":4.0},{"damage":12.0,"enemies":"Book of Stabbing","floor":23.0,"turns":6.0},{"damage":3.0,"enemies":"Cultist and Chosen","floor":24.0,"turns":6.0},{"damage":4.0,"enemies":"Sentry and Sphere","floor":25.0,"turns":6.0},{"damage":14,"enemies":"Shelled Parasite and Fungi","floor":29,"turns":4},{"damage":2,"enemies":"Snecko","floor":30,"turns":4},{"damage":13,"enemies":"Snake Plant","floor":31,"turns":2}],"seed_played":"-6401356184665076829","potions_obtained":[{"floor":7.0,"key":"PowerPotion"},{"floor":8.0,"key":"LiquidBronze"},{"floor":13.0,"key":"SteroidPotion"},{"floor":18.0,"key":"Weak Potion"},{"floor":21.0,"key":"SkillPotion"},{"floor":30,"key":"EssenceOfSteel"}],"is_trial":false,"path_per_floor":["M","?","T","$","?","E","M","M","T","R","M","R","M","M","R","B",null,"M","?","M","M","$","E","M","M","T","$","R","M","M","M"],"character_chosen":"DEFECT","items_purchased":["Chill","Double Energy","Lantern"],"campfire_rested":1,"item_purchase_floors":[22,22,27],"current_hp_per_floor":[72,72,72,72,72,36,35,35,35,35,32,32,28,21,21,28,75,46,46,31,20,20,8,5,1,1,1,23,9,7,0],"gold":258,"neow_bonus":"TRANSFORM_TWO_CARDS","is_prod":false,"is_daily":false,"chose_seed":false,"campfire_upgraded":3,"win_rate":0,"timestamp":1568223027,"path_taken":["M","?","?","$","?","E","M","?","T","R","M","R","M","?","R","BOSS","M","?","M","M","$","E","M","M","T","$","R","M","?","M"],"build_version":"2019-07-17","purchased_purges":2,"victory":false,"max_hp_per_floor":[75,75,75,75,75,75,75,75,75,75,75,75,75,75,75,75,75,75,75,75,75,75,75,75,75,75,75,75,75,75,75],"card_choices":[{"not_picked":["Stack","Streamline"],"picked":"Redo","floor":1.0},{"not_picked":["Streamline","Darkness"],"picked":"All For One","floor":6.0},{"not_picked":["Cold Snap","Fusion"],"picked":"Hologram","floor":7.0},{"not_picked":["Undo","Defragment"],"picked":"Streamline","floor":8.0},{"not_picked":["Redo","White Noise"],"picked":"Beam Cell","floor":11.0},{"not_picked":["Rebound","Cold Snap"],"picked":"Streamline","floor":13.0},{"not_picked":["White Noise","Ball Lightning"],"picked":"Reinforced Body","floor":14.0},{"not_picked":["All For One","Multi-Cast"],"picked":"Fission","floor":16.0},{"not_picked":["Reinforced Body","Compile Driver"],"picked":"BootSequence","floor":18.0},{"not_picked":["Ball Lightning","Conserve Battery"],"picked":"Coolheaded+1","floor":20.0},{"not_picked":["Streamline","Stack"],"picked":"Lockon","floor":21.0},{"not_picked":["Fission","Coolheaded"],"picked":"Consume","floor":23.0},{"not_picked":["Conserve Battery+1","Aggregate"],"picked":"Gash","floor":24.0},{"not_picked":["Coolheaded","Redo"],"picked":"Gash","floor":25.0},{"not_picked":["Sunder","Skim"],"picked":"Glacier","floor":29},{"not_picked":["Fusion","FTL"],"picked":"Go for the Eyes","floor":30}],"player_experience":68006,"relics_obtained":[{"floor":3.0,"key":"Pantograph"},{"floor":6.0,"key":"Mercury Hourglass"},{"floor":23.0,"key":"StoneCalendar"},{"floor":26.0,"key":"Happy Flower"}],"event_choices":[{"cards_removed":["Decay"],"damage_healed":0.0,"max_hp_gain":0.0,"max_hp_loss":0.0,"gold_gain":0.0,"event_name":"Living Wall","player_choice":"Forget","floor":2.0,"gold_loss":0.0,"damage_taken":0.0},{"damage_healed":0.0,"max_hp_gain":0.0,"max_hp_loss":0.0,"gold_gain":175.0,"event_name":"Liars Game","player_choice":"AGREE","floor":5.0,"gold_loss":0.0,"damage_taken":0.0,"cards_obtained":["Doubt"]},{"damage_healed":0.0,"max_hp_gain":0.0,"max_hp_loss":0.0,"gold_gain":0.0,"event_name":"Accursed Blacksmith","player_choice":"Rummage","floor":19.0,"gold_loss":0.0,"damage_taken":0.0,"relics_obtained":["WarpedTongs"],"cards_obtained":["Pain"]}],"is_beta":false,"boss_relics":[{"not_picked":["Black Star","Tiny House"],"picked":"Inserter"}],"items_purged_floors":[22,27],"is_endless":false,"potions_floor_spawned":[7,8,13,14,18,21,30],"killed_by":"Snake Plant","ascension_level":0}