{"gold_per_floor":[117,135,135,60,80,112,127,127,152,227,227,242,265,278,278,377,377,388,400,315,122,122,122,122],"floor_reached":24,"playtime":2240,"items_purged":["Strike_G","Defend_G"],"score":225,"play_id":"edbc8c37-79f8-4926-b1f6-7460cbdd3297","local_time":"20190916235144","is_ascension_mode":true,"campfire_choices":[{"floor":8,"key":"REST"},{"floor":11,"key":"REST"},{"data":"Concentrate","floor":15,"key":"SMITH"},{"floor":23,"key":"REST"}],"neow_cost":"NONE","seed_source_timestamp":17378585358100,"circlet_count":0,"master_deck":["Strike_G","Strike_G","Strike_G","Strike_G","Defend_G","Defend_G+1","Defend_G+1","Survivor","Neutralize","Blade Dance","Concentrate+1","Adrenaline","Footwork","Deflect","Backflip","Leg Sweep","Backstab","Grand Finale","Deflect"],"relics":["Ring of the Snake","Regal Pillow","War Paint","Odd Mushroom","Lizard Tail","Smiling Mask","Happy Flower"],"potions_floor_usage":[6,13,16,16,16],"damage_taken":[{"damage":8,"enemies":"Jaw Worm","floor":1,"turns":6},{"damage":2,"enemies":"Cultist","floor":2,"turns":4},{"damage":2,"enemies":"2 Louse","floor":5,"turns":3},{"damage":57,"enemies":"Gremlin Nob","floor":6,"turns":6},{"damage":6,"enemies":"Exordium Wildlife","floor":7,"turns":6},{"damage":0,"enemies":"Looter","floor":12,"turns":3},{"damage":0,"enemies":"The Mushroom Lair","floor":13,"turns":6},{"damage":0,"enemies":"2 Fungi Beasts","floor":14,"turns":5},{"damage":34,"enemies":"The Guardian","floor":16,"turns":28},{"damage":87,"enemies":"Chosen","floor":18,"turns":15},{"damage":13,"enemies":"Shell Parasite","floor":19,"turns":12},{"damage":63,"enemies":"Book of Stabbing","floor":24,"turns":7}],"seed_played":"1364735348202912452","potions_obtained":[{"floor":2,"key":"EssenceOfSteel"},{"floor":6,"key":"Poison Potion"},{"floor":7,"key":"Block Potion"},{"floor":12,"key":"Strength Potion"},{"floor":14,"key":"Weak Potion"}],"is_trial":false,"path_per_floor":["M","M","?","$","M","E","M","R","T","?","R","M","?","M","R","B",null,"M","M","?","$","?","R","E"],"character_chosen":"THE_SILENT","items_purchased":["Happy Flower"],"campfire_rested":3,"item_purchase_floors":[21],"current_hp_per_floor":[69,67,67,67,65,8,2,40,40,29,67,67,67,67,67,33,77,38,25,25,25,25,63,0],"gold":122,"neow_bonus":"TEN_PERCENT_HP_BONUS","is_prod":false,"is_daily":false,"chose_seed":false,"campfire_upgraded":1,"win_rate":0,"timestamp":1568703104,"path_taken":["M","M","?","?","M","E","M","R","T","?","R","M","?","M","R","BOSS","M","M","?","$","?","R","E"],"build_version":"2019-07-17","purchased_purges":2,"victory":false,"max_hp_per_floor":[77,77,77,77,77,77,77,77,77,77,77,77,77,77,77,77,77,77,77,77,77,77,77,77],"card_choices":[{"not_picked":["Sucker Punch","Underhanded Strike"],"picked":"Blade Dance","floor":1},{"not_picked":["Slice","Prepared"],"picked":"Concentrate","floor":2},{"not_picked":["Poisoned Stab","Flechettes"],"picked":"Adrenaline","floor":5},{"not_picked":["Backflip","Poisoned Stab"],"picked":"Footwork","floor":6},{"not_picked":["PiercingWail","Prepared"],"picked":"Deflect","floor":7},{"not_picked":["Catalyst","Prepared"],"picked":"Backflip","floor":12},{"not_picked":["Bane","Acrobatics"],"picked":"Leg Sweep","floor":13},{"not_picked":["Distraction","Prepared"],"picked":"Backstab","floor":14},{"not_picked":["Venomology","After Image"],"picked":"Grand Finale","floor":16},{"not_picked":["Dagger Throw","Outmaneuver"],"picked":"Deflect","floor":18},{"not_picked":["Bane","Catalyst","Sucker Punch"],"picked":"SKIP","floor":19}],"player_experience":107500,"relics_obtained":[{"floor":6,"key":"Regal Pillow"},{"floor":9,"key":"War Paint"},{"floor":13,"key":"Odd Mushroom"}],"event_choices":[{"cards_removed":["Defend_G"],"damage_healed":0,"gold_gain":0,"player_choice":"Purged","damage_taken":0,"max_hp_gain":0,"max_hp_loss":0,"event_name":"Purifier","floor":3,"gold_loss":0},{"damage_healed":0,"gold_gain":75,"player_choice":"Gather Gold","damage_taken":11,"max_hp_gain":0,"max_hp_loss":0,"event_name":"World of Goop","floor":10,"gold_loss":0},{"damage_healed":0,"gold_gain":0,"player_choice":"Fought Mushrooms","damage_taken":0,"max_hp_gain":0,"max_hp_loss":0,"event_name":"Mushrooms","floor":13,"gold_loss":0},{"damage_healed":0,"gold_gain":0,"player_choice":"Obtained Relic","damage_taken":0,"relics_obtained":["Smiling Mask"],"max_hp_gain":0,"max_hp_loss":0,"event_name":"Addict","floor":20,"gold_loss":85},{"damage_healed":0,"gold_gain":0,"player_choice":"Ignored","damage_taken":0,"max_hp_gain":0,"max_hp_loss":0,"event_name":"Vampires","floor":22,"gold_loss":0}],"is_beta":false,"boss_relics":[{"not_picked":["Tiny House","Runic Dome"],"picked":"Lizard Tail"}],"items_purged_floors":[4,21],"is_endless":false,"potions_floor_spawned":[2,6,7,12,14],"killed_by":"Book of Stabbing","ascension_level":3}