{"gold_per_floor":[115,134,148,128,139,139,153,186,186,186,198,230,230,244,244,349,349,361,361,371,215,233,268,268,68,95,112,112,132,165,165,165,165],"floor_reached":33,"playtime":3164,"items_purged":["After Image+1","Defend_G"],"score":436,"play_id":"147768f9-554d-457c-b588-e833bff20312","local_time":"20191009164618","is_ascension_mode":true,"campfire_choices":[{"floor":6,"key":"REST"},{"data":"All Out Attack","floor":10,"key":"SMITH"},{"floor":13,"key":"REST"},{"data":"Glass Knife","floor":15,"key":"SMITH"},{"floor":24,"key":"REST"},{"data":"Caltrops","floor":28,"key":"SMITH"},{"floor":32,"key":"REST"}],"neow_cost":"PERCENT_DAMAGE","seed_source_timestamp":396022907954700,"circlet_count":0,"master_deck":["Strike_G","Strike_G","Strike_G","Defend_G","Defend_G","Defend_G","Survivor","Neutralize","Leg Sweep","Cloak And Dagger","Dagger Throw","All Out Attack+1","Quick Slash","Endless Agony","Caltrops+1","Glass Knife+1","Finisher","Wraith Form v2","After Image+1","After Image+1","Dagger Spray+1","Footwork","Blade Dance","Caltrops","Dodge and Roll","PiercingWail","Dodge and Roll","Cloak And Dagger","Dodge and Roll+1","A Thousand Cuts","Mind Blast"],"relics":["Ring of the Snake","Turnip","Thread and Needle","Letter Opener","Orichalcum","Astrolabe","FossilizedHelix","Centennial Puzzle","Boot"],"potions_floor_usage":[8,12,16,18,23,27,30,30,33],"damage_taken":[{"damage":0,"enemies":"2 Louse","floor":1,"turns":2},{"damage":0,"enemies":"Cultist","floor":2,"turns":6},{"damage":9,"enemies":"Jaw Worm","floor":3,"turns":5},{"damage":11,"enemies":"Gremlin Gang","floor":5,"turns":7},{"damage":0,"enemies":"2 Fungi Beasts","floor":7,"turns":4},{"damage":11,"enemies":"3 Sentries","floor":8,"turns":9},{"damage":0,"enemies":"Large Slime","floor":11,"turns":4},{"damage":21,"enemies":"Gremlin Nob","floor":12,"turns":4},{"damage":0,"enemies":"3 Louse","floor":14,"turns":2},{"damage":0,"enemies":"The Guardian","floor":16,"turns":13},{"damage":5,"enemies":"2 Thieves","floor":18,"turns":5},{"damage":0,"enemies":"3 Byrds","floor":20,"turns":5},{"damage":1,"enemies":"Snecko","floor":22,"turns":9},{"damage":24,"enemies":"Gremlin Leader","floor":23,"turns":9},{"damage":0,"enemies":"Snake Plant","floor":27,"turns":4},{"damage":0,"enemies":"Cultist and Chosen","floor":29,"turns":6},{"damage":9,"enemies":"Slavers","floor":30,"turns":6},{"damage":57,"enemies":"Collector","floor":33,"turns":11}],"seed_played":"1545801015584076908","potions_obtained":[{"floor":2,"key":"Dexterity Potion"},{"floor":4,"key":"GamblersBrew"},{"floor":5,"key":"Dexterity Potion"},{"floor":12,"key":"Block Potion"},{"floor":14,"key":"GhostInAJar"},{"floor":16,"key":"Poison Potion"},{"floor":22,"key":"Swift Potion"},{"floor":23,"key":"PowerPotion"},{"floor":27,"key":"Swift Potion"},{"floor":30,"key":"Fire Potion"}],"is_trial":false,"path_per_floor":["M","M","M","?","M","R","M","E","T","R","M","E","R","M","R","B",null,"M","?","M","$","M","E","R","$","T","M","R","M","E","?","R","B"],"character_chosen":"THE_SILENT","items_purchased":["Footwork","Blade Dance","PiercingWail","Dodge and Roll"],"campfire_rested":4,"item_purchase_floors":[21,21,25,25],"current_hp_per_floor":[49,49,40,40,29,50,50,39,39,39,39,18,39,39,39,39,62,57,57,57,57,56,32,53,53,53,53,53,53,44,30,51,0],"gold":165,"neow_bonus":"ONE_RARE_RELIC","is_prod":false,"is_daily":false,"chose_seed":false,"campfire_upgraded":3,"win_rate":0,"timestamp":1570664778,"path_taken":["M","M","M","?","?","R","M","E","T","R","M","E","R","M","R","BOSS","M","?","M","$","M","E","R","$","T","?","R","M","E","?","R","BOSS"],"build_version":"2019-07-17","purchased_purges":2,"victory":false,"max_hp_per_floor":[70,70,70,70,70,70,70,70,70,70,70,70,70,70,70,70,70,70,70,70,70,70,70,70,70,70,70,70,70,70,70,70,70],"card_choices":[{"not_picked":["Underhanded Strike","Outmaneuver"],"picked":"Leg Sweep","floor":1},{"not_picked":["Slice","Outmaneuver"],"picked":"Cloak And Dagger","floor":2},{"not_picked":["Flying Knee","Calculated Gamble"],"picked":"Dagger Throw","floor":3},{"not_picked":["Dash","Cloak And Dagger"],"picked":"All Out Attack","floor":5},{"not_picked":["Leg Sweep","Dash"],"picked":"Quick Slash","floor":7},{"not_picked":["Eviscerate","All Out Attack"],"picked":"Endless Agony","floor":8},{"not_picked":["Heel Hook","Deflect"],"picked":"Caltrops","floor":11},{"not_picked":["Setup","Dodge and Roll"],"picked":"Glass Knife","floor":12},{"not_picked":["Poisoned Stab","Dagger Spray"],"picked":"Finisher","floor":14},{"not_picked":["Venomology","Storm of Steel"],"picked":"Wraith Form v2","floor":16},{"not_picked":["Masterful Stab","Underhanded Strike"],"picked":"Dagger Spray","floor":18},{"not_picked":["Bouncing Flask+1","Finisher","Poisoned Stab+1"],"picked":"SKIP","floor":20},{"not_picked":["Distraction","Acrobatics+1"],"picked":"Caltrops","floor":22},{"not_picked":["Backstab","Quick Slash"],"picked":"Dodge and Roll","floor":23},{"not_picked":["Blade Dance","Outmaneuver+1"],"picked":"Cloak And Dagger","floor":27},{"not_picked":["Finisher","Outmaneuver"],"picked":"Dodge and Roll+1","floor":29},{"not_picked":["Dagger Spray+1","Backstab"],"picked":"A Thousand Cuts","floor":30}],"player_experience":267180,"relics_obtained":[{"floor":8,"key":"Thread and Needle"},{"floor":9,"key":"Letter Opener"},{"floor":12,"key":"Orichalcum"},{"floor":23,"key":"FossilizedHelix"},{"floor":26,"key":"Centennial Puzzle"},{"floor":30,"key":"Boot"}],"event_choices":[{"damage_healed":0,"gold_gain":0,"player_choice":"Bought 1 Potion","damage_taken":0,"max_hp_gain":0,"max_hp_loss":0,"event_name":"The Woman in Blue","floor":4,"gold_loss":0},{"damage_healed":0,"gold_gain":0,"player_choice":"Forge","damage_taken":0,"max_hp_gain":0,"max_hp_loss":0,"event_name":"Accursed Blacksmith","floor":19,"gold_loss":0,"cards_upgraded":["Dagger Spray"]},{"damage_healed":0,"gold_gain":0,"player_choice":"CARD ","damage_taken":14,"max_hp_gain":0,"max_hp_loss":0,"event_name":"Knowing Skull","floor":31,"potions_obtained":[],"gold_loss":0,"cards_obtained":["Mind Blast"]}],"is_beta":false,"boss_relics":[{"not_picked":["Coffee Dripper","Runic Dome"],"picked":"Astrolabe"}],"items_purged_floors":[21,25],"is_endless":false,"potions_floor_spawned":[2,5,12,14,16,22,23,27,30],"killed_by":"Collector","ascension_level":5}