{"gold_per_floor":[114,114,11,11,25,25,59,59,114,114,135,14,38,79,79,205,205,219,219,219,264,289,289,308,351,351,382,382,421,91,6,6,126,126,140,140,159,4,18,18,57,57,139,162,162,180,219,79,79,79],"floor_reached":51,"playtime":3460,"items_purged":["Defend_B","Defend_B"],"score":981,"play_id":"c3c2e98c-f1e8-4312-bb32-52683794ed3c","local_time":"20190921165455","is_ascension_mode":true,"campfire_choices":[{"data":"Zap","floor":6,"key":"SMITH"},{"data":"Redo","floor":8,"key":"SMITH"},{"data":"Defragment","floor":10,"key":"SMITH"},{"floor":15,"key":"REST"},{"data":"Genetic Algorithm","floor":23,"key":"SMITH"},{"data":"Fission","floor":28,"key":"SMITH"},{"floor":32,"key":"REST"},{"data":"Recycle","floor":40,"key":"SMITH"},{"floor":45,"key":"REST"},{"data":"Buffer","floor":49,"key":"SMITH"}],"neow_cost":"TEN_PERCENT_HP_LOSS","seed_source_timestamp":423085079219400,"circlet_count":0,"master_deck":["Zap+1","Dualcast","Defragment+1","Redo+1","Loop","Buffer+1","Hologram","BootSequence","Genetic Algorithm+1","Leap","Conserve Battery","Echo Form","Fission+1","Chill","Steam","Ball Lightning+1","Streamline","Steam Power","Self Repair","Redo","Electrodynamics","Reinforced Body","Streamline","Defragment","Recycle+1","Consume","Steam+1","Beam Cell","Beam Cell+1","Hologram+1"],"relics":["Cracked Core","Turnip","Golden Idol","Vajra","Mercury Hourglass","Sozu","Kunai","Strawberry","Matryoshka","Pantograph","Unceasing Top","Bottled Tornado","Lantern","Runic Capacitor","Ancient Tea Set","Pandora\u0027s Box","Bag of Preparation","Juzu Bracelet","Smiling Mask","Dodecahedron","Orichalcum","Pear"],"potions_floor_usage":[7,16,27,33],"damage_taken":[{"damage":6,"enemies":"Small Slimes","floor":1,"turns":3},{"damage":6,"enemies":"Cultist","floor":5,"turns":4},{"damage":3,"enemies":"Lagavulin","floor":7,"turns":5},{"damage":0,"enemies":"Jaw Worm","floor":11,"turns":3},{"damage":9,"enemies":"Exordium Thugs","floor":13,"turns":4},{"damage":18,"enemies":"Gremlin Nob","floor":14,"turns":4},{"damage":0,"enemies":"Slime Boss","floor":16,"turns":6},{"damage":10,"enemies":"Spheric Guardian","floor":18,"turns":4},{"damage":21,"enemies":"Shell Parasite","floor":22,"turns":5},{"damage":15,"enemies":"Snecko","floor":24,"turns":7},{"damage":8,"enemies":"Book of Stabbing","floor":25,"turns":5},{"damage":0,"enemies":"Gremlin Leader","floor":27,"turns":7},{"damage":12,"enemies":"Slavers","floor":29,"turns":5},{"damage":0,"enemies":"Automaton","floor":33,"turns":8},{"damage":27,"enemies":"3 Shapes","floor":35,"turns":3},{"damage":0,"enemies":"3 Darklings","floor":37,"turns":5},{"damage":20,"enemies":"Writhing Mass","floor":39,"turns":5},{"damage":0,"enemies":"Giant Head","floor":41,"turns":8},{"damage":42,"enemies":"4 Shapes","floor":44,"turns":5},{"damage":0,"enemies":"Spire Growth","floor":46,"turns":5},{"damage":8,"enemies":"Reptomancer","floor":47,"turns":4},{"damage":4,"enemies":"Donu and Deca","floor":50,"turns":6}],"seed_played":"428733772271109888","potions_obtained":[{"floor":1,"key":"Dexterity Potion"},{"floor":5,"key":"SkillPotion"},{"floor":7,"key":"Dexterity Potion"},{"floor":14,"key":"PowerPotion"}],"is_trial":false,"path_per_floor":["M","?","$","?","M","R","E","R","T","R","M","$","M","E","R","B",null,"M","?","?","T","M","R","M","E","T","E","R","E","$","?","R","B",null,"M","?","M","$","M","R","E","?","T","M","R","M","E","?","R","B",null],"character_chosen":"DEFECT","items_purchased":["Redo","Loop","Leap","Runic Capacitor","Redo","Bag of Preparation"],"campfire_rested":3,"item_purchase_floors":[3,3,12,30,30,38],"current_hp_per_floor":[62,45,45,45,39,39,36,36,36,36,36,36,27,9,29,29,68,58,58,58,65,44,44,29,21,21,21,21,9,9,9,31,63,75,55,55,62,62,42,42,49,49,49,7,29,36,28,38,38,59],"gold":79,"neow_bonus":"ONE_RARE_RELIC","is_prod":false,"is_daily":false,"chose_seed":false,"campfire_upgraded":7,"win_rate":0,"timestamp":1569110095,"path_taken":["M","?","$","?","?","R","E","R","T","R","M","?","M","E","R","BOSS","M","?","?","?","?","R","M","E","T","E","R","E","$","?","R","BOSS","M","?","M","$","?","R","E","?","T","M","R","M","E","?","R","BOSS"],"build_version":"2019-07-17","purchased_purges":2,"victory":true,"max_hp_per_floor":[68,68,68,68,68,68,68,68,68,68,68,68,68,68,68,68,68,68,68,68,75,75,75,75,75,75,75,75,75,75,75,75,75,75,75,75,75,75,75,75,75,75,75,75,75,75,75,85,85,85],"card_choices":[{"not_picked":["Undo","Recycle"],"picked":"Defragment","floor":1},{"not_picked":["Chaos","Go for the Eyes"],"picked":"Hologram","floor":5},{"not_picked":["Ball Lightning","Chaos"],"picked":"BootSequence","floor":7},{"not_picked":["Conserve Battery","Turbo"],"picked":"Genetic Algorithm","floor":11},{"not_picked":["Hologram","Barrage"],"picked":"Conserve Battery","floor":13},{"not_picked":["Cold Snap","Steam Power"],"picked":"Echo Form","floor":14},{"not_picked":["Rainbow","Thunder Strike"],"picked":"Fission","floor":16},{"not_picked":["Loop","Glacier"],"picked":"Chill","floor":18},{"not_picked":["Cold Snap","Reprogram"],"picked":"Steam","floor":22},{"not_picked":["Conserve Battery","Rebound"],"picked":"Ball Lightning+1","floor":24},{"not_picked":["Glacier","Machine Learning"],"picked":"Streamline","floor":25},{"not_picked":["Go for the Eyes","Doom and Gloom+1"],"picked":"Steam Power","floor":27},{"not_picked":["Consume","Beam Cell+1"],"picked":"Self Repair","floor":29},{"not_picked":["Core Surge","Fission"],"picked":"Electrodynamics","floor":33},{"not_picked":["Self Repair","Compile Driver"],"picked":"Recycle","floor":35},{"not_picked":["Scrape+1","Steam Power"],"picked":"Steam+1","floor":37},{"not_picked":["Barrage","Redo","Fusion"],"picked":"SKIP","floor":39},{"not_picked":["FTL","Go for the Eyes"],"picked":"Beam Cell","floor":41},{"not_picked":["Rainbow","Go for the Eyes+1","Ball Lightning"],"picked":"SKIP","floor":44},{"not_picked":["Stack","Compile Driver"],"picked":"Beam Cell+1","floor":46},{"not_picked":["Force Field+1","Double Energy"],"picked":"Hologram+1","floor":47}],"player_experience":160783,"relics_obtained":[{"floor":7,"key":"Vajra"},{"floor":14,"key":"Mercury Hourglass"},{"floor":21,"key":"Strawberry"},{"floor":25,"key":"Matryoshka"},{"floor":26,"key":"Pantograph"},{"floor":26,"key":"Unceasing Top"},{"floor":27,"key":"Bottled Tornado"},{"floor":29,"key":"Lantern"},{"floor":41,"key":"Juzu Bracelet"},{"floor":43,"key":"Smiling Mask"},{"floor":43,"key":"Dodecahedron"},{"floor":47,"key":"Orichalcum"}],"event_choices":[{"damage_healed":0,"gold_gain":0,"player_choice":"Take Damage","damage_taken":17,"relics_obtained":["Golden Idol"],"max_hp_gain":0,"max_hp_loss":0,"event_name":"Golden Idol","floor":2,"gold_loss":0},{"damage_healed":0,"gold_gain":0,"cards_transformed":["Strike_B"],"player_choice":"Transformed","damage_taken":0,"max_hp_gain":0,"max_hp_loss":0,"event_name":"Transmorgrifier","floor":4,"gold_loss":0,"cards_obtained":["Buffer"]},{"cards_removed":["Strike_B"],"damage_healed":0,"gold_gain":0,"player_choice":"Elegance","damage_taken":0,"max_hp_gain":0,"max_hp_loss":0,"event_name":"Back to Basics","floor":19,"gold_loss":0},{"damage_healed":0,"gold_gain":0,"player_choice":"Opened","damage_taken":0,"relics_obtained":["Kunai"],"max_hp_gain":0,"max_hp_loss":0,"event_name":"The Mausoleum","floor":20,"gold_loss":0},{"damage_healed":0,"gold_gain":0,"player_choice":"Obtained Relic","damage_taken":0,"relics_obtained":["Ancient Tea Set"],"max_hp_gain":0,"max_hp_loss":0,"event_name":"Addict","floor":31,"gold_loss":85},{"damage_healed":0,"gold_gain":0,"cards_transformed":["Scrape"],"player_choice":"Transformed","damage_taken":0,"max_hp_gain":0,"max_hp_loss":0,"event_name":"Transmorgrifier","floor":36,"gold_loss":0,"cards_obtained":["Consume"]},{"damage_healed":0,"gold_gain":0,"player_choice":"Got Potions","damage_taken":0,"max_hp_gain":0,"max_hp_loss":0,"event_name":"Lab","floor":42,"gold_loss":0},{"damage_healed":0,"gold_gain":0,"player_choice":"Paid Gold","damage_taken":0,"relics_obtained":["Pear"],"max_hp_gain":0,"max_hp_loss":0,"event_name":"WeMeetAgain","floor":48,"gold_loss":140}],"is_beta":false,"boss_relics":[{"not_picked":["Philosopher\u0027s Stone","Runic Dome"],"picked":"Sozu"},{"not_picked":["Nuclear Battery","Runic Pyramid"],"picked":"Pandora\u0027s Box"}],"items_purged_floors":[12,30],"is_endless":false,"potions_floor_spawned":[1,5,7,14,18,24,27,33,37,39,41,46,47],"ascension_level":2}