{"gold_per_floor":[119,119,131,131,148,148,174,174,222,95,106,124,135,161,161,161],"floor_reached":16,"playtime":455,"items_purged":[],"score":151,"play_id":"80c1ec48-3a97-44a0-8a65-721a2615eaf0","local_time":"20190413191937","is_ascension_mode":true,"campfire_choices":[{"data":"Mind Blast","floor":6,"key":"SMITH"},{"data":"Hemokinesis","floor":8,"key":"SMITH"},{"floor":15,"key":"REST"}],"neow_cost":"CURSE","seed_source_timestamp":1818384778986300,"circlet_count":0,"master_deck":["Strike_R","Strike_R","Strike_R","Strike_R","Defend_R","Defend_R","Defend_R","Defend_R","Bash","Enlightenment","Mind Blast+1","Regret","Hemokinesis+1","Headbutt","Dual Wield","Uppercut+1","Shrug It Off+1","Rage+1","Wild Strike+1"],"relics":["Burning Blood","Bronze Scales","Toxic Egg 2","Bag of Preparation","Molten Egg 2","Thread and Needle"],"potions_floor_usage":[3,14],"damage_taken":[{"damage":17,"enemies":"Small Slimes","floor":1,"turns":3},{"damage":0,"enemies":"2 Louse","floor":3,"turns":1},{"damage":4,"enemies":"Cultist","floor":5,"turns":3},{"damage":42,"enemies":"3 Sentries","floor":7,"turns":8},{"damage":15,"enemies":"Gremlin Gang","floor":11,"turns":3},{"damage":8,"enemies":"Looter","floor":12,"turns":2},{"damage":15,"enemies":"Exordium Thugs","floor":13,"turns":3},{"damage":4,"enemies":"Gremlin Nob","floor":14,"turns":2},{"damage":46,"enemies":"The Guardian","floor":16,"turns":8}],"seed_played":"7192733927178396836","potions_obtained":[{"floor":1,"key":"Explosive Potion"},{"floor":13,"key":"Block Potion"}],"is_trial":false,"path_per_floor":["M","?","M","?","M","R","E","R","T","?","M","M","M","E","R","B"],"character_chosen":"IRONCLAD","items_purchased":[],"campfire_rested":1,"item_purchase_floors":[],"current_hp_per_floor":[69,66,72,72,74,74,38,38,38,38,29,27,18,20,44,0],"gold":161,"neow_bonus":"RANDOM_COLORLESS_2","is_prod":false,"is_daily":false,"chose_seed":false,"campfire_upgraded":2,"win_rate":0,"timestamp":1555172377,"path_taken":["M","?","M","?","M","R","E","R","T","?","M","?","M","E","R","BOSS"],"build_version":"2019-01-23","purchased_purges":0,"victory":false,"max_hp_per_floor":[80,80,80,80,80,80,80,80,80,80,80,80,80,80,80,80],"card_choices":[{"not_picked":["Body Slam","Wild Strike"],"picked":"Hemokinesis","floor":1},{"not_picked":["Body Slam","Sentinel"],"picked":"Headbutt","floor":3},{"not_picked":["Anger","Carnage","Perfected Strike"],"picked":"SKIP","floor":5},{"not_picked":["Havoc","Anger","Twin Strike"],"picked":"SKIP","floor":7},{"not_picked":["Power Through+1","Thunderclap+1"],"picked":"Uppercut+1","floor":11},{"not_picked":["Warcry+1","Rupture"],"picked":"Shrug It Off+1","floor":12},{"not_picked":["Barricade","True Grit+1"],"picked":"Rage+1","floor":13},{"not_picked":["Havoc+1","Corruption"],"picked":"Wild Strike+1","floor":14}],"player_experience":263288,"relics_obtained":[{"floor":7,"key":"Toxic Egg 2"},{"floor":9,"key":"Bag of Preparation"},{"floor":14,"key":"Thread and Needle"}],"event_choices":[{"damage_healed":0,"gold_gain":0,"player_choice":"Success","damage_taken":3,"relics_obtained":["Bronze Scales"],"max_hp_gain":0,"max_hp_loss":0,"event_name":"Scrap Ooze","floor":2,"gold_loss":0},{"damage_healed":0,"gold_gain":0,"cards_transformed":["Strike_R"],"player_choice":"Change","damage_taken":0,"max_hp_gain":0,"max_hp_loss":0,"event_name":"Living Wall","floor":4,"gold_loss":0,"cards_obtained":["Dual Wield"]},{"damage_healed":0,"gold_gain":0,"player_choice":"Paid Gold","damage_taken":0,"relics_obtained":["Molten Egg 2"],"max_hp_gain":0,"max_hp_loss":0,"event_name":"WeMeetAgain","floor":10,"gold_loss":127}],"is_beta":false,"boss_relics":[],"items_purged_floors":[],"is_endless":false,"potions_floor_spawned":[1,13],"killed_by":"The Guardian","ascension_level":2}