{"gold_per_floor":[117,130,143,159,169,169,184,184,184,184,199,210,385,395,395,495,495,515,216,141,106,106,106,121,121,121,21,38,38,56,82,82,82],"floor_reached":33,"playtime":3250,"items_purged":["Doubt","Strike_R"],"score":293,"play_id":"36b9f282-c5e9-4ece-91f0-6c94712f346b","local_time":"20190930201440","is_ascension_mode":false,"campfire_choices":[{"data":"Barricade","floor":6,"key":"SMITH"},{"data":"Berserk","floor":8,"key":"SMITH"},{"data":"Body Slam","floor":10,"key":"SMITH"},{"floor":15,"key":"REST"},{"data":"Demon Form","floor":23,"key":"SMITH"},{"data":"Chrysalis","floor":25,"key":"SMITH"},{"floor":29,"key":"REST"},{"data":"Pommel Strike","floor":32,"key":"SMITH"}],"neow_cost":"NONE","seed_source_timestamp":97729098274100,"circlet_count":0,"master_deck":["Strike_R","Strike_R","Strike_R","Defend_R","Defend_R","Defend_R","Defend_R","Bash","Barricade+1","Spot Weakness","Uppercut","Pommel Strike+1","Body Slam+1","Berserk+1","Evolve","Shrug It Off","Combust","Demon Form+1","Heavy Blade","Chrysalis+1","Ghostly","Ghostly","Ghostly","Ghostly","Ghostly","Heavy Blade+1"],"relics":["Burning Blood"],"potions_floor_usage":[16,16,33,33,33,33,33,33,33,33],"damage_taken":[{"damage":5,"enemies":"Cultist","floor":1,"turns":4},{"damage":10,"enemies":"Small Slimes","floor":2,"turns":3},{"damage":1,"enemies":"2 Louse","floor":3,"turns":3},{"damage":9,"enemies":"Blue Slaver","floor":4,"turns":4},{"damage":22,"enemies":"Exordium Thugs","floor":5,"turns":4},{"damage":24,"enemies":"Gremlin Gang","floor":7,"turns":5},{"damage":10,"enemies":"Looter","floor":11,"turns":2},{"damage":7,"enemies":"3 Louse","floor":12,"turns":3},{"damage":22,"enemies":"Exordium Thugs","floor":14,"turns":7},{"damage":36,"enemies":"The Guardian","floor":16,"turns":9},{"damage":39,"enemies":"Chosen","floor":18,"turns":7},{"damage":23,"enemies":"2 Thieves","floor":21,"turns":5},{"damage":9,"enemies":"Centurion and Healer","floor":24,"turns":8},{"damage":16,"enemies":"Snake Plant","floor":28,"turns":8},{"damage":21,"enemies":"Shelled Parasite and Fungi","floor":30,"turns":8},{"damage":32,"enemies":"Automaton","floor":33,"turns":6}],"seed_played":"1400816968394992622","potions_obtained":[{"floor":3,"key":"SteroidPotion"},{"floor":5,"key":"EntropicBrew"},{"floor":12,"key":"SpeedPotion"},{"floor":28,"key":"Weak Potion"}],"is_trial":false,"path_per_floor":["M","M","M","M","M","R","M","R","T","R","M","M","?","M","R","B",null,"M","$","?","M","?","R","M","R","T","$","M","R","M","T","R","B"],"character_chosen":"IRONCLAD","items_purchased":["Chrysalis","Fire Potion"],"campfire_rested":2,"item_purchase_floors":[19,19],"current_hp_per_floor":[80,76,80,77,61,61,43,43,43,43,39,38,38,22,46,16,80,47,47,47,30,30,30,27,27,27,27,17,29,14,14,14,0],"gold":82,"neow_bonus":"ONE_RANDOM_RARE_CARD","is_prod":false,"is_daily":false,"chose_seed":false,"campfire_upgraded":6,"win_rate":0,"timestamp":1569867280,"path_taken":["M","M","M","M","M","R","?","R","T","R","M","M","?","M","R","BOSS","M","$","?","M","?","R","M","R","T","$","M","R","M","?","R","BOSS"],"build_version":"2019-07-17","purchased_purges":2,"victory":false,"max_hp_per_floor":[80,80,80,80,80,80,80,80,80,80,80,80,80,80,80,80,80,80,80,80,80,40,40,40,40,40,40,40,40,40,40,40,40],"card_choices":[{"not_picked":["Perfected Strike","Warcry"],"picked":"Spot Weakness","floor":1},{"not_picked":["Cleave","Shrug It Off"],"picked":"Uppercut","floor":2},{"not_picked":["Combust","Sword Boomerang"],"picked":"Pommel Strike","floor":3},{"not_picked":["True Grit","Iron Wave","Clothesline"],"picked":"SKIP","floor":4},{"not_picked":["Twin Strike","Armaments"],"picked":"Body Slam","floor":5},{"not_picked":["Pommel Strike","Clothesline"],"picked":"Berserk","floor":7},{"not_picked":["Clash","Intimidate"],"picked":"Evolve","floor":11},{"not_picked":["Perfected Strike","Headbutt"],"picked":"Shrug It Off","floor":12},{"not_picked":["Iron Wave","Cleave"],"picked":"Combust","floor":14},{"not_picked":["Brutality","Exhume"],"picked":"Demon Form","floor":16},{"not_picked":["Clash","Havoc"],"picked":"Heavy Blade","floor":18},{"not_picked":["Warcry","Second Wind","Rampage"],"picked":"SKIP","floor":21},{"not_picked":["Ghostly Armor","Perfected Strike"],"picked":"Heavy Blade+1","floor":24},{"not_picked":["Rampage","Carnage","Dropkick"],"picked":"SKIP","floor":28},{"not_picked":["Combust+1","Perfected Strike","Blood for Blood"],"picked":"SKIP","floor":30}],"player_experience":189060,"relics_obtained":[],"event_choices":[{"damage_healed":0,"gold_gain":175,"player_choice":"AGREE","damage_taken":0,"max_hp_gain":0,"max_hp_loss":0,"event_name":"Liars Game","floor":13,"gold_loss":0,"cards_obtained":["Doubt"]},{"cards_removed":["Strike_R"],"damage_healed":0,"gold_gain":0,"player_choice":"Gave Gold","damage_taken":0,"max_hp_gain":0,"max_hp_loss":0,"event_name":"Beggar","floor":20,"gold_loss":75},{"damage_healed":0,"gold_gain":0,"player_choice":"Became a Ghost","damage_taken":0,"max_hp_gain":0,"max_hp_loss":40,"event_name":"Ghosts","floor":22,"gold_loss":0,"cards_obtained":["Ghostly","Ghostly","Ghostly","Ghostly","Ghostly"]}],"is_beta":false,"boss_relics":[{"not_picked":["Sozu","Runic Pyramid","Fusion Hammer"]}],"items_purged_floors":[19,27],"is_endless":false,"potions_floor_spawned":[3,5,12,14,28,30],"killed_by":"Automaton","ascension_level":0}