{"gold_per_floor":[363,6,6,18,18,50,50,63,89,101,128,128,5,15,15,120,120,138,154,174,191,19,19,46,46,46,46,146,175,185,197,197,301,301,315,330,330,30,75,101,120,120,144,157,169,186,213,313,313,313,313,313,7,38,38],"floor_reached":56,"playtime":4845,"items_purged":["Pain","Parasite","Strike_B"],"score":1696,"play_id":"11030491-7090-4bb2-a3cd-8d08167cc1fe","local_time":"20191015204759","is_ascension_mode":true,"campfire_choices":[{"data":"Storm","floor":7.0,"key":"SMITH"},{"floor":15.0,"key":"REST"},{"data":"Self Repair","floor":23.0,"key":"SMITH"},{"data":"Defragment","floor":25.0,"key":"SMITH"},{"data":"Genetic Algorithm","floor":32,"key":"SMITH"},{"data":"Thunder Strike","floor":42,"key":"SMITH"},{"floor":49,"key":"RECALL"},{"data":"BootSequence","floor":52,"key":"SMITH"}],"neow_cost":"CURSE","seed_source_timestamp":0,"circlet_count":0,"master_deck":["Strike_B","Strike_B","Defend_B","Defend_B","Defend_B","Zap","Dualcast","Defragment+1","Storm+1","Hologram","Cold Snap","Ball Lightning","BootSequence+1","Auto Shields","Glacier","Self Repair+1","Thunder Strike+1","Coolheaded","Glacier+1","Go for the Eyes+1","Amplify","Heatsinks","Compile Driver","Go for the Eyes+1","Static Discharge+1","Capacitor+1","Genetic Algorithm+1","Core Surge","Consume+1","Loop+1","Defragment+1","Blizzard+1","Conserve Battery+1","Defragment+1","Capacitor+1","Parasite","Hologram+1","Hologram+1","Rebound+1"],"special_seed":0,"relics":["Cracked Core","Mummified Hand","WarpedTongs","Bag of Preparation","Potion Belt","Boot","The Courier","Coffee Dripper","Meat on the Bone","Kunai","Dodecahedron","Emotion Chip","Bottled Tornado","Frozen Egg 2","Empty Cage","OrangePellets","Mango","Sundial","Thread and Needle","Bird Faced Urn","Bottled Lightning","DataDisk"],"potions_floor_usage":[45,46,54,55,55,55],"damage_taken":[{"damage":8.0,"enemies":"Jaw Worm","floor":1.0,"turns":4.0},{"damage":2.0,"enemies":"Cultist","floor":4.0,"turns":3.0},{"damage":26.0,"enemies":"3 Sentries","floor":6.0,"turns":8.0},{"damage":0.0,"enemies":"Small Slimes","floor":8.0,"turns":2.0},{"damage":4.0,"enemies":"Exordium Wildlife","floor":10.0,"turns":3.0},{"damage":12.0,"enemies":"Gremlin Nob","floor":11.0,"turns":4.0},{"damage":0.0,"enemies":"2 Fungi Beasts","floor":14.0,"turns":3.0},{"damage":15.0,"enemies":"Slime Boss","floor":16.0,"turns":10.0},{"damage":0.0,"enemies":"3 Byrds","floor":18.0,"turns":4.0},{"damage":0.0,"enemies":"Spheric Guardian","floor":19.0,"turns":4.0},{"damage":2.0,"enemies":"Shelled Parasite and Fungi","floor":20.0,"turns":4.0},{"damage":27.0,"enemies":"3 Cultists","floor":21.0,"turns":5.0},{"damage":16.0,"enemies":"Slavers","floor":24.0,"turns":3.0},{"damage":2.0,"enemies":"Colosseum Slavers","floor":28.0,"turns":4.0},{"damage":9.0,"enemies":"Colosseum Nobs","floor":28.0,"turns":3.0},{"damage":42,"enemies":"Gremlin Leader","floor":29,"turns":8},{"damage":0,"enemies":"Snake Plant","floor":30,"turns":3},{"damage":0,"enemies":"Sentry and Sphere","floor":31,"turns":4},{"damage":31,"enemies":"Collector","floor":33,"turns":8},{"damage":0,"enemies":"Orb Walker","floor":35,"turns":3},{"damage":24,"enemies":"3 Shapes","floor":36,"turns":4},{"damage":16,"enemies":"2 Orb Walkers","floor":39,"turns":4},{"damage":14,"enemies":"Giant Head","floor":40,"turns":5},{"damage":0,"enemies":"Spire Growth","floor":41,"turns":4},{"damage":0,"enemies":"Maw","floor":44,"turns":4},{"damage":8,"enemies":"Writhing Mass","floor":45,"turns":4},{"damage":17,"enemies":"Jaw Worm Horde","floor":46,"turns":3},{"damage":0,"enemies":"Nemesis","floor":47,"turns":5},{"damage":0,"enemies":"Mind Bloom Boss Battle","floor":48,"turns":5},{"damage":0,"enemies":"Time Eater","floor":50,"turns":8},{"damage":0,"enemies":"Shield and Spear","floor":54,"turns":4},{"damage":51,"enemies":"The Heart","floor":55,"turns":8}],"seed_played":"6658354776597172572","potions_obtained":[{"floor":6.0,"key":"AttackPotion"},{"floor":8.0,"key":"Dexterity Potion"},{"floor":10.0,"key":"Block Potion"},{"floor":14.0,"key":"SkillPotion"},{"floor":16.0,"key":"PowerPotion"},{"floor":18.0,"key":"SkillPotion"},{"floor":21.0,"key":"PowerPotion"},{"floor":24.0,"key":"SkillPotion"},{"floor":28,"key":"Explosive Potion"},{"floor":30,"key":"Strength Potion"},{"floor":33,"key":"FairyPotion"},{"floor":36,"key":"SkillPotion"},{"floor":41,"key":"Fire Potion"},{"floor":46,"key":"Poison Potion"},{"floor":47,"key":"Swift Potion"},{"floor":54,"key":"AttackPotion"}],"is_trial":false,"path_per_floor":["M","$","?","M","$","E","R","M","T","M","E","?","$","M","R","B",null,"M","M","M","M","$","R","E","R","T","?","?","E","M","M","R","B",null,"M","M","?","$","?","E","M","R","T","M","M","M","E","?","R","B",null,"R","$","E","B",null],"character_chosen":"DEFECT","items_purchased":["Mummified Hand","Storm","Hologram","Self Repair","Amplify","Heatsinks","OrangePellets","Defragment+1","Bottled Lightning"],"campfire_rested":1,"item_purchase_floors":[2,2,2,13,22,22,38,38,53],"current_hp_per_floor":[60,60,60,58,58,32,32,32,32,28,16,9,9,16,38,30,64,71,75,75,55,55,55,39,39,39,39,50,30,52,62,62,53,70,70,46,46,46,66,62,72,72,72,82,82,65,75,82,82,82,82,82,82,82,55],"gold":38,"neow_bonus":"TWO_FIFTY_GOLD","is_prod":false,"is_daily":false,"chose_seed":false,"campfire_upgraded":6,"win_rate":0,"timestamp":1571197679,"path_taken":["M","$","?","M","?","E","R","M","T","M","E","?","$","?","R","BOSS","M","M","M","M","$","R","E","R","T","?","?","E","M","M","R","BOSS","M","M","?","$","?","E","M","R","T","M","M","M","E","?","R","BOSS","R","$","E","BOSS"],"build_version":"2019-07-17","purchased_purges":3,"victory":true,"max_hp_per_floor":[75,75,75,75,75,75,75,75,75,75,75,75,75,75,75,75,75,75,75,75,75,75,75,75,75,75,75,75,75,75,75,75,75,75,75,75,71,68,82,82,82,82,82,82,82,82,82,82,82,82,82,82,82,82,82],"card_choices":[{"not_picked":["Recycle","Redo"],"picked":"Defragment","floor":1.0},{"not_picked":["Conserve Battery","Steam"],"picked":"Cold Snap","floor":4.0},{"not_picked":["BootSequence","Lockon"],"picked":"Ball Lightning","floor":6.0},{"not_picked":["Rebound","Turbo"],"picked":"BootSequence","floor":8.0},{"not_picked":["Hologram","Compile Driver"],"picked":"Auto Shields","floor":10.0},{"not_picked":["Chaos","Turbo"],"picked":"Glacier","floor":11.0},{"not_picked":["Streamline","Multi-Cast","Recycle"],"picked":"SKIP","floor":14.0},{"not_picked":["Rainbow","Meteor Strike"],"picked":"Thunder Strike","floor":16.0},{"not_picked":["Leap","Rebound"],"picked":"Coolheaded","floor":18.0},{"not_picked":["Redo","Barrage"],"picked":"Glacier+1","floor":19.0},{"not_picked":["Compile Driver","Gash"],"picked":"Go for the Eyes+1","floor":20.0},{"not_picked":["Rebound","Streamline","Stack+1"],"picked":"SKIP","floor":21.0},{"not_picked":["Streamline","Chill+1"],"picked":"Compile Driver","floor":24.0},{"not_picked":["Reboot","Reprogram"],"picked":"Go for the Eyes+1","floor":28},{"not_picked":["Auto Shields","Beam Cell+1"],"picked":"Static Discharge+1","floor":29},{"not_picked":["Recycle","Coolheaded"],"picked":"Capacitor+1","floor":30},{"not_picked":["Cold Snap","Turbo"],"picked":"Genetic Algorithm","floor":31},{"not_picked":["Fission","Multi-Cast"],"picked":"Core Surge","floor":33},{"not_picked":["Stack+1","BootSequence+1"],"picked":"Consume+1","floor":35},{"not_picked":["Darkness+1","Doom and Gloom"],"picked":"Loop+1","floor":36},{"not_picked":["Compile Driver","Beam Cell+1"],"picked":"Blizzard+1","floor":39},{"not_picked":["Leap+1","Coolheaded+1"],"picked":"Conserve Battery+1","floor":40},{"not_picked":["Heatsinks+1","Ball Lightning"],"picked":"Defragment+1","floor":41},{"not_picked":["Coolheaded+1","Streamline"],"picked":"Capacitor+1","floor":44},{"not_picked":["Barrage","FTL+1"],"picked":"Hologram+1","floor":45},{"not_picked":["Scrape","Redo+1","Hologram"],"picked":"SKIP","floor":46},{"not_picked":["Reinforced Body+1","All For One"],"picked":"Hologram+1","floor":47},{"not_picked":["Compile Driver","Coolheaded"],"picked":"Rebound+1","floor":54}],"player_experience":342405,"relics_obtained":[{"floor":6.0,"key":"Bag of Preparation"},{"floor":9.0,"key":"Potion Belt"},{"floor":11.0,"key":"Boot"},{"floor":24.0,"key":"Meat on the Bone"},{"floor":26.0,"key":"Kunai"},{"floor":28,"key":"Emotion Chip"},{"floor":28,"key":"Bottled Tornado"},{"floor":29,"key":"Frozen Egg 2"},{"floor":39,"key":"Mango"},{"floor":40,"key":"Sundial"},{"floor":47,"key":"Thread and Needle"},{"floor":48,"key":"Bird Faced Urn"},{"floor":54,"key":"DataDisk"}],"event_choices":[{"damage_healed":0.0,"max_hp_gain":0.0,"max_hp_loss":0.0,"gold_gain":0.0,"event_name":"Accursed Blacksmith","player_choice":"Rummage","floor":3.0,"gold_loss":0.0,"damage_taken":0.0,"relics_obtained":["WarpedTongs"],"cards_obtained":["Pain"]},{"damage_healed":0.0,"max_hp_gain":0.0,"max_hp_loss":0.0,"gold_gain":0.0,"event_name":"Scrap Ooze","player_choice":"Success","floor":12.0,"gold_loss":0.0,"damage_taken":7.0,"relics_obtained":["The Courier"]},{"damage_healed":0.0,"max_hp_gain":0.0,"max_hp_loss":0.0,"gold_gain":0.0,"event_name":"The Mausoleum","player_choice":"Opened","floor":27.0,"gold_loss":0.0,"damage_taken":0.0,"relics_obtained":["Dodecahedron"]},{"damage_healed":0.0,"max_hp_gain":0.0,"max_hp_loss":0.0,"gold_gain":0.0,"event_name":"Colosseum","player_choice":"Fight","floor":28.0,"gold_loss":0.0,"damage_taken":0.0},{"damage_healed":0.0,"max_hp_gain":0.0,"max_hp_loss":0.0,"gold_gain":0.0,"event_name":"Colosseum","player_choice":"Fought Nobs","floor":28.0,"gold_loss":0.0,"damage_taken":0.0},{"damage_healed":0,"gold_gain":0,"player_choice":"Max HP","damage_taken":0,"max_hp_gain":0,"max_hp_loss":4,"event_name":"Winding Halls","floor":37,"gold_loss":0},{"damage_healed":0,"gold_gain":0,"player_choice":"Fight","damage_taken":0,"max_hp_gain":0,"max_hp_loss":0,"event_name":"Mysterious Sphere","floor":39,"gold_loss":0},{"damage_healed":0,"gold_gain":0,"player_choice":"Fight","damage_taken":0,"max_hp_gain":0,"max_hp_loss":0,"event_name":"MindBloom","floor":48,"gold_loss":0}],"is_beta":false,"boss_relics":[{"not_picked":["Orrery","Velvet Choker"],"picked":"Coffee Dripper"},{"not_picked":["Nuclear Battery","Runic Pyramid"],"picked":"Empty Cage"}],"items_purged_floors":[13,38,53],"is_endless":false,"potions_floor_spawned":[6,8,10,14,16,18,21,24,28,30,33,36,41,46,47,54],"ascension_level":7}