{"gold_per_floor":[119,44,54,129,129,165,165,185,185,200,224,248,284,300,300,394,394,415,415,434,232,157,157,157,170,170,218,218,231,244,73,73,172,172,185,142,155,170,503,503,517,517,517,531,531,542,542],"floor_reached":47,"playtime":3386,"items_purged":["Strike_B"],"score":887,"play_id":"1d2bad61-a521-4633-8b2d-92670f465e75","local_time":"20191027005252","is_ascension_mode":true,"campfire_choices":[{"floor":7.0,"key":"REST"},{"floor":15.0,"key":"REST"},{"data":"Fission","floor":23.0,"key":"SMITH"},{"data":"Defragment","floor":28.0,"key":"SMITH"},{"data":"Defragment","floor":32.0,"key":"SMITH"},{"data":"Creative AI","floor":40.0,"key":"SMITH"},{"data":"Defragment","floor":42.0,"key":"SMITH"},{"data":"Heatsinks","floor":45.0,"key":"SMITH"}],"neow_cost":"NONE","seed_source_timestamp":1182259161927900,"circlet_count":0,"master_deck":["AscendersBane","Defend_B","Defend_B","Defend_B+1","Defend_B","Dualcast","Rip and Tear","BootSequence","Heatsinks+1","Storm","Capacitor","Cold Snap","Loop","Defragment+1","Fission+1","Tempest+1","Reboot+1","Ball Lightning+1","Leap","Defragment+1","Chill+1","Glacier","Capacitor","Creative AI+1","Defragment+1","Parasite"],"special_seed":0,"relics":["Cracked Core","NeowsBlessing","Bird Faced Urn","Blue Candle","Gremlin Horn","Astrolabe","Meat on the Bone","Emotion Chip","Dream Catcher","War Paint","Inserter","Darkstone Periapt"],"potions_floor_usage":[],"damage_taken":[{"damage":0.0,"enemies":"Cultist","floor":1.0,"turns":1.0},{"damage":0.0,"enemies":"Jaw Worm","floor":3.0,"turns":1.0},{"damage":0.0,"enemies":"Gremlin Nob","floor":6.0,"turns":1.0},{"damage":0.0,"enemies":"Small Slimes","floor":8.0,"turns":2.0},{"damage":3.0,"enemies":"Blue Slaver","floor":10.0,"turns":3.0},{"damage":11.0,"enemies":"Looter","floor":11.0,"turns":3.0},{"damage":0.0,"enemies":"Lots of Slimes","floor":12.0,"turns":2.0},{"damage":26.0,"enemies":"3 Sentries","floor":13.0,"turns":6.0},{"damage":13.0,"enemies":"3 Louse","floor":14.0,"turns":4.0},{"damage":41.0,"enemies":"The Guardian","floor":16.0,"turns":11.0},{"damage":21.0,"enemies":"3 Byrds","floor":18.0,"turns":4.0},{"damage":33.0,"enemies":"Shell Parasite","floor":20.0,"turns":5.0},{"damage":2.0,"enemies":"Snake Plant","floor":25.0,"turns":3.0},{"damage":2.0,"enemies":"Centurion and Healer","floor":29.0,"turns":6.0},{"damage":29.0,"enemies":"3 Cultists","floor":30.0,"turns":6.0},{"damage":8.0,"enemies":"Champ","floor":33.0,"turns":18.0},{"damage":6.0,"enemies":"3 Darklings","floor":35.0,"turns":5.0},{"damage":4.0,"enemies":"3 Shapes","floor":37.0,"turns":3.0},{"damage":26.0,"enemies":"Transient","floor":38.0,"turns":6.0},{"damage":17.0,"enemies":"Writhing Mass","floor":41.0,"turns":4.0},{"damage":24.0,"enemies":"3 Darklings","floor":44.0,"turns":4.0},{"damage":50.0,"enemies":"Jaw Worm Horde","floor":46.0,"turns":5.0},{"damage":34,"enemies":"Sphere and 2 Shapes","floor":47,"turns":3}],"seed_played":"-4243443624558781839","potions_obtained":[{"floor":3.0,"key":"Strength Potion"},{"floor":11.0,"key":"Explosive Potion"},{"floor":12.0,"key":"SkillPotion"},{"floor":20.0,"key":"FocusPotion"},{"floor":25.0,"key":"Weak Potion"},{"floor":33.0,"key":"Swift Potion"},{"floor":46.0,"key":"SkillPotion"}],"is_trial":false,"path_per_floor":["M","$","M","?","?","E","R","M","T","M","M","M","E","M","R","B",null,"M","?","M","$","?","R","T","M","T","T","R","M","M","$","R","B",null,"M","$","M","M","?","R","M","R","T","M","R","M","M"],"character_chosen":"DEFECT","items_purchased":["Defragment","Chill","Glacier","War Paint","Defragment"],"campfire_rested":2,"item_purchase_floors":[21,21,21,31,36],"current_hp_per_floor":[64,64,64,53,29,29,50,50,50,49,44,44,26,19,40,9,56,45,45,20,20,20,20,20,38,38,38,38,50,47,47,47,53,67,70,70,67,57,57,57,54,54,54,44,44,26,0],"gold":542,"neow_bonus":"THREE_ENEMY_KILL","is_prod":false,"is_daily":false,"chose_seed":false,"campfire_upgraded":6,"win_rate":0,"timestamp":1572130372,"path_taken":["M","$","?","?","?","E","R","M","T","M","M","M","E","M","R","BOSS","M","?","M","$","?","R","?","M","T","?","R","M","M","$","R","BOSS","M","$","M","?","?","R","M","R","T","M","R","M","M"],"build_version":"2019-07-17","purchased_purges":1,"victory":false,"max_hp_per_floor":[71,71,71,71,71,71,71,71,71,71,71,71,71,71,71,71,71,71,71,71,71,71,71,71,71,71,71,71,71,71,71,71,71,71,71,71,71,71,71,71,71,71,71,71,71,71,71],"card_choices":[{"not_picked":["Hologram","Tempest"],"picked":"Rip and Tear","floor":1.0},{"not_picked":["Lockon","Ball Lightning"],"picked":"BootSequence","floor":3.0},{"not_picked":["Coolheaded","Conserve Battery"],"picked":"Heatsinks","floor":6.0},{"not_picked":["Redo","Steam"],"picked":"Storm","floor":8.0},{"not_picked":["Compile Driver","Gash"],"picked":"Capacitor","floor":10.0},{"not_picked":["Coolheaded","Amplify"],"picked":"Cold Snap","floor":11.0},{"not_picked":["Turbo","Hologram","Tempest"],"picked":"SKIP","floor":12.0},{"not_picked":["Barrage","Coolheaded"],"picked":"Loop","floor":13.0},{"not_picked":["Coolheaded","Beam Cell"],"picked":"Defragment","floor":14.0},{"not_picked":["Multi-Cast","Machine Learning"],"picked":"Fission","floor":16.0},{"not_picked":["Scrape","Hologram","Turbo"],"picked":"SKIP","floor":18.0},{"not_picked":["Auto Shields","Rebound+1"],"picked":"Leap","floor":20.0},{"not_picked":["Undo+1","Gash"],"picked":"Capacitor","floor":25.0},{"not_picked":["Rebound","Streamline","Gash"],"picked":"SKIP","floor":29.0},{"not_picked":["Amplify","Steam","Sweeping Beam"],"picked":"SKIP","floor":30.0},{"not_picked":["Amplify","Buffer"],"picked":"Creative AI","floor":33.0},{"not_picked":["Blizzard","Fusion","Redo"],"picked":"SKIP","floor":35.0},{"not_picked":["Streamline+1","Hologram","Redo"],"picked":"SKIP","floor":37.0},{"not_picked":["Rebound+1","Turbo+1","Hello World"],"picked":"SKIP","floor":38.0},{"not_picked":["Beam Cell","Go for the Eyes","Ball Lightning"],"picked":"SKIP","floor":41.0},{"not_picked":["Cold Snap","Stack","Streamline"],"picked":"SKIP","floor":44.0},{"not_picked":["Beam Cell","Compile Driver","Coolheaded"],"picked":"SKIP","floor":46.0}],"player_experience":361566,"relics_obtained":[{"floor":6.0,"key":"Bird Faced Urn"},{"floor":9.0,"key":"Blue Candle"},{"floor":13.0,"key":"Gremlin Horn"},{"floor":24.0,"key":"Meat on the Bone"},{"floor":26.0,"key":"Emotion Chip"},{"floor":27.0,"key":"Dream Catcher"},{"floor":43.0,"key":"Darkstone Periapt"}],"event_choices":[{"damage_healed":0.0,"max_hp_gain":0.0,"max_hp_loss":0.0,"gold_gain":75.0,"event_name":"World of Goop","player_choice":"Gather Gold","floor":4.0,"gold_loss":0.0,"damage_taken":11.0},{"damage_healed":0.0,"max_hp_gain":0.0,"max_hp_loss":0.0,"gold_gain":0.0,"event_name":"Golden Idol","player_choice":"Take Damage","floor":5.0,"gold_loss":0.0,"damage_taken":24.0,"relics_obtained":["Golden Idol"]},{"damage_healed":0.0,"max_hp_gain":0.0,"max_hp_loss":0.0,"gold_gain":0.0,"event_name":"Ghosts","player_choice":"Ignored","floor":19.0,"gold_loss":0.0,"damage_taken":0.0},{"cards_removed":["Zap"],"damage_healed":0.0,"max_hp_gain":0.0,"max_hp_loss":0.0,"gold_gain":0.0,"event_name":"Beggar","player_choice":"Gave Gold","floor":22.0,"gold_loss":75.0,"damage_taken":0.0},{"damage_healed":0.0,"max_hp_gain":0.0,"max_hp_loss":0.0,"gold_gain":333.0,"event_name":"The Moai Head","player_choice":"Gave Idol","floor":39.0,"relics_lost":["Golden Idol"],"gold_loss":0.0,"damage_taken":0.0}],"is_beta":false,"boss_relics":[{"not_picked":["Velvet Choker","Pandora\u0027s Box"],"picked":"Astrolabe"},{"not_picked":["Nuclear Battery","Tiny House"],"picked":"Inserter"}],"items_purged_floors":[2],"is_endless":false,"potions_floor_spawned":[3,11,12,20,25,30,33,38,46],"killed_by":"Sphere and 2 Shapes","ascension_level":17}