{"gold_per_floor":[111,111,111,11,36,36,54,88,88,113,154,154,179,210,210,341,341,355,374,392,415,47,82,82,115,191,191,216,216,72,172,172,172],"floor_reached":33,"playtime":1391,"items_purged":["Strike_G","Strike_G"],"score":424,"play_id":"d66bb2ec-9445-4347-9642-c577275f297c","local_time":"20190826182316","is_ascension_mode":true,"campfire_choices":[{"data":"Neutralize","floor":6,"key":"SMITH"},{"floor":12,"key":"REST"},{"data":"Envenom","floor":15,"key":"SMITH"},{"data":"Cloak And Dagger","floor":24,"key":"SMITH"},{"floor":27,"key":"REST"},{"data":"Concentrate","floor":29,"key":"SMITH"},{"floor":32,"key":"REST"}],"neow_cost":"NONE","seed_source_timestamp":983546528391500,"circlet_count":0,"master_deck":["Strike_G","Strike_G","Strike_G","Defend_G","Defend_G","Defend_G","Defend_G","Survivor","Neutralize+1","Choke","Predator+1","Poisoned Stab","Infinite Blades","Concentrate+1","Envenom+1","Dagger Spray","Bane","Dagger Spray","Adrenaline","Cloak And Dagger+1","Expertise","Finisher+1"],"relics":["Ring of the Snake","Golden Idol","Darkstone Periapt","Bottled Flame","Regal Pillow","Calipers","Philosopher\u0027s Stone","TwistedFunnel","Happy Flower","Bag of Preparation","Bottled Tornado","Lantern"],"potions_floor_usage":[11,11,13,16,19,19,23,23,33],"damage_taken":[{"damage":2,"enemies":"Jaw Worm","floor":1,"turns":5},{"damage":0,"enemies":"2 Louse","floor":5,"turns":2},{"damage":0,"enemies":"Cultist","floor":7,"turns":2},{"damage":2,"enemies":"Gremlin Nob","floor":8,"turns":4},{"damage":9,"enemies":"Red Slaver","floor":10,"turns":2},{"damage":38,"enemies":"3 Sentries","floor":11,"turns":7},{"damage":2,"enemies":"Exordium Thugs","floor":13,"turns":3},{"damage":20,"enemies":"Gremlin Nob","floor":14,"turns":4},{"damage":8,"enemies":"Slime Boss","floor":16,"turns":8},{"damage":4,"enemies":"3 Byrds","floor":18,"turns":4},{"damage":0,"enemies":"2 Thieves","floor":19,"turns":2},{"damage":0,"enemies":"Centurion and Healer","floor":20,"turns":5},{"damage":5,"enemies":"Gremlin Leader","floor":23,"turns":6},{"damage":25,"enemies":"Slavers","floor":25,"turns":4},{"damage":17,"enemies":"Snake Plant","floor":28,"turns":4},{"damage":74,"enemies":"Champ","floor":33,"turns":9}],"seed_played":"-1297561957508811285","potions_obtained":[{"floor":1,"key":"Strength Potion"},{"floor":8,"key":"SneckoOil"},{"floor":10,"key":"GhostInAJar"},{"floor":11,"key":"Block Potion"},{"floor":13,"key":"SkillPotion"},{"floor":16,"key":"Poison Potion"},{"floor":18,"key":"SteroidPotion"},{"floor":25,"key":"PowerPotion"},{"floor":28,"key":"LiquidBronze"}],"is_trial":false,"path_per_floor":["M","?","?","$","M","R","M","E","T","M","E","R","M","E","R","B",null,"M","M","M","T","$","E","R","E","T","R","M","R","$","?","R","B"],"character_chosen":"THE_SILENT","items_purchased":["Poisoned Stab","GhostInAJar","TwistedFunnel","Lantern"],"campfire_rested":3,"item_purchase_floors":[4,22,22,30],"current_hp_per_floor":[61,61,61,61,61,61,61,59,59,50,12,46,44,24,24,16,53,49,49,49,49,49,44,44,19,19,53,36,36,36,36,65,0],"gold":172,"neow_bonus":"TRANSFORM_CARD","is_prod":false,"is_daily":false,"chose_seed":false,"campfire_upgraded":4,"win_rate":0,"timestamp":1566840196,"path_taken":["M","?","?","$","M","R","M","E","T","?","E","R","M","E","R","BOSS","M","M","M","?","?","E","R","E","T","R","M","R","$","?","R","BOSS"],"build_version":"2019-07-17","purchased_purges":2,"victory":false,"max_hp_per_floor":[70,65,65,65,65,65,65,65,65,65,65,65,65,65,65,65,65,65,65,65,65,65,65,65,65,65,65,65,65,65,65,65,65],"card_choices":[{"not_picked":["Slice","Flying Knee"],"picked":"Predator","floor":1},{"not_picked":["Bane","Bouncing Flask"],"picked":"Infinite Blades","floor":5},{"not_picked":["Reflex","Heel Hook"],"picked":"Concentrate","floor":7},{"not_picked":["Poisoned Stab","Flechettes"],"picked":"Envenom","floor":8},{"not_picked":["Expertise","Deflect"],"picked":"Dagger Spray","floor":10},{"not_picked":["PiercingWail","Night Terror"],"picked":"Bane","floor":11},{"not_picked":["Deadly Poison","Outmaneuver"],"picked":"Dagger Spray","floor":13},{"not_picked":["Infinite Blades","All Out Attack","Blade Dance"],"picked":"SKIP","floor":14},{"not_picked":["Envenom","Malaise"],"picked":"Adrenaline","floor":16},{"not_picked":["Flying Knee","Deflect","Accuracy"],"picked":"SKIP","floor":18},{"not_picked":["Poisoned Stab","Prepared+1","Flying Knee+1"],"picked":"SKIP","floor":19},{"not_picked":["Setup+1","Dodge and Roll","Dagger Spray"],"picked":"SKIP","floor":20},{"not_picked":["Deadly Poison","Prepared"],"picked":"Cloak And Dagger","floor":23},{"not_picked":["Endless Agony","Calculated Gamble"],"picked":"Expertise","floor":25},{"not_picked":["Malaise","Underhanded Strike"],"picked":"Finisher+1","floor":28}],"player_experience":1872219,"relics_obtained":[{"floor":8,"key":"Darkstone Periapt"},{"floor":9,"key":"Bottled Flame"},{"floor":11,"key":"Regal Pillow"},{"floor":14,"key":"Calipers"},{"floor":23,"key":"Happy Flower"},{"floor":25,"key":"Bag of Preparation"},{"floor":26,"key":"Bottled Tornado"}],"event_choices":[{"damage_healed":0,"gold_gain":0,"player_choice":"Lose Max HP","damage_taken":0,"relics_obtained":["Golden Idol"],"max_hp_gain":0,"max_hp_loss":5,"event_name":"Golden Idol","floor":2,"gold_loss":0},{"damage_healed":0,"gold_gain":0,"player_choice":"Forge","damage_taken":0,"max_hp_gain":0,"max_hp_loss":0,"event_name":"Accursed Blacksmith","floor":3,"gold_loss":0,"cards_upgraded":["Predator"]},{"damage_healed":0,"gold_gain":100,"player_choice":"Pray","damage_taken":0,"max_hp_gain":0,"max_hp_loss":0,"event_name":"Golden Shrine","floor":31,"gold_loss":0}],"is_beta":false,"boss_relics":[{"not_picked":["Tiny House","Pandora\u0027s Box"],"picked":"Philosopher\u0027s Stone"}],"items_purged_floors":[4,22],"is_endless":false,"potions_floor_spawned":[1,8,10,11,13,16,18,25,28],"killed_by":"Champ","ascension_level":8}