{"gold_per_floor":[115,115,129,148,162,189,189,47,72,84,84,109,125,139,139,240,240,250,29,47,60,74,106,106,141,141,66,66],"floor_reached":28,"playtime":1363,"items_purged":["Pain","Strike_G"],"score":408,"play_id":"741bf8cd-355b-473c-a92c-16bd84814ea1","local_time":"20191021201041","is_ascension_mode":true,"campfire_choices":[{"floor":7.0,"key":"REST"},{"data":"Die Die Die","floor":11.0,"key":"SMITH"},{"data":"Dash","floor":15.0,"key":"SMITH"},{"floor":24,"key":"REST"}],"neow_cost":"NONE","seed_source_timestamp":0,"circlet_count":0,"master_deck":["AscendersBane","Strike_G+1","Defend_G","Defend_G","Defend_G","Defend_G","Defend_G","Survivor","Neutralize","Poisoned Stab","Dash+1","Footwork","Sucker Punch+1","Cloak And Dagger","Die Die Die+1","Leg Sweep","Backstab","Corpse Explosion","Bane+1","Footwork","Predator+1","Caltrops+1","Escape Plan","Dash+1"],"special_seed":0,"relics":["Ring of the Snake","WarpedTongs","Omamori","Juzu Bracelet","Whetstone","Empty Cage","Blood Vial","Anchor","Shuriken"],"potions_floor_usage":[23,25],"damage_taken":[{"damage":0.0,"enemies":"Jaw Worm","floor":1.0,"turns":5.0},{"damage":5.0,"enemies":"Cultist","floor":3.0,"turns":4.0},{"damage":2.0,"enemies":"2 Louse","floor":4.0,"turns":2.0},{"damage":3.0,"enemies":"Exordium Wildlife","floor":5.0,"turns":3.0},{"damage":25.0,"enemies":"Gremlin Nob","floor":6.0,"turns":5.0},{"damage":1.0,"enemies":"Looter","floor":10.0,"turns":3.0},{"damage":5.0,"enemies":"Lagavulin","floor":12.0,"turns":8.0},{"damage":10.0,"enemies":"Lots of Slimes","floor":13.0,"turns":2.0},{"damage":0.0,"enemies":"Exordium Wildlife","floor":14.0,"turns":3.0},{"damage":16.0,"enemies":"Slime Boss","floor":16.0,"turns":13.0},{"damage":0,"enemies":"Chosen","floor":18,"turns":5},{"damage":14,"enemies":"2 Thieves","floor":20,"turns":4},{"damage":9,"enemies":"Snake Plant","floor":21,"turns":4},{"damage":7,"enemies":"Centurion and Healer","floor":22,"turns":5},{"damage":15,"enemies":"Slavers","floor":23,"turns":4},{"damage":43,"enemies":"Book of Stabbing","floor":25,"turns":6},{"damage":9,"enemies":"Shelled Parasite and Fungi","floor":28,"turns":4}],"seed_played":"2997658106133487948","potions_obtained":[{"floor":3.0,"key":"GhostInAJar"},{"floor":4.0,"key":"SpeedPotion"},{"floor":13.0,"key":"Ancient Potion"},{"floor":23,"key":"Regen Potion"}],"is_trial":false,"path_per_floor":["M","?","M","M","M","E","R","$","T","M","R","E","M","M","R","B",null,"M","$","M","M","M","E","R","E","T","?","M"],"character_chosen":"THE_SILENT","items_purchased":["Die Die Die","Footwork","Poison Potion"],"campfire_rested":2,"item_purchase_floors":[8,19,19],"current_hp_per_floor":[63,63,58,56,53,28,49,49,49,48,48,43,33,33,33,17,57,57,57,43,34,27,12,33,7,7,7,0],"gold":66,"neow_bonus":"THREE_CARDS","is_prod":false,"is_daily":false,"chose_seed":false,"campfire_upgraded":2,"win_rate":0,"timestamp":1571713841,"path_taken":["M","?","?","M","M","E","R","$","T","M","R","E","M","M","R","BOSS","M","$","M","M","M","E","R","E","T","?","M"],"build_version":"2019-07-17","purchased_purges":2,"victory":false,"max_hp_per_floor":[70,70,70,70,70,70,70,70,70,70,70,70,70,70,70,70,70,70,70,70,70,70,70,70,70,70,70,70],"card_choices":[{"not_picked":["Flying Knee","Slice"],"picked":"Poisoned Stab","floor":0.0},{"not_picked":["Acrobatics","Outmaneuver","Eviscerate"],"picked":"SKIP","floor":1.0},{"not_picked":["Heel Hook","PiercingWail"],"picked":"Dash","floor":3.0},{"not_picked":["Slice","Dodge and Roll"],"picked":"Footwork","floor":4.0},{"not_picked":["Slice","Outmaneuver"],"picked":"Sucker Punch","floor":5.0},{"not_picked":["Dagger Throw","Sucker Punch"],"picked":"Cloak And Dagger","floor":6.0},{"not_picked":["Flying Knee","Outmaneuver","Deflect"],"picked":"SKIP","floor":10.0},{"not_picked":["Masterful Stab","Deadly Poison"],"picked":"Leg Sweep","floor":12.0},{"not_picked":["Deflect","Flying Knee","Expertise"],"picked":"SKIP","floor":13.0},{"not_picked":["Phantasmal Killer","Acrobatics"],"picked":"Backstab","floor":14.0},{"not_picked":["Storm of Steel","Die Die Die"],"picked":"Corpse Explosion","floor":16.0},{"not_picked":["Sucker Punch","All Out Attack"],"picked":"Bane+1","floor":18},{"not_picked":["Slice","Choke"],"picked":"Predator+1","floor":20},{"not_picked":["Prepared","Finisher","Flying Knee"],"picked":"SKIP","floor":21},{"not_picked":["Deadly Poison","Underhanded Strike"],"picked":"Caltrops+1","floor":22},{"not_picked":["Slice","Blade Dance"],"picked":"Escape Plan","floor":23},{"not_picked":["Poisoned Stab","Blade Dance"],"picked":"Dash+1","floor":25}],"player_experience":417473,"relics_obtained":[{"floor":6.0,"key":"Omamori"},{"floor":9.0,"key":"Juzu Bracelet"},{"floor":12.0,"key":"Whetstone"},{"floor":23,"key":"Blood Vial"},{"floor":25,"key":"Anchor"},{"floor":26,"key":"Shuriken"}],"event_choices":[{"damage_healed":0.0,"max_hp_gain":0.0,"max_hp_loss":0.0,"gold_gain":0.0,"event_name":"Accursed Blacksmith","player_choice":"Rummage","floor":2.0,"gold_loss":0.0,"damage_taken":0.0,"relics_obtained":["WarpedTongs"],"cards_obtained":["Pain"]},{"cards_removed":["Strike_G"],"damage_healed":0,"gold_gain":0,"player_choice":"Gave Gold","damage_taken":0,"max_hp_gain":0,"max_hp_loss":0,"event_name":"Beggar","floor":27,"gold_loss":75}],"is_beta":false,"boss_relics":[{"not_picked":["Lizard Tail","Runic Pyramid"],"picked":"Empty Cage"}],"items_purged_floors":[8,19],"is_endless":false,"potions_floor_spawned":[3,4,13,14,20,21,23],"killed_by":"Shelled Parasite and Fungi","ascension_level":10}