{"gold_per_floor":[12,24,24,41,61,61,75,75,75,108,108,125,125,153,153,153],"floor_reached":16,"playtime":486,"items_purged":[],"score":117,"play_id":"b9f04963-4c29-448c-9fca-fba483d84523","local_time":"20190419132634","is_ascension_mode":true,"campfire_choices":[{"data":"True Grit","floor":6,"key":"SMITH"},{"floor":11,"key":"REST"},{"data":"Armaments","floor":13,"key":"SMITH"},{"floor":15,"key":"REST"}],"neow_cost":"NO_GOLD","seed_source_timestamp":2315568720651100,"circlet_count":0,"master_deck":["Strike_R","Strike_R","Strike_R","Strike_R","Defend_R","Defend_R","Defend_R","Bash","Rampage","Armaments","True Grit+1","Twin Strike","Corruption","Armaments+1","Dropkick"],"relics":["Burning Blood","Charon\u0027s Ashes","Mummified Hand","Shuriken","Odd Mushroom"],"potions_floor_usage":[16,16,16],"damage_taken":[{"damage":1,"enemies":"Cultist","floor":1,"turns":4},{"damage":7,"enemies":"Small Slimes","floor":2,"turns":3},{"damage":9,"enemies":"Jaw Worm","floor":4,"turns":3},{"damage":11,"enemies":"Blue Slaver","floor":5,"turns":4},{"damage":11,"enemies":"Lots of Slimes","floor":7,"turns":6},{"damage":41,"enemies":"Gremlin Nob","floor":10,"turns":5},{"damage":4,"enemies":"Large Slime","floor":12,"turns":6},{"damage":31,"enemies":"The Mushroom Lair","floor":14,"turns":4},{"damage":49,"enemies":"The Guardian","floor":16,"turns":16}],"seed_played":"-5435966172676755752","potions_obtained":[{"floor":1,"key":"SpeedPotion"},{"floor":10,"key":"SpeedPotion"},{"floor":14,"key":"Weak Potion"}],"is_trial":false,"path_per_floor":["M","M","?","M","M","R","M","?","T","E","R","M","R","?","R","B"],"character_chosen":"IRONCLAD","items_purchased":[],"campfire_rested":2,"item_purchase_floors":[],"current_hp_per_floor":[80,79,79,76,71,71,66,59,59,24,48,50,50,25,49,0],"gold":153,"neow_bonus":"ONE_RARE_RELIC","is_prod":false,"is_daily":false,"chose_seed":false,"campfire_upgraded":2,"win_rate":0,"timestamp":1555669594,"path_taken":["M","M","?","?","M","R","M","?","T","E","R","M","R","?","R","BOSS"],"build_version":"2019-01-23","purchased_purges":0,"victory":false,"max_hp_per_floor":[80,80,80,80,80,80,80,80,80,80,80,80,80,80,80,80],"card_choices":[{"not_picked":["Cleave","Heavy Blade"],"picked":"Rampage","floor":1},{"not_picked":["Clothesline","Blood for Blood","Combust"],"picked":"SKIP","floor":2},{"not_picked":["Cleave","Hemokinesis"],"picked":"Armaments","floor":4},{"not_picked":["Wild Strike","Heavy Blade"],"picked":"True Grit","floor":5},{"not_picked":["Pommel Strike","Clash"],"picked":"Twin Strike","floor":7},{"not_picked":["Carnage","Burning Pact"],"picked":"Corruption","floor":10},{"not_picked":["Second Wind","Heavy Blade"],"picked":"Armaments","floor":12},{"not_picked":["Shrug It Off","Pummel"],"picked":"Dropkick","floor":14}],"player_experience":323080,"relics_obtained":[{"floor":9,"key":"Mummified Hand"},{"floor":10,"key":"Shuriken"},{"floor":14,"key":"Odd Mushroom"}],"event_choices":[{"cards_removed":["Strike_R"],"damage_healed":0,"gold_gain":0,"player_choice":"Offered Basic","damage_taken":0,"max_hp_gain":0,"max_hp_loss":0,"event_name":"Bonfire Elementals","floor":3,"gold_loss":0},{"cards_removed":["Defend_R"],"damage_healed":0,"gold_gain":0,"player_choice":"Card Removal","damage_taken":7,"max_hp_gain":0,"max_hp_loss":0,"event_name":"Golden Wing","floor":8,"gold_loss":0},{"damage_healed":0,"gold_gain":0,"player_choice":"Fought Mushrooms","damage_taken":0,"max_hp_gain":0,"max_hp_loss":0,"event_name":"Mushrooms","floor":14,"gold_loss":0}],"is_beta":false,"boss_relics":[],"items_purged_floors":[],"is_endless":false,"potions_floor_spawned":[1,10,14],"killed_by":"The Guardian","ascension_level":3}