{"gold_per_floor":[109,128,148,223,242,242,258,289,336,336,60,77,107,132,132,234,234,245,72,89,29,29,63,63,63,63,80,32,52,83,103,103,205,205,216,216,216,20,20,20,30,58,58,74,89,116,134,134,134,134],"floor_reached":50,"playtime":2383,"items_purged":["Strike_R","Strike_R"],"score":577,"play_id":"590577a9-1717-4709-ae77-19d9456df291","local_time":"20190517155359","is_ascension_mode":false,"campfire_choices":[{"data":"Hemokinesis","floor":6,"key":"SMITH"},{"data":"Demonic Infusion","floor":10,"key":"SMITH"},{"floor":24,"key":"REST"},{"floor":32,"key":"REST"},{"data":"Replay:Many Hands","floor":40,"key":"SMITH"},{"data":"Double Tap","floor":49,"key":"SMITH"}],"neow_cost":"NONE","seed_source_timestamp":185890102280594,"circlet_count":0,"master_deck":["Defend_R+1","Defend_R+1","Defend_R+1","Defend_R+1","Bash","Brutality+1","Hemokinesis+1","Inflame+1","Demonic Infusion+1","Clothesline","Replay:Many Hands+1","Double Tap+1","Dual Wield+1","Dropkick","Uppercut","Flame Barrier+1","Seeing Red","Disarm","Impervious","Combust+1","Battle Trance+1","Berserk+1","Sword Boomerang","Flash of Steel","Replay:Undeath\u0027s Touch+1","Feel No Pain+1","Flex+1"],"relics":["Burning Blood","Charon\u0027s Ashes","Happy Flower","Guide Book","ReplayTheSpireMod:Bottled Eggs","Odd Mushroom","Cursed Key","ReplayTheSpireMod:Lightbulb","King of Hearts","Astrolabe","Chemical X","ReplayFunnel","Dream Catcher"],"potions_floor_usage":[8,13,16,16,30,30,33,33,41,42,42,50,50],"damage_taken":[{"damage":6,"enemies":"Cultist","floor":1,"turns":3},{"damage":4,"enemies":"2 Louse","floor":2,"turns":3},{"damage":4,"enemies":"Small Slimes","floor":3,"turns":2},{"damage":14,"enemies":"Exordium Wildlife","floor":5,"turns":4},{"damage":11,"enemies":"2 Fungi Beasts","floor":7,"turns":3},{"damage":16,"enemies":"Gremlin Nob","floor":8,"turns":3},{"damage":11,"enemies":"Blue Slaver","floor":12,"turns":3},{"damage":16,"enemies":"3 Sentries","floor":13,"turns":4},{"damage":12,"enemies":"The Mushroom Lair","floor":14,"turns":4},{"damage":9,"enemies":"Slime Boss","floor":16,"turns":5},{"damage":14,"enemies":"Chosen","floor":18,"turns":3},{"damage":11,"enemies":"Shell Parasite","floor":20,"turns":4},{"damage":50,"enemies":"Book of Stabbing","floor":23,"turns":5},{"damage":5,"enemies":"Centurion and Healer","floor":27,"turns":4},{"damage":8,"enemies":"Cultist and Chosen","floor":29,"turns":3},{"damage":26,"enemies":"Slavers","floor":30,"turns":3},{"damage":2,"enemies":"Snecko","floor":31,"turns":3},{"damage":23,"enemies":"Automaton","floor":33,"turns":8},{"damage":3,"enemies":"Orb Walker","floor":35,"turns":2},{"damage":16,"enemies":"3 Shapes","floor":41,"turns":2},{"damage":6,"enemies":"Reptomancer","floor":42,"turns":4},{"damage":9,"enemies":"Writhing Mass","floor":44,"turns":6},{"damage":6,"enemies":"Maw","floor":45,"turns":5},{"damage":4,"enemies":"R_Hoarder","floor":46,"turns":3},{"damage":6,"enemies":"Jaw Worm Horde","floor":47,"turns":3},{"damage":66,"enemies":"Donu and Deca","floor":50,"turns":5}],"seed_played":"-7436372199117336937","potions_obtained":[{"floor":2,"key":"Energy Potion"},{"floor":7,"key":"Dexterity Potion"},{"floor":8,"key":"Adrenaline Potion"},{"floor":14,"key":"AttackPotion"},{"floor":16,"key":"Explosive Potion"},{"floor":20,"key":"Strength Potion"},{"floor":23,"key":"EssenceOfSteel"},{"floor":30,"key":"EssenceOfSteel"},{"floor":36,"key":"SteroidPotion"},{"floor":36,"key":"PowerPotion"},{"floor":36,"key":"Weak Potion"},{"floor":41,"key":"Adrenaline Potion"},{"floor":42,"key":"SkillPotion"},{"floor":46,"key":"Weak Potion"}],"is_trial":false,"path_per_floor":["M","M","M","?","M","R","M","E","T","R","$","M","E","?","R","B",null,"M","$","M","?","?","E","R","T","T","M","$","M","E","M","R","B",null,"M","?","$","$","?","R","M","E","T","M","M","E","M","T","R","B"],"character_chosen":"IRONCLAD","items_purchased":["Guide Book","Fire Potion","Dropkick","Adrenaline Potion","Chemical X"],"campfire_rested":2,"item_purchase_floors":[11,11,19,28,38],"current_hp_per_floor":[80,80,80,72,64,64,59,49,49,49,49,44,34,28,28,25,80,72,72,67,67,67,23,47,47,47,48,48,46,26,30,54,37,80,80,80,80,80,70,70,60,60,60,57,57,59,59,59,59,0],"gold":134,"neow_bonus":"ONE_RANDOM_RARE_CARD","is_prod":false,"is_daily":false,"chose_seed":false,"campfire_upgraded":4,"win_rate":0,"timestamp":1558104839,"path_taken":["M","M","M","?","M","R","M","E","T","R","$","?","E","?","R","BOSS","M","$","M","?","?","E","R","?","T","?","?","M","E","M","R","BOSS","M","?","?","$","?","R","M","E","T","M","M","E","M","?","R","BOSS"],"build_version":"2019-01-23","purchased_purges":2,"victory":false,"max_hp_per_floor":[80,80,80,80,80,80,80,80,80,80,80,80,80,80,80,80,80,80,80,80,80,80,80,80,80,80,80,80,80,80,80,80,80,80,80,80,80,80,80,80,80,80,80,80,80,80,80,80,80,80],"card_choices":[{"not_picked":["Warcry","Entrench"],"picked":"Pommel Strike","floor":1},{"not_picked":["Defy Death","Body Slam"],"picked":"Hemokinesis","floor":2},{"not_picked":["Havoc","Headbutt","Heavy Blade"],"picked":"SKIP","floor":3},{"not_picked":["ReplayTheSpireMod:Strike From Hell","Perfected Strike"],"picked":"Inflame","floor":5},{"not_picked":["Warcry","Abandon","Flex"],"picked":"SKIP","floor":7},{"not_picked":["Warcry","Abandon","Flex"],"picked":"SKIP","floor":7},{"not_picked":["Hemokinesis","Cleave"],"picked":"Demonic Infusion","floor":8},{"not_picked":["Anger","Inflame","Intimidate"],"picked":"SKIP","floor":12},{"not_picked":["Twin Strike","True Grit"],"picked":"Clothesline","floor":13},{"not_picked":["Anger","Run Through"],"picked":"Replay:Many Hands","floor":14},{"not_picked":["Brutality","Demonic Infusion"],"picked":"Double Tap","floor":16},{"not_picked":["Evolve+1","ReplayTheSpireMod:Stacked"],"picked":"Dual Wield+1","floor":18},{"not_picked":["True Grit","Sever Soul"],"picked":"Uppercut","floor":20},{"not_picked":["Pommel Strike","Whirlwind"],"picked":"Flame Barrier+1","floor":23},{"not_picked":["Anger+1","Armaments+1"],"picked":"Seeing Red","floor":27},{"not_picked":["Body Slam","Clothesline"],"picked":"Disarm","floor":29},{"not_picked":["Heavy Blade","Searing Blow","Cleave"],"picked":"SKIP","floor":30},{"not_picked":["Havoc","Body Slam","Hemokinesis"],"picked":"SKIP","floor":31},{"not_picked":["Havoc","Body Slam","Hemokinesis"],"picked":"SKIP","floor":31},{"not_picked":["Double Tap","Berserk"],"picked":"Impervious","floor":33},{"not_picked":["Heavy Blade","Hemokinesis+1"],"picked":"Sword Boomerang","floor":35},{"not_picked":["Midas Touch","Jack Of All Trades"],"picked":"Flash of Steel","floor":39},{"not_picked":["Ghostly Armor+1","Run Through+1"],"picked":"Replay:Undeath\u0027s Touch+1","floor":41},{"not_picked":["Twin Strike+1","Flex"],"picked":"Feel No Pain+1","floor":42},{"not_picked":["Twin Strike+1","Replay:Undeath\u0027s Touch+1"],"picked":"Flex+1","floor":44},{"not_picked":["Cleave+1","Power Through","Ghostly Armor"],"picked":"SKIP","floor":45},{"not_picked":["Defy Death+1","Demon Form","Rampage"],"picked":"SKIP","floor":46},{"not_picked":["Sever Soul+1","Abandon","Cleave+1"],"picked":"SKIP","floor":47}],"player_experience":1447714,"relics_obtained":[{"floor":8,"key":"Charon\u0027s Ashes"},{"floor":9,"key":"Happy Flower"},{"floor":13,"key":"ReplayTheSpireMod:Bottled Eggs"},{"floor":14,"key":"Odd Mushroom"},{"floor":23,"key":"ReplayTheSpireMod:Lightbulb"},{"floor":30,"key":"King of Hearts"},{"floor":42,"key":"ReplayFunnel"},{"floor":46,"key":"Dream Catcher"}],"event_choices":[{"damage_healed":0,"gold_gain":75,"player_choice":"Touch","damage_taken":8,"max_hp_gain":0,"max_hp_loss":0,"event_name":"FaceTrader","floor":4,"gold_loss":0},{"damage_healed":0,"gold_gain":0,"player_choice":"Fought Mushrooms","damage_taken":0,"max_hp_gain":0,"max_hp_loss":0,"event_name":"Mushrooms","floor":14,"gold_loss":0},{"cards_removed":["Strike_R"],"damage_healed":0,"gold_gain":0,"player_choice":"Forget","damage_taken":0,"max_hp_gain":0,"max_hp_loss":0,"event_name":"Living Wall","floor":15,"gold_loss":0},{"damage_healed":0,"gold_gain":0,"player_choice":"Ignored","damage_taken":0,"max_hp_gain":0,"max_hp_loss":0,"event_name":"Ghosts","floor":22,"gold_loss":0},{"damage_healed":0,"gold_gain":0,"player_choice":"Got Potions","damage_taken":0,"max_hp_gain":0,"max_hp_loss":0,"event_name":"Lab","floor":36,"gold_loss":0},{"damage_healed":0,"gold_gain":0,"player_choice":"Memory 3","damage_taken":10,"max_hp_gain":0,"max_hp_loss":0,"event_name":"SensoryStone","floor":39,"gold_loss":0}],"is_beta":false,"boss_relics":[{"not_picked":["Ectoplasm","ChewingGum"],"picked":"Cursed Key"},{"not_picked":["Eternal Feather","Pandora\u0027s Box"],"picked":"Astrolabe"}],"items_purged_floors":[11,19],"is_endless":false,"potions_floor_spawned":[2,7,8,14,16,20,23,27,30,41,42,46],"killed_by":"Donu and Deca","ascension_level":0}