{"gold_per_floor":[117,42,61,73,92,120,175,175,175,209,224,224,240,270,270,369,369,379,379,379,394,411,411,438,454,454,454,473,488,408,435,435,532,532,548,548,148,159,39,39,50,70,70,81,93,108,108,128,128,128],"floor_reached":51,"playtime":3421,"items_purged":["Injury","Strike_R","Strike_R","Strike_R"],"score":1073,"play_id":"0b0c4d5e-db1a-48f8-9235-8ee0506f0ac6","local_time":"20191024144923","is_ascension_mode":true,"campfire_choices":[{"data":"Inflame","floor":8.0,"key":"SMITH"},{"data":"Inflame","floor":12.0,"key":"SMITH"},{"floor":15.0,"key":"DIG"},{"data":"Feed","floor":23.0,"key":"SMITH"},{"data":"Double Tap","floor":27.0,"key":"SMITH"},{"floor":32.0,"key":"DIG"},{"floor":40.0,"key":"DIG"},{"floor":49.0,"key":"DIG"}],"neow_cost":"CURSE","seed_source_timestamp":973376289083000,"circlet_count":0,"master_deck":["AscendersBane","Strike_R","Defend_R+1","Defend_R","Defend_R+1","Defend_R","Bash","Pommel Strike","Wild Strike","Clothesline+1","Inflame+1","Inflame+1","Double Tap+1","Bludgeon+1","Ghostly Armor","Feed+1","Sword Boomerang","Ghostly","Ghostly","Ghostly","Ghostly","Ghostly","Flame Barrier+1","Sword Boomerang","Shrug It Off","Demon Form+1","Corruption+1","Metallicize+1","Whirlwind+1","Shrug It Off","Blood for Blood+1","Exhume","Shockwave","Shrug It Off+1","Metallicize+1","Ghostly Armor+1","Bloodletting+1"],"special_seed":0,"relics":["Burning Blood","Pocketwatch","Shovel","FossilizedHelix","Incense Burner","The Courier","Sundial","Frozen Egg 2","Velvet Choker","Nunchaku","Self Forming Clay","Whetstone","Bottled Tornado","Prayer Wheel","Cursed Key","Potion Belt","War Paint","Red Skull","Happy Flower"],"potions_floor_usage":[50,50,50,50,50],"damage_taken":[{"damage":0.0,"enemies":"Small Slimes","floor":1.0,"turns":3.0},{"damage":4.0,"enemies":"Jaw Worm","floor":3.0,"turns":4.0},{"damage":1.0,"enemies":"Cultist","floor":4.0,"turns":3.0},{"damage":10.0,"enemies":"Exordium Wildlife","floor":5.0,"turns":4.0},{"damage":25.0,"enemies":"Lagavulin","floor":6.0,"turns":7.0},{"damage":15.0,"enemies":"3 Sentries","floor":7.0,"turns":7.0},{"damage":15.0,"enemies":"3 Sentries","floor":10.0,"turns":7.0},{"damage":5.0,"enemies":"Gremlin Gang","floor":11.0,"turns":4.0},{"damage":6.0,"enemies":"3 Louse","floor":13.0,"turns":4.0},{"damage":15.0,"enemies":"Lagavulin","floor":14.0,"turns":6.0},{"damage":19.0,"enemies":"The Guardian","floor":16.0,"turns":13.0},{"damage":6.0,"enemies":"2 Thieves","floor":18.0,"turns":5.0},{"damage":0.0,"enemies":"Spheric Guardian","floor":21.0,"turns":6.0},{"damage":1.0,"enemies":"Shelled Parasite and Fungi","floor":22.0,"turns":7.0},{"damage":3.0,"enemies":"Slavers","floor":24.0,"turns":9.0},{"damage":1.0,"enemies":"Chosen and Byrds","floor":25.0,"turns":5.0},{"damage":8.0,"enemies":"Snake Plant","floor":28.0,"turns":7.0},{"damage":0.0,"enemies":"Centurion and Healer","floor":29.0,"turns":6.0},{"damage":1.0,"enemies":"Gremlin Leader","floor":31.0,"turns":5.0},{"damage":1.0,"enemies":"Champ","floor":33.0,"turns":8.0},{"damage":0.0,"enemies":"3 Shapes","floor":35.0,"turns":3.0},{"damage":0.0,"enemies":"Orb Walker","floor":38.0,"turns":3.0},{"damage":2.0,"enemies":"3 Darklings","floor":41.0,"turns":4.0},{"damage":0.0,"enemies":"Sphere and 2 Shapes","floor":42.0,"turns":5.0},{"damage":1.0,"enemies":"Jaw Worm Horde","floor":44.0,"turns":2.0},{"damage":1.0,"enemies":"Writhing Mass","floor":45.0,"turns":6.0},{"damage":0.0,"enemies":"Spire Growth","floor":46.0,"turns":7.0},{"damage":0.0,"enemies":"Sphere and 2 Shapes","floor":48.0,"turns":4.0},{"damage":14,"enemies":"Awakened One","floor":50,"turns":10}],"seed_played":"4644717753945384187","potions_obtained":[{"floor":5.0,"key":"LiquidBronze"},{"floor":7.0,"key":"Regen Potion"},{"floor":10.0,"key":"Strength Potion"},{"floor":16.0,"key":"Dexterity Potion"},{"floor":21.0,"key":"Fire Potion"},{"floor":33.0,"key":"SkillPotion"},{"floor":38.0,"key":"FearPotion"},{"floor":42.0,"key":"FearPotion"}],"is_trial":false,"path_per_floor":["M","$","M","M","M","E","?","R","T","E","M","R","M","E","R","B",null,"M","?","?","M","M","R","E","M","T","R","M","M","$","E","R","B",null,"M","?","$","M","$","R","M","M","T","M","M","M","?","M","R","B",null],"character_chosen":"IRONCLAD","items_purchased":["Corruption+1","Potion Belt","War Paint"],"campfire_rested":0,"item_purchase_floors":[37,37,37],"current_hp_per_floor":[78,78,80,80,76,57,48,48,48,39,40,40,40,31,31,18,65,68,41,41,44,47,47,51,55,55,55,57,63,63,67,67,67,67,67,67,67,67,67,67,67,67,67,67,67,71,71,75,75,76],"gold":128,"neow_bonus":"ONE_RARE_RELIC","is_prod":false,"is_daily":false,"chose_seed":false,"campfire_upgraded":4,"win_rate":0,"timestamp":1571921363,"path_taken":["M","$","M","M","M","E","?","R","T","E","M","R","M","E","R","BOSS","M","?","?","M","M","R","E","M","T","R","?","M","$","E","R","BOSS","M","?","$","?","$","R","M","M","T","M","M","M","?","M","R","BOSS"],"build_version":"2019-07-17","purchased_purges":4,"victory":true,"max_hp_per_floor":[80,80,80,80,80,80,80,80,80,80,80,80,80,80,80,80,80,83,41,41,44,47,47,51,55,55,55,59,63,63,67,67,67,67,67,67,67,67,67,67,67,67,67,67,67,71,71,75,75,79],"card_choices":[{"not_picked":["Warcry","Sever Soul"],"picked":"Pommel Strike","floor":1.0},{"not_picked":["Clash","True Grit"],"picked":"Wild Strike","floor":3.0},{"not_picked":["Sentinel","Warcry"],"picked":"Clothesline","floor":4.0},{"not_picked":["Sentinel","Heavy Blade"],"picked":"Inflame","floor":5.0},{"not_picked":["Wild Strike","Headbutt","Flex"],"picked":"SKIP","floor":6.0},{"not_picked":["Thunderclap","Flex"],"picked":"Inflame","floor":7.0},{"not_picked":["Iron Wave","Headbutt"],"picked":"Double Tap","floor":10.0},{"not_picked":["Pommel Strike","Perfected Strike","Sever Soul"],"picked":"SKIP","floor":11.0},{"not_picked":["True Grit","Flex"],"picked":"Bludgeon","floor":13.0},{"not_picked":["Perfected Strike","Sever Soul"],"picked":"Ghostly Armor","floor":14.0},{"not_picked":["Offering","Dark Embrace+1"],"picked":"Feed","floor":16.0},{"not_picked":["Thunderclap+1","Clothesline"],"picked":"Sword Boomerang","floor":18.0},{"not_picked":["Havoc","Thunderclap","Dual Wield+1"],"picked":"SKIP","floor":21.0},{"not_picked":["True Grit","Pommel Strike+1"],"picked":"Flame Barrier+1","floor":22.0},{"not_picked":["Hemokinesis","Clash"],"picked":"Sword Boomerang","floor":24.0},{"not_picked":["Perfected Strike","Warcry","Heavy Blade"],"picked":"SKIP","floor":25.0},{"not_picked":["Flex","Twin Strike","Fiend Fire"],"picked":"SKIP","floor":28.0},{"not_picked":["Sword Boomerang","Perfected Strike","Cleave"],"picked":"SKIP","floor":29.0},{"not_picked":["Clash","Intimidate"],"picked":"Shrug It Off","floor":31.0},{"not_picked":["Impervious","Immolate"],"picked":"Demon Form+1","floor":33.0},{"not_picked":["Infernal Blade","Clash+1","Clothesline+1"],"picked":"SKIP","floor":35.0},{"not_picked":["Burning Pact","Bloodletting","Cleave"],"picked":"SKIP","floor":35.0},{"not_picked":["True Grit","Ghostly Armor"],"picked":"Metallicize+1","floor":38.0},{"not_picked":["Heavy Blade+1","Body Slam"],"picked":"Whirlwind+1","floor":38.0},{"not_picked":["Armaments","Iron Wave+1"],"picked":"Shrug It Off","floor":41.0},{"not_picked":["Twin Strike+1","Sever Soul+1","Armaments"],"picked":"SKIP","floor":41.0},{"not_picked":["Spot Weakness","Clash"],"picked":"Blood for Blood+1","floor":42.0},{"not_picked":["Perfected Strike","Iron Wave"],"picked":"Exhume","floor":42.0},{"not_picked":["Armaments+1","Havoc+1"],"picked":"Shockwave","floor":44.0},{"not_picked":["Blood for Blood","Headbutt","Pommel Strike"],"picked":"SKIP","floor":44.0},{"not_picked":["Flex","Warcry+1"],"picked":"Shrug It Off+1","floor":45.0},{"not_picked":["Rupture+1","Cleave+1"],"picked":"Metallicize+1","floor":45.0},{"not_picked":["Heavy Blade","Twin Strike+1"],"picked":"Ghostly Armor+1","floor":46.0},{"not_picked":["Clothesline","Power Through+1","Clash"],"picked":"SKIP","floor":46.0},{"not_picked":["Wild Strike+1","Rampage"],"picked":"Bloodletting+1","floor":48.0},{"not_picked":["Body Slam","Anger+1","Intimidate+1"],"picked":"SKIP","floor":48.0}],"player_experience":323977,"relics_obtained":[{"floor":6.0,"key":"Shovel"},{"floor":7.0,"key":"FossilizedHelix"},{"floor":9.0,"key":"Incense Burner"},{"floor":10.0,"key":"The Courier"},{"floor":14.0,"key":"Sundial"},{"floor":15.0,"key":"Frozen Egg 2"},{"floor":24.0,"key":"Self Forming Clay"},{"floor":26.0,"key":"Whetstone"},{"floor":31.0,"key":"Bottled Tornado"},{"floor":32.0,"key":"Prayer Wheel"},{"floor":40.0,"key":"Red Skull"},{"floor":49.0,"key":"Happy Flower"}],"event_choices":[{"damage_healed":0.0,"max_hp_gain":0.0,"max_hp_loss":0.0,"gold_gain":0.0,"event_name":"Dead Adventurer","player_choice":"Searched \u00271\u0027 times","floor":7.0,"gold_loss":0.0,"damage_taken":0.0},{"damage_healed":0.0,"max_hp_gain":0.0,"max_hp_loss":42.0,"gold_gain":0.0,"event_name":"Ghosts","player_choice":"Became a Ghost","floor":19.0,"gold_loss":0.0,"damage_taken":0.0,"cards_obtained":["Ghostly","Ghostly","Ghostly","Ghostly","Ghostly"]},{"damage_healed":0.0,"max_hp_gain":0.0,"max_hp_loss":0.0,"gold_gain":0.0,"event_name":"WeMeetAgain","player_choice":"Gave Potion","floor":20.0,"gold_loss":0.0,"damage_taken":0.0,"relics_obtained":["Nunchaku"]},{"cards_removed":["Strike_R"],"damage_healed":0.0,"max_hp_gain":0.0,"max_hp_loss":0.0,"gold_gain":0.0,"event_name":"Purifier","player_choice":"Purged","floor":36.0,"gold_loss":0.0,"damage_taken":0.0},{"damage_healed":0.0,"max_hp_gain":0.0,"max_hp_loss":0.0,"gold_gain":0.0,"event_name":"Mysterious Sphere","player_choice":"Ignored","floor":47.0,"gold_loss":0.0,"damage_taken":0.0}],"is_beta":false,"boss_relics":[{"not_picked":["Runic Dome","Tiny House"],"picked":"Velvet Choker"},{"not_picked":["Black Star","Coffee Dripper"],"picked":"Cursed Key"}],"items_purged_floors":[2,30,37,39],"is_endless":false,"potions_floor_spawned":[5,7,10,16,18,21,25,33,38,42,44,48],"ascension_level":10}