{"gold_per_floor":[109,109,109,40,40,84,97,97,147,186,211,211,229,268,268,394,394,408,43,56,56,56,56,96,96,96,130,79,118,118,138,138,259,259,283,283,283,283,298,298,338,338,363,363],"floor_reached":44,"playtime":2534,"items_purged":["Strike_G"],"score":787,"play_id":"b9706d5d-e424-46c0-9941-ec27aeabb560","local_time":"20191012154153","is_ascension_mode":true,"campfire_choices":[{"floor":8,"key":"REST"},{"data":"Noxious Fumes","floor":12,"key":"SMITH"},{"data":"Neutralize","floor":15,"key":"SMITH"},{"floor":23,"key":"REST"},{"floor":25,"key":"REST"},{"floor":30,"key":"REST"},{"data":"Well Laid Plans","floor":32,"key":"SMITH"},{"data":"Tools of the Trade","floor":40,"key":"SMITH"},{"floor":42,"key":"REST"}],"neow_cost":"NONE","seed_source_timestamp":110592400028800,"circlet_count":0,"master_deck":["AscendersBane","Strike_G","Strike_G","Defend_G","Defend_G","Defend_G","Defend_G","Survivor","Neutralize+1","Glass Knife","Predator","Noxious Fumes+1","Doppelganger","Tools of the Trade+1","Well Laid Plans+1","Backflip","Slice","Escape Plan","Dagger Spray","Die Die Die","Deflect+1","Deep Breath","Underhanded Strike","Concentrate","Skewer+1","PiercingWail","Crippling Poison+1","Madness","Madness","Finisher+1","Bullet Time","Neutralize+1","Prepared+1","Parasite"],"relics":["Ring of the Serpent","Golden Idol","Regal Pillow","Pen Nib","Strawberry","Dream Catcher","TheAbacus","Centennial Puzzle","Molten Egg 2","Lantern","Mummified Hand","Runic Pyramid","Dodecahedron"],"potions_floor_usage":[14,18,24,24,29,41],"damage_taken":[{"damage":0,"enemies":"2 Louse","floor":1,"turns":4},{"damage":24,"enemies":"3 Sentries","floor":6,"turns":9},{"damage":1,"enemies":"Jaw Worm","floor":7,"turns":3},{"damage":32,"enemies":"Lagavulin","floor":10,"turns":8},{"damage":0,"enemies":"Cultist","floor":11,"turns":3},{"damage":1,"enemies":"Red Slaver","floor":13,"turns":3},{"damage":16,"enemies":"Gremlin Nob","floor":14,"turns":4},{"damage":13,"enemies":"The Guardian","floor":16,"turns":11},{"damage":14,"enemies":"2 Thieves","floor":18,"turns":4},{"damage":11,"enemies":"Spheric Guardian","floor":20,"turns":4},{"damage":47,"enemies":"Book of Stabbing","floor":24,"turns":6},{"damage":16,"enemies":"Gremlin Leader","floor":27,"turns":7},{"damage":16,"enemies":"Book of Stabbing","floor":29,"turns":3},{"damage":4,"enemies":"Shelled Parasite and Fungi","floor":31,"turns":5},{"damage":20,"enemies":"Automaton","floor":33,"turns":11},{"damage":0,"enemies":"Orb Walker","floor":35,"turns":4},{"damage":4,"enemies":"3 Shapes","floor":39,"turns":6},{"damage":48,"enemies":"Reptomancer","floor":41,"turns":8},{"damage":48,"enemies":"Writhing Mass","floor":44,"turns":6}],"seed_played":"7770238982814575791","potions_obtained":[{"floor":1,"key":"Ancient Potion"},{"floor":6,"key":"Strength Potion"},{"floor":10,"key":"AttackPotion"},{"floor":20,"key":"FearPotion"},{"floor":29,"key":"AttackPotion"}],"is_trial":false,"path_per_floor":["M","?","?","$","?","E","M","R","T","E","M","R","M","E","R","B",null,"M","$","M","?","$","R","E","R","T","E","$","E","R","M","R","B",null,"M","?","?","?","M","R","E","R","T","M"],"character_chosen":"THE_SILENT","items_purchased":["Noxious Fumes","TheAbacus","Deep Breath","Block Potion","SteroidPotion"],"campfire_rested":5,"item_purchase_floors":[4,19,19,19,28],"current_hp_per_floor":[63,63,56,56,56,32,31,65,65,40,40,40,39,23,23,10,57,43,43,32,32,32,68,21,57,57,41,41,25,61,57,57,37,63,63,54,54,54,50,50,2,38,38,0],"gold":363,"neow_bonus":"TRANSFORM_CARD","is_prod":false,"is_daily":false,"chose_seed":false,"campfire_upgraded":4,"win_rate":0,"timestamp":1570891313,"path_taken":["M","?","?","$","?","E","M","R","T","E","M","R","M","E","R","BOSS","M","?","?","?","?","R","E","R","T","E","$","E","R","M","R","BOSS","M","?","?","?","M","R","E","R","T","?"],"build_version":"2019-10-11","purchased_purges":1,"victory":false,"max_hp_per_floor":[70,65,65,65,65,65,65,65,65,72,72,72,72,72,72,72,72,72,72,72,72,72,72,72,72,72,72,72,72,72,72,72,72,72,72,72,72,72,72,72,72,72,72,72],"card_choices":[{"not_picked":["Blade Dance","Catalyst"],"picked":"Predator","floor":1},{"not_picked":["Flying Knee","Outmaneuver"],"picked":"Tools of the Trade","floor":6},{"not_picked":["Sucker Punch","Noxious Fumes"],"picked":"Well Laid Plans","floor":7},{"not_picked":["Catalyst","Storm of Steel"],"picked":"Backflip","floor":10},{"not_picked":["Sucker Punch","Acrobatics"],"picked":"Slice","floor":11},{"not_picked":["Terror","Slice"],"picked":"Escape Plan","floor":13},{"not_picked":["Slice","Backflip"],"picked":"Dagger Spray","floor":14},{"not_picked":["Storm of Steel","Burst"],"picked":"Die Die Die","floor":16},{"not_picked":["Bane+1","Blade Dance+1"],"picked":"Deflect+1","floor":18},{"not_picked":["Quick Slash","Poisoned Stab","Bouncing Flask"],"picked":"SKIP","floor":20},{"not_picked":["Poisoned Stab","Backflip"],"picked":"Underhanded Strike","floor":23},{"not_picked":["Quick Slash","Outmaneuver"],"picked":"Concentrate","floor":24},{"not_picked":["Deadly Poison","Cloak And Dagger"],"picked":"Skewer+1","floor":25},{"not_picked":["Burst","A Thousand Cuts","Deflect"],"picked":"SKIP","floor":27},{"not_picked":["Dagger Throw+1","Setup"],"picked":"PiercingWail","floor":29},{"not_picked":["All Out Attack+1","Dodge and Roll+1","Bane+1"],"picked":"SKIP","floor":31},{"not_picked":["Terror+1","Bane+1"],"picked":"Crippling Poison+1","floor":35},{"not_picked":["Infinite Blades+1","Poisoned Stab+1"],"picked":"Prepared+1","floor":39},{"not_picked":["Blade Dance+1","Blur","Backstab+1"],"picked":"SKIP","floor":41}],"player_experience":1634304,"relics_obtained":[{"floor":6,"key":"Regal Pillow"},{"floor":9,"key":"Pen Nib"},{"floor":10,"key":"Strawberry"},{"floor":14,"key":"Dream Catcher"},{"floor":24,"key":"Centennial Puzzle"},{"floor":26,"key":"Molten Egg 2"},{"floor":27,"key":"Lantern"},{"floor":29,"key":"Mummified Hand"},{"floor":41,"key":"Dodecahedron"}],"event_choices":[{"damage_healed":0,"gold_gain":0,"player_choice":"Lose Max HP","damage_taken":0,"relics_obtained":["Golden Idol"],"max_hp_gain":0,"max_hp_loss":5,"event_name":"Golden Idol","floor":2,"gold_loss":0},{"cards_removed":["Strike_G"],"damage_healed":0,"gold_gain":0,"player_choice":"Card Removal","damage_taken":7,"max_hp_gain":0,"max_hp_loss":0,"event_name":"Golden Wing","floor":3,"gold_loss":0},{"damage_healed":0,"gold_gain":0,"cards_transformed":["Strike_G"],"player_choice":"Transformed","damage_taken":0,"max_hp_gain":0,"max_hp_loss":0,"event_name":"Transmorgrifier","floor":5,"gold_loss":0,"cards_obtained":["Doppelganger"]},{"damage_healed":0,"gold_gain":0,"player_choice":"Ignored","damage_taken":0,"max_hp_gain":0,"max_hp_loss":0,"event_name":"Vampires","floor":21,"gold_loss":0},{"damage_healed":0,"gold_gain":0,"player_choice":"Embrace Madness","damage_taken":9,"max_hp_gain":0,"max_hp_loss":0,"event_name":"Winding Halls","floor":36,"gold_loss":0,"cards_obtained":["Madness","Madness"]},{"damage_healed":0,"gold_gain":0,"player_choice":"Ignored","damage_taken":0,"max_hp_gain":0,"max_hp_loss":0,"event_name":"Tomb of Lord Red Mask","floor":37,"gold_loss":0},{"damage_healed":0,"gold_gain":0,"player_choice":"3 cards matched","damage_taken":0,"max_hp_gain":0,"max_hp_loss":0,"event_name":"Match and Keep!","floor":38,"gold_loss":0,"cards_obtained":["Finisher","Bullet Time","Neutralize"]}],"is_beta":true,"boss_relics":[{"not_picked":["Coffee Dripper","Velvet Choker"],"picked":"Ring of the Serpent"},{"not_picked":["Pandora\u0027s Box","Sozu"],"picked":"Runic Pyramid"}],"items_purged_floors":[19],"is_endless":false,"potions_floor_spawned":[1,6,10,11,20,29],"killed_by":"Writhing Mass","ascension_level":11}