{"gold_per_floor":[115,115,135,207,51,79,79,93,144,144,156,156,181,193,193,292,292,311,322,322,339,171,196,196,71,95,121,121,141,153,178,178,283,333,346,346,361,132,132,164,164,164,164,199,199,219,219,219],"floor_reached":48,"playtime":3147,"items_purged":["Strike_G","Strike_G","Strike_G","Defend_G"],"score":736,"play_id":"690edb39-8ad5-416c-8371-26666a61b5a5","local_time":"20190920192656","is_ascension_mode":true,"campfire_choices":[{"data":"Infinite Blades","floor":7.0,"key":"SMITH"},{"data":"Neutralize","floor":10.0,"key":"SMITH"},{"floor":12.0,"key":"REST"},{"data":"Footwork","floor":15.0,"key":"SMITH"},{"floor":24,"key":"REST"},{"floor":28,"key":"REST"},{"floor":32,"key":"REST"},{"data":"Noxious Fumes","floor":41,"key":"SMITH"},{"data":"Venomology","floor":45,"key":"SMITH"},{"floor":47,"key":"REST"}],"neow_cost":"NONE","seed_source_timestamp":0,"circlet_count":0,"master_deck":["Defend_G","Defend_G","Defend_G+1","Defend_G","Survivor","Neutralize+1","Poisoned Stab+1","Deadly Poison","Backstab","Footwork+1","Dagger Spray","Infinite Blades+1","Cloak And Dagger","Venomology+1","Blade Dance","Venomology","Blade Dance+1","Outmaneuver","Accuracy","Backstab","Caltrops","Crippling Poison+1","Storm of Steel","Catalyst","Crippling Poison","Noxious Fumes+1","Catalyst","Poisoned Stab","Footwork","Night Terror","Blade Dance+1"],"special_seed":0,"relics":["Ring of the Snake","Shuriken","Omamori","Oddly Smooth Stone","Runic Dome","Bottled Flame","Bag of Preparation","Snake Skull","Smiling Mask","Tiny House","Orichalcum","Frozen Egg 2","Ice Cream"],"potions_floor_usage":[16,16,16,19,21,21,23,27,27,29,30,33,33,33,33,33,39,40,40,40,44,44,46,46,48,48],"damage_taken":[{"damage":0.0,"enemies":"Small Slimes","floor":1.0,"turns":3.0},{"damage":0.0,"enemies":"Cultist","floor":3.0,"turns":3.0},{"damage":18.0,"enemies":"Gremlin Nob","floor":6.0,"turns":4.0},{"damage":0.0,"enemies":"2 Louse","floor":8.0,"turns":2.0},{"damage":12.0,"enemies":"Exordium Wildlife","floor":11.0,"turns":4.0},{"damage":14.0,"enemies":"3 Sentries","floor":13.0,"turns":6.0},{"damage":14.0,"enemies":"Large Slime","floor":14.0,"turns":5.0},{"damage":0,"enemies":"Hexaghost","floor":16,"turns":6},{"damage":22,"enemies":"Shell Parasite","floor":18,"turns":5},{"damage":2,"enemies":"Spheric Guardian","floor":19,"turns":3},{"damage":1,"enemies":"Centurion and Healer","floor":21,"turns":5},{"damage":18,"enemies":"Book of Stabbing","floor":23,"turns":5},{"damage":33,"enemies":"Slavers","floor":27,"turns":6},{"damage":7,"enemies":"Shelled Parasite and Fungi","floor":29,"turns":3},{"damage":21,"enemies":"Cultist and Chosen","floor":30,"turns":6},{"damage":36,"enemies":"Champ","floor":33,"turns":8},{"damage":7,"enemies":"3 Shapes","floor":35,"turns":4},{"damage":3,"enemies":"Orb Walker","floor":37,"turns":3},{"damage":0,"enemies":"Jaw Worm Horde","floor":39,"turns":1},{"damage":37,"enemies":"Reptomancer","floor":40,"turns":5},{"damage":1,"enemies":"Giant Head","floor":44,"turns":6},{"damage":43,"enemies":"Maw","floor":46,"turns":6},{"damage":46,"enemies":"Writhing Mass","floor":48,"turns":3}],"seed_played":"-3071902625965795221","potions_obtained":[{"floor":3.0,"key":"EssenceOfSteel"},{"floor":6.0,"key":"FearPotion"},{"floor":8.0,"key":"Strength Potion"},{"floor":27,"key":"AttackPotion"},{"floor":34,"key":"SmokeBomb"},{"floor":40,"key":"Poison Potion"},{"floor":42,"key":"FairyPotion"},{"floor":42,"key":"EssenceOfSteel"},{"floor":44,"key":"FairyPotion"}],"is_trial":false,"path_per_floor":["M","?","M","T","$","E","R","M","T","R","M","R","E","M","R","B",null,"M","M","?","M","$","E","R","$","T","E","R","M","M","T","R","B",null,"M","?","M","$","M","E","R","?","T","E","R","M","R","M"],"character_chosen":"THE_SILENT","items_purchased":["Footwork","Dagger Spray","Accuracy","Noxious Fumes","Catalyst","Poisoned Stab"],"campfire_rested":5,"item_purchase_floors":[5,5,22,38,38,38],"current_hp_per_floor":[70,70,70,70,70,52,52,52,52,52,40,61,47,33,33,33,70,48,46,46,45,45,27,48,48,48,15,36,29,8,8,29,2,75,68,68,65,65,65,28,28,28,28,27,27,7,29,0],"gold":219,"neow_bonus":"TRANSFORM_CARD","is_prod":false,"is_daily":false,"chose_seed":false,"campfire_upgraded":5,"win_rate":0,"timestamp":1569032816,"path_taken":["M","?","?","?","$","E","R","M","T","R","M","R","E","M","R","BOSS","M","M","?","M","$","E","R","$","T","E","R","M","M","?","R","BOSS","M","?","M","$","M","E","R","?","T","E","R","?","R","M"],"build_version":"2019-07-17","purchased_purges":4,"victory":false,"max_hp_per_floor":[70,70,70,70,70,70,70,70,70,70,70,70,70,70,70,70,70,70,70,70,70,70,70,70,70,70,70,70,70,70,70,70,70,75,75,75,75,75,75,75,75,75,75,75,75,75,75,75],"card_choices":[{"not_picked":["Prepared","Slice"],"picked":"Deadly Poison","floor":1.0},{"not_picked":["Escape Plan","PiercingWail"],"picked":"Backstab","floor":3.0},{"not_picked":["Riddle With Holes","Sucker Punch"],"picked":"Infinite Blades","floor":6.0},{"not_picked":["Deadly Poison","Quick Slash"],"picked":"Bane","floor":8.0},{"not_picked":["Acrobatics","Sucker Punch"],"picked":"Cloak And Dagger","floor":11.0},{"not_picked":["Grand Finale","Eviscerate"],"picked":"Venomology","floor":13.0},{"not_picked":["Tactician","Poisoned Stab"],"picked":"Blade Dance","floor":14.0},{"not_picked":["Die Die Die","Night Terror"],"picked":"Venomology","floor":16},{"not_picked":["Choke","Escape Plan"],"picked":"Blade Dance+1","floor":18},{"not_picked":["Dagger Spray","Bane","Flying Knee"],"picked":"SKIP","floor":19},{"not_picked":["Heel Hook","Tactician"],"picked":"Outmaneuver","floor":21},{"not_picked":["Quick Slash","Envenom","Flying Knee"],"picked":"SKIP","floor":23},{"not_picked":["Dagger Spray+1","Sucker Punch"],"picked":"Backstab","floor":27},{"not_picked":["Dodge and Roll","Acrobatics"],"picked":"Caltrops","floor":29},{"not_picked":["Sucker Punch","Distraction"],"picked":"Crippling Poison+1","floor":30},{"not_picked":["Wraith Form v2","Die Die Die"],"picked":"Storm of Steel","floor":33},{"not_picked":["Backflip","Bane"],"picked":"Catalyst","floor":34},{"not_picked":["Flying Knee+1","Tactician","Bane+1"],"picked":"SKIP","floor":35},{"not_picked":["Distraction","PiercingWail"],"picked":"Crippling Poison","floor":37},{"not_picked":["Noxious Fumes+1","Heel Hook+1"],"picked":"Footwork","floor":40},{"not_picked":["Dagger Spray+1","Predator"],"picked":"Night Terror","floor":44},{"not_picked":["Acrobatics","Slice"],"picked":"Blade Dance+1","floor":46}],"player_experience":143268,"relics_obtained":[{"floor":4.0,"key":"Shuriken"},{"floor":6.0,"key":"Omamori"},{"floor":13.0,"key":"Oddly Smooth Stone"},{"floor":23,"key":"Bottled Flame"},{"floor":26,"key":"Bag of Preparation"},{"floor":27,"key":"Snake Skull"},{"floor":31,"key":"Smiling Mask"},{"floor":40,"key":"Orichalcum"},{"floor":43,"key":"Frozen Egg 2"},{"floor":44,"key":"Ice Cream"}],"event_choices":[{"damage_healed":0.0,"max_hp_gain":0.0,"max_hp_loss":0.0,"gold_gain":0.0,"event_name":"Accursed Blacksmith","player_choice":"Forge","floor":2.0,"gold_loss":0.0,"damage_taken":0.0,"cards_upgraded":["Poisoned Stab"]},{"cards_removed":["Strike_G"],"damage_healed":0,"gold_gain":0,"player_choice":"Elegance","damage_taken":0,"max_hp_gain":0,"max_hp_loss":0,"event_name":"Back to Basics","floor":20,"gold_loss":0},{"cards_removed":["Bane"],"damage_healed":0,"gold_gain":0,"player_choice":"Removed Attack","damage_taken":0,"max_hp_gain":0,"max_hp_loss":0,"event_name":"Falling","floor":36,"gold_loss":0},{"damage_healed":0,"gold_gain":0,"player_choice":"Got Potions","damage_taken":0,"max_hp_gain":0,"max_hp_loss":0,"event_name":"Lab","floor":42,"gold_loss":0}],"is_beta":false,"boss_relics":[{"not_picked":["White Beast Statue","HoveringKite"],"picked":"Runic Dome"},{"not_picked":["Coffee Dripper","Lizard Tail"],"picked":"Tiny House"}],"items_purged_floors":[5,22,25,38],"is_endless":false,"potions_floor_spawned":[3,6,8,18,19,27,39,40,44],"killed_by":"Writhing Mass","ascension_level":4}