{"gold_per_floor":[115,135,165,165,182,215,231,231,231,11,11,44,44,54,54,152,152,169,269,368,378,189,189,114,114,114,144,169,200,8,18,18,123,123,140,153,172,172,186,215,231,231,231,247,247,53,87,87,87,87,87,87,9,39,39],"floor_reached":56,"playtime":3178,"items_purged":["Strike_G","Strike_G"],"score":1353,"play_id":"ae8f462a-0127-45a5-b216-15a8a7485474","local_time":"20190629132316","is_ascension_mode":false,"campfire_choices":[{"data":"A Thousand Cuts","floor":8,"key":"SMITH"},{"data":"Neutralize","floor":13,"key":"SMITH"},{"data":"Predator","floor":15,"key":"SMITH"},{"data":"Caltrops","floor":23,"key":"SMITH"},{"data":"Burst","floor":25,"key":"SMITH"},{"floor":32,"key":"REST"},{"data":"Footwork","floor":42,"key":"SMITH"},{"data":"Choke","floor":45,"key":"SMITH"},{"floor":49,"key":"RECALL"},{"data":"ReplayTheSpireMod:The Works","floor":52,"key":"SMITH"}],"neow_cost":"NONE","seed_source_timestamp":58505353299408,"circlet_count":0,"master_deck":["Defend_G","Defend_G","Defend_G","Survivor","Neutralize+1","Die Die Die","Predator+1","A Thousand Cuts+1","PiercingWail","Calculated Gamble+1","Hidden Blade","After Image","Caltrops+1","ReplayTheSpireMod:From All Sides","Dodge and Roll+1","Hidden Blade","Specialist","Burst+1","Choke+1","Footwork+1","Toxin Wave+1","Cloak And Dagger+1","Backflip","ReplayTheSpireMod:The Works+1","Flechettes","Night Terror+1","ReplayTheSpireMod:The Works+1","Night Terror+1"],"relics":["Ring of the Snake","Tiny Chest","Ornamental Fan","Omamori","Baseball","Busted Crown","ReplayTheSpireMod:PocketPolymizer","Garlic","Counterbalance","Vampiric Spirits","Gremlin Food","Pet Ghost","Chemical X","Runic Pyramid","WarpedTongs","Bronze Scales","OrangePellets","Golden Egg","FossilizedHelix"],"potions_floor_usage":[12,19,19,19,55,55],"damage_taken":[{"damage":0,"enemies":"Small Slimes","floor":1,"turns":2},{"damage":0,"enemies":"Cultist","floor":2,"turns":3},{"damage":6,"enemies":"Jaw Worm","floor":5,"turns":4},{"damage":17,"enemies":"Lagavulin","floor":6,"turns":10},{"damage":0,"enemies":"Blue Slaver","floor":7,"turns":3},{"damage":15,"enemies":"Gremlin Nob","floor":12,"turns":5},{"damage":7,"enemies":"Looter","floor":14,"turns":3},{"damage":5,"enemies":"The Guardian","floor":16,"turns":12},{"damage":0,"enemies":"3 Byrds","floor":18,"turns":3},{"damage":3,"enemies":"Colosseum Slavers","floor":19,"turns":4},{"damage":19,"enemies":"Colosseum Nobs","floor":19,"turns":4},{"damage":0,"enemies":"Chosen","floor":21,"turns":4},{"damage":13,"enemies":"Slavers","floor":27,"turns":4},{"damage":18,"enemies":"Replay:Snechameleon","floor":29,"turns":5},{"damage":2,"enemies":"Shelled Parasite and Fungi","floor":31,"turns":3},{"damage":0,"enemies":"Champ","floor":33,"turns":9},{"damage":0,"enemies":"Orb Walker","floor":35,"turns":4},{"damage":0,"enemies":"3 Darklings","floor":36,"turns":3},{"damage":0,"enemies":"Transient","floor":37,"turns":5},{"damage":0,"enemies":"4 Shapes","floor":39,"turns":3},{"damage":3,"enemies":"R_Hoarder","floor":40,"turns":7},{"damage":5,"enemies":"Writhing Mass","floor":41,"turns":5},{"damage":0,"enemies":"Maw","floor":44,"turns":4},{"damage":0,"enemies":"Nemesis","floor":47,"turns":5},{"damage":0,"enemies":"Donu and Deca","floor":50,"turns":6},{"damage":0,"enemies":"Shield and Spear","floor":54,"turns":2},{"damage":1,"enemies":"The Heart","floor":55,"turns":8}],"seed_played":"-4126046805295368967","potions_obtained":[{"floor":1,"key":"SpeedPotion"},{"floor":7,"key":"Venom Potion"},{"floor":16,"key":"EntropicBrew"},{"floor":29,"key":"Dexterity Potion"},{"floor":31,"key":"PowerPotion"},{"floor":37,"key":"Energy Potion"}],"is_trial":false,"path_per_floor":["M","M","?","?","M","E","M","R","T","$","$","E","R","M","R","B",null,"M","?","?","M","$","R","?","R","T","E","T","E","$","M","R","B",null,"M","M","M","?","M","E","M","R","T","M","R","$","E","?","R","B",null,"R","$","E","B",null],"character_chosen":"THE_SILENT","items_purchased":["After Image","Specialist","Chemical X","OrangePellets","ReplayTheSpireMod:The Works"],"campfire_rested":1,"item_purchase_floors":[10,22,30,46,53],"current_hp_per_floor":[70,70,67,67,61,44,44,44,44,44,44,29,29,22,22,17,70,70,48,48,48,48,48,48,48,48,35,35,25,25,24,45,49,70,70,70,70,70,70,67,65,65,65,65,65,65,70,70,70,70,70,70,70,70,69],"gold":39,"neow_bonus":"ONE_RANDOM_RARE_CARD","is_prod":false,"is_daily":false,"chose_seed":false,"campfire_upgraded":8,"win_rate":0,"timestamp":1561810996,"path_taken":["M","M","?","?","M","E","?","R","T","?","$","E","R","M","R","BOSS","M","?","?","M","$","R","?","R","T","E","?","E","$","M","R","BOSS","M","M","M","?","M","E","?","R","T","?","R","$","E","?","R","BOSS","R","$","E","BOSS"],"build_version":"2019-01-23","purchased_purges":2,"victory":true,"max_hp_per_floor":[70,70,70,70,70,70,70,70,70,70,70,70,70,70,70,70,70,70,70,70,70,70,70,70,70,70,70,70,70,70,70,70,70,70,70,70,70,70,70,70,70,70,70,70,70,70,70,70,70,70,70,70,70,70,70],"card_choices":[{"not_picked":["Prepared","Poisoned Stab"],"picked":"Predator","floor":1},{"not_picked":["ReplayTheSpireMod:Tripwire","Sucker Punch","Outmaneuver"],"picked":"SKIP","floor":2},{"not_picked":["Hidden Blade","Dodge and Roll"],"picked":"PiercingWail","floor":5},{"not_picked":["Acrobatics","Sneak Up"],"picked":"Calculated Gamble","floor":6},{"not_picked":["Poisoned Stab","Finisher"],"picked":"Hidden Blade","floor":7},{"not_picked":["Replay:Poison Smokescreen","Eviscerate"],"picked":"Caltrops","floor":12},{"not_picked":["Corpse Explosion","Dash"],"picked":"Slice","floor":14},{"not_picked":["Poison Darts","Wraith Form v2"],"picked":"ReplayTheSpireMod:From All Sides","floor":16},{"not_picked":[],"picked":"Dodge and Roll+1","floor":18},{"not_picked":[],"picked":"Hidden Blade","floor":21},{"not_picked":[],"picked":"Footwork","floor":27},{"not_picked":[],"picked":"Toxin Wave+1","floor":29},{"not_picked":[],"picked":"Cloak And Dagger+1","floor":31},{"not_picked":["Bouncing Flask"],"picked":"SKIP","floor":35},{"not_picked":["Finisher"],"picked":"SKIP","floor":36},{"not_picked":["Quick Slash+1"],"picked":"SKIP","floor":37},{"not_picked":["Sucker Punch+1"],"picked":"SKIP","floor":39},{"not_picked":[],"picked":"Backflip","floor":40},{"not_picked":["Dagger Spray"],"picked":"SKIP","floor":41},{"not_picked":["Underhanded Strike"],"picked":"SKIP","floor":44},{"not_picked":["Poisoned Stab+1"],"picked":"SKIP","floor":47},{"not_picked":[],"picked":"Night Terror","floor":54}],"player_experience":1650777,"relics_obtained":[{"floor":6,"key":"Ornamental Fan"},{"floor":9,"key":"Omamori"},{"floor":12,"key":"Baseball"},{"floor":19,"key":"ReplayTheSpireMod:PocketPolymizer"},{"floor":19,"key":"Garlic"},{"floor":26,"key":"Counterbalance"},{"floor":27,"key":"Vampiric Spirits"},{"floor":28,"key":"Gremlin Food"},{"floor":29,"key":"Pet Ghost"},{"floor":40,"key":"Bronze Scales"},{"floor":47,"key":"Golden Egg"},{"floor":54,"key":"FossilizedHelix"}],"event_choices":[{"damage_healed":0,"gold_gain":0,"player_choice":"Success","damage_taken":3,"relics_obtained":["Tiny Chest"],"max_hp_gain":0,"max_hp_loss":0,"event_name":"Scrap Ooze","floor":3,"gold_loss":0},{"damage_healed":0,"gold_gain":0,"player_choice":"1 cards matched","damage_taken":0,"max_hp_gain":0,"max_hp_loss":0,"event_name":"Match and Keep!","floor":4,"gold_loss":0,"cards_obtained":["A Thousand Cuts"]},{"damage_healed":0,"gold_gain":0,"player_choice":"Fight","damage_taken":0,"max_hp_gain":0,"max_hp_loss":0,"event_name":"Colosseum","floor":19,"gold_loss":0},{"damage_healed":0,"gold_gain":0,"player_choice":"Fought Nobs","damage_taken":0,"max_hp_gain":0,"max_hp_loss":0,"event_name":"Colosseum","floor":19,"gold_loss":0},{"damage_healed":0,"gold_gain":99,"player_choice":"Stole From Cult","damage_taken":0,"max_hp_gain":0,"max_hp_loss":0,"event_name":"Nest","floor":20,"gold_loss":0},{"cards_removed":["Strike_G"],"damage_healed":0,"gold_gain":0,"player_choice":"Gave Gold","damage_taken":0,"max_hp_gain":0,"max_hp_loss":0,"event_name":"Beggar","floor":24,"gold_loss":75},{"damage_healed":0,"gold_gain":0,"player_choice":"Rummage","damage_taken":0,"relics_obtained":["WarpedTongs"],"max_hp_gain":0,"max_hp_loss":0,"event_name":"Accursed Blacksmith","floor":38,"gold_loss":0,"cards_obtained":["Pain"]},{"damage_healed":0,"gold_gain":0,"player_choice":"Ignored","damage_taken":0,"max_hp_gain":0,"max_hp_loss":0,"event_name":"SecretPortal","floor":48,"gold_loss":0}],"is_beta":false,"boss_relics":[{"not_picked":["ReplayTheSpireMod:DimensionalGlitch","Replay:Grab Bag"],"picked":"Busted Crown"},{"not_picked":["Black Star","Lizard Tail"],"picked":"Runic Pyramid"}],"items_purged_floors":[10,22],"is_endless":false,"potions_floor_spawned":[1,7,16,29,31,33,37,40,44],"ascension_level":0}