{"gold_per_floor":[115,127,202,212,225,254,254,18,18,45,45,45,70,370,370,469,469,479,496,496,509,195,226,226,239,239,13,29,61,61,81,81,182,182,194,46,65,85,100,129,129,146,146,156,156,156,171,198,198,198,198,198,18,44,44],"floor_reached":55,"playtime":2501,"items_purged":["Strike_R","Strike_R"],"score":1130,"play_id":"1dcb2cba-9a22-42eb-9b0a-13143811d415","local_time":"20190826153825","is_ascension_mode":true,"campfire_choices":[{"data":"Hemokinesis","floor":7,"key":"SMITH"},{"data":"Trip","floor":12,"key":"SMITH"},{"floor":15,"key":"REST"},{"data":"Disarm","floor":24,"key":"SMITH"},{"data":"Double Tap","floor":30,"key":"SMITH"},{"data":"Battle Trance","floor":32,"key":"SMITH"},{"data":"Flame Barrier","floor":41,"key":"SMITH"},{"floor":45,"key":"RECALL"},{"data":"Heavy Blade","floor":49,"key":"SMITH"},{"data":"Bash","floor":52,"key":"SMITH"}],"neow_cost":"NONE","seed_source_timestamp":972543337168500,"circlet_count":0,"master_deck":["Strike_R","Strike_R","Strike_R","Defend_R","Defend_R","Defend_R","Defend_R","Bash+1","Hemokinesis+1","Clothesline","Double Tap+1","Ghostly Armor","Twin Strike","Trip+1","Battle Trance+1","Disarm+1","Reaper","Shrug It Off","Swift Strike","Juggernaut","Pummel","Flame Barrier+1","Offering","Immolate","Armaments+1","Heavy Blade+1","Whirlwind"],"relics":["Burning Blood","Champion Belt","Bag of Preparation","Mercury Hourglass","Shuriken","Unceasing Top","Busted Crown","Nloth\u0027s Gift","Vajra","Mummified Hand","Self Forming Clay","Brimstone","Art of War","Snecko Eye","PreservedInsect","Nunchaku","Boot"],"potions_floor_usage":[0,5,6,6,6,13,21,33,54,54,55,55],"damage_taken":[{"damage":7,"enemies":"2 Louse","floor":1,"turns":3},{"damage":1,"enemies":"Cultist","floor":2,"turns":4},{"damage":13,"enemies":"Small Slimes","floor":4,"turns":5},{"damage":10,"enemies":"Exordium Wildlife","floor":5,"turns":4},{"damage":48,"enemies":"3 Sentries","floor":6,"turns":9},{"damage":19,"enemies":"Lagavulin","floor":10,"turns":6},{"damage":7,"enemies":"Gremlin Nob","floor":13,"turns":3},{"damage":11,"enemies":"The Guardian","floor":16,"turns":11},{"damage":13,"enemies":"Shell Parasite","floor":18,"turns":3},{"damage":4,"enemies":"3 Byrds","floor":19,"turns":4},{"damage":33,"enemies":"Shelled Parasite and Fungi","floor":21,"turns":6},{"damage":22,"enemies":"Gremlin Leader","floor":23,"turns":8},{"damage":4,"enemies":"Cultist and Chosen","floor":25,"turns":4},{"damage":13,"enemies":"Snecko","floor":28,"turns":4},{"damage":12,"enemies":"Book of Stabbing","floor":29,"turns":3},{"damage":17,"enemies":"Snake Plant","floor":31,"turns":3},{"damage":35,"enemies":"Automaton","floor":33,"turns":6},{"damage":6,"enemies":"3 Darklings","floor":35,"turns":2},{"damage":3,"enemies":"3 Shapes","floor":37,"turns":2},{"damage":8,"enemies":"3 Darklings","floor":38,"turns":2},{"damage":0,"enemies":"Sphere and 2 Shapes","floor":39,"turns":1},{"damage":10,"enemies":"Giant Head","floor":40,"turns":3},{"damage":14,"enemies":"Transient","floor":42,"turns":5},{"damage":3,"enemies":"4 Shapes","floor":44,"turns":3},{"damage":10,"enemies":"3 Darklings","floor":47,"turns":3},{"damage":0,"enemies":"Reptomancer","floor":48,"turns":2},{"damage":47,"enemies":"Awakened One","floor":50,"turns":7},{"damage":41,"enemies":"Shield and Spear","floor":54,"turns":4},{"damage":90,"enemies":"The Heart","floor":55,"turns":5}],"seed_played":"-6517217774279512571","potions_obtained":[{"floor":0,"key":"EssenceOfSteel"},{"floor":0,"key":"BloodPotion"},{"floor":0,"key":"Fruit Juice"},{"floor":1,"key":"Regen Potion"},{"floor":2,"key":"EntropicBrew"},{"floor":10,"key":"Poison Potion"},{"floor":13,"key":"FearPotion"},{"floor":19,"key":"Strength Potion"},{"floor":28,"key":"EssenceOfSteel"},{"floor":31,"key":"GamblersBrew"},{"floor":33,"key":"Fire Potion"},{"floor":48,"key":"BloodPotion"},{"floor":54,"key":"PowerPotion"}],"is_trial":false,"path_per_floor":["M","M","?","M","M","E","R","$","T","E","$","R","E","?","R","B",null,"M","M","?","M","$","E","R","M","T","$","M","E","R","M","R","B",null,"M","$","M","M","M","E","R","M","T","M","R","?","M","E","R","B",null,"R","$","E","B"],"character_chosen":"IRONCLAD","items_purchased":["Trip","Bag of Preparation","Vajra","Swift Strike","Brimstone","Pummel","Immolate","Whirlwind"],"campfire_rested":1,"item_purchase_floors":[8,8,22,22,27,27,36,53],"current_hp_per_floor":[76,81,73,66,62,41,41,41,41,28,28,28,27,9,34,29,71,64,70,70,53,53,75,75,84,84,84,77,71,71,60,60,58,78,85,85,85,83,85,81,81,83,83,85,85,85,85,85,85,68,81,81,81,83,0],"gold":44,"neow_bonus":"THREE_SMALL_POTIONS","is_prod":false,"is_daily":false,"chose_seed":false,"campfire_upgraded":8,"win_rate":0,"timestamp":1566830305,"path_taken":["M","M","?","?","M","E","R","$","T","E","?","R","E","?","R","BOSS","M","M","?","M","$","E","R","M","T","$","M","E","R","M","R","BOSS","M","?","M","M","M","E","R","M","T","M","R","?","?","E","R","BOSS","R","$","E","BOSS"],"build_version":"2019-07-17","purchased_purges":2,"victory":false,"max_hp_per_floor":[85,85,85,85,85,85,85,85,85,85,85,85,85,85,85,85,85,85,85,85,85,85,85,85,85,85,85,85,85,85,85,85,85,85,85,85,85,85,85,85,85,85,85,85,85,85,85,85,85,85,85,85,85,85,85],"card_choices":[{"not_picked":["Anger","Entrench"],"picked":"Hemokinesis","floor":1},{"not_picked":["Carnage","Combust"],"picked":"Clothesline","floor":2},{"not_picked":["Reckless Charge","Intimidate"],"picked":"Double Tap","floor":4},{"not_picked":["Perfected Strike","Sword Boomerang"],"picked":"Ghostly Armor","floor":5},{"not_picked":["Bloodletting","Sentinel"],"picked":"Twin Strike","floor":6},{"not_picked":["Infernal Blade","Perfected Strike"],"picked":"Battle Trance","floor":10},{"not_picked":["Iron Wave","Body Slam"],"picked":"Disarm","floor":13},{"not_picked":["Juggernaut","Double Tap"],"picked":"Reaper","floor":16},{"not_picked":["Fire Breathing+1"],"picked":"SKIP","floor":18},{"not_picked":["Twin Strike"],"picked":"SKIP","floor":19},{"not_picked":[],"picked":"Shrug It Off","floor":21},{"not_picked":[],"picked":"Juggernaut","floor":23},{"not_picked":["Sentinel"],"picked":"SKIP","floor":25},{"not_picked":["Flex"],"picked":"SKIP","floor":28},{"not_picked":["Twin Strike"],"picked":"SKIP","floor":29},{"not_picked":[],"picked":"Flame Barrier","floor":31},{"not_picked":[],"picked":"Offering","floor":33},{"not_picked":["Twin Strike"],"picked":"SKIP","floor":35},{"not_picked":["Second Wind"],"picked":"SKIP","floor":37},{"not_picked":[],"picked":"Armaments+1","floor":38},{"not_picked":["Clash"],"picked":"SKIP","floor":39},{"not_picked":["Twin Strike"],"picked":"SKIP","floor":40},{"not_picked":["Havoc"],"picked":"SKIP","floor":42},{"not_picked":["Blood for Blood+1"],"picked":"SKIP","floor":44},{"not_picked":["Blood for Blood+1"],"picked":"SKIP","floor":44},{"not_picked":["Rage"],"picked":"SKIP","floor":47},{"not_picked":[],"picked":"Heavy Blade","floor":48},{"not_picked":["Warcry+1"],"picked":"SKIP","floor":54}],"player_experience":1867108,"relics_obtained":[{"floor":6,"key":"Champion Belt"},{"floor":9,"key":"Mercury Hourglass"},{"floor":10,"key":"Shuriken"},{"floor":13,"key":"Unceasing Top"},{"floor":23,"key":"Mummified Hand"},{"floor":26,"key":"Self Forming Clay"},{"floor":29,"key":"Art of War"},{"floor":40,"key":"PreservedInsect"},{"floor":48,"key":"Nunchaku"},{"floor":54,"key":"Boot"}],"event_choices":[{"damage_healed":0,"gold_gain":75,"player_choice":"Touch","damage_taken":8,"max_hp_gain":0,"max_hp_loss":0,"event_name":"FaceTrader","floor":3,"gold_loss":0},{"damage_healed":0,"gold_gain":0,"player_choice":"Success","damage_taken":18,"relics_obtained":["Old Coin"],"max_hp_gain":0,"max_hp_loss":0,"event_name":"Scrap Ooze","floor":14,"gold_loss":0},{"damage_healed":0,"gold_gain":0,"player_choice":"Traded Relic","damage_taken":0,"relics_obtained":["Nloth\u0027s Gift"],"max_hp_gain":0,"max_hp_loss":0,"event_name":"N\u0027loth","floor":20,"relics_lost":["Old Coin"],"gold_loss":0},{"damage_healed":0,"gold_gain":0,"player_choice":"Got Potions","damage_taken":0,"max_hp_gain":0,"max_hp_loss":0,"event_name":"Lab","floor":46,"gold_loss":0}],"is_beta":false,"boss_relics":[{"not_picked":["Fusion Hammer","Tiny House"],"picked":"Busted Crown"},{"not_picked":["Runic Pyramid","White Beast Statue"],"picked":"Snecko Eye"}],"items_purged_floors":[22,53],"is_endless":false,"potions_floor_spawned":[1,2,4,10,13,19,28,31,33,39,40,42,47,48,54],"killed_by":"The Heart","ascension_level":8}