{"gold_per_floor":[119,194,194,119,134,165,180,180,258,288,288,307,333,233,233,233],"floor_reached":16,"playtime":546,"items_purged":["Regret","Dark Embrace+1"],"score":118,"play_id":"48bdf7f2-c582-4e4c-9020-8eedf4afe234","local_time":"20180721113143","is_ascension_mode":false,"campfire_choices":[{"data":"Dark Embrace","floor":8,"key":"SMITH"},{"data":"Uppercut","floor":11,"key":"SMITH"},{"floor":15,"key":"REST"}],"neow_cost":"NONE","seed_source_timestamp":593421014577152,"circlet_count":0,"master_deck":["Strike_R","Strike_R","Strike_R","Strike_R","Strike_R","Defend_R","Defend_R+1","Defend_R","Defend_R+1","Bash","Uppercut+1","Inflame","Perfected Strike","Wild Strike","Cleave","Demon Form"],"relics":["Burning Blood","Anchor","Dream Catcher","Tiny Chest","War Paint","Letter Opener"],"potions_floor_usage":[7,16],"damage_taken":[{"damage":7,"enemies":"Cultist","floor":1,"turns":5},{"damage":0,"enemies":"Small Slimes","floor":5,"turns":3},{"damage":38,"enemies":"3 Sentries","floor":6,"turns":10},{"damage":1,"enemies":"2 Louse","floor":7,"turns":3},{"damage":28,"enemies":"Gremlin Nob","floor":10,"turns":4},{"damage":0,"enemies":"2 Fungi Beasts","floor":12,"turns":2},{"damage":10,"enemies":"Lagavulin","floor":13,"turns":5},{"damage":52,"enemies":"Hexaghost","floor":16,"turns":9}],"seed_played":"7533592839492601334","potions_obtained":[{"floor":1,"key":"Ancient Potion"},{"floor":6,"key":"PowerPotion"},{"floor":10,"key":"SneckoOil"}],"is_trial":false,"path_per_floor":["M","?","?","$","M","E","M","R","T","E","R","M","E","$","R"],"character_chosen":"IRONCLAD","items_purchased":[],"campfire_rested":1,"item_purchase_floors":[],"current_hp_per_floor":[79,68,68,68,74,42,47,47,47,25,25,31,27,27,51,0],"gold":233,"neow_bonus":"ONE_RANDOM_RARE_CARD","is_prod":false,"is_daily":false,"chose_seed":false,"campfire_upgraded":2,"win_rate":0.0,"timestamp":1532161903,"path_taken":["M","?","?","?","M","E","?","R","T","E","R","M","E","$","R","BOSS"],"build_version":"2018-07-19v2","purchased_purges":2,"victory":false,"max_hp_per_floor":[80,80,80,80,80,80,80,80,80,80,80,80,80,80,80,80],"card_choices":[{"not_picked":["Body Slam","Anger"],"picked":"Uppercut","floor":1},{"not_picked":["Bloodletting","Dropkick"],"picked":"Inflame","floor":5},{"not_picked":["Wild Strike","Seeing Red"],"picked":"Perfected Strike","floor":6},{"not_picked":["Clothesline","Body Slam"],"picked":"Wild Strike","floor":7},{"not_picked":["Pommel Strike","Feel No Pain"],"picked":"Cleave","floor":10},{"not_picked":["Pommel Strike","Hemokinesis","Clothesline"],"picked":"SKIP","floor":12},{"not_picked":["Iron Wave","Twin Strike"],"picked":"Demon Form","floor":13}],"player_experience":128822,"relics_obtained":[{"floor":6,"key":"Dream Catcher"},{"floor":9,"key":"Tiny Chest"},{"floor":10,"key":"War Paint"},{"floor":13,"key":"Letter Opener"}],"event_choices":[{"event_name":"World of Goop","player_choice":"Gather Gold","floor":2,"damage_taken":0},{"event_name":"Big Fish","player_choice":"Box","floor":3,"damage_taken":0}],"is_beta":false,"boss_relics":[],"items_purged_floors":[4,14],"is_endless":false,"potions_floor_spawned":[1,6,10],"killed_by":"Hexaghost","ascension_level":0}