{"gold_per_floor":[115,133,146,47,47,59,98,110,146,158,170,182,229,258,270,282],"floor_reached":16,"playtime":829,"items_purged":["Strike_R"],"score":153,"play_id":"05c4f670-9441-42b9-abd3-db6a0efebc41","local_time":"20190930150404","is_ascension_mode":true,"campfire_choices":[{"data":"Anger","floor":6,"key":"SMITH"},{"data":"Seeing Red","floor":8,"key":"SMITH"},{"data":"Seeing Red","floor":11,"key":"SMITH"},{"data":"True Grit","floor":15,"key":"SMITH"}],"neow_cost":"PERCENT_DAMAGE","seed_source_timestamp":13001214281700,"circlet_count":0,"master_deck":["Strike_R","Strike_R","Defend_R","Defend_R","Defend_R","Bash","Shrug It Off","Headbutt","Seeing Red+1","Anger+1","Seeing Red+1","True Grit+1","Rage"],"relics":["Burning Blood","MawBank","Orichalcum","CultistMask","Gambling Chip"],"potions_floor_usage":[7,7,16],"damage_taken":[{"damage":1,"enemies":"Cultist","floor":1,"turns":3},{"damage":6,"enemies":"Jaw Worm","floor":2,"turns":4},{"damage":7,"enemies":"Small Slimes","floor":3,"turns":3},{"damage":0,"enemies":"Lagavulin","floor":7,"turns":7},{"damage":12,"enemies":"Gremlin Nob","floor":13,"turns":4},{"damage":6,"enemies":"Looter","floor":14,"turns":2},{"damage":50,"enemies":"The Guardian","floor":16,"turns":10}],"seed_played":"314521825410837103","potions_obtained":[{"floor":2,"key":"Block Potion"},{"floor":3,"key":"PowerPotion"},{"floor":13,"key":"SpeedPotion"}],"is_trial":false,"path_per_floor":["M","M","M","$","?","R","E","R","T","?","R","?","E","M","R","B"],"character_chosen":"IRONCLAD","items_purchased":["Anger"],"campfire_rested":0,"item_purchase_floors":[4],"current_hp_per_floor":[61,61,60,60,57,57,63,63,63,56,56,56,50,50,50,0],"gold":282,"neow_bonus":"REMOVE_TWO","is_prod":false,"is_daily":false,"chose_seed":false,"campfire_upgraded":4,"win_rate":0,"timestamp":1569873844,"path_taken":["M","?","M","$","?","R","E","R","T","?","R","?","E","M","R","BOSS"],"build_version":"2019-07-17","purchased_purges":1,"victory":false,"max_hp_per_floor":[80,80,80,80,80,80,80,80,80,80,80,80,80,80,80,80],"card_choices":[{"not_picked":["Sword Boomerang","Fire Breathing"],"picked":"Shrug It Off","floor":1},{"not_picked":["Clothesline","Sentinel"],"picked":"Headbutt","floor":2},{"not_picked":["Sword Boomerang","Fire Breathing"],"picked":"Seeing Red","floor":3},{"not_picked":["Twin Strike","Clash"],"picked":"Seeing Red","floor":7},{"not_picked":["Fiend Fire","Immolate"],"picked":"True Grit","floor":13},{"not_picked":["Blood for Blood","Combust"],"picked":"Rage","floor":14}],"player_experience":231865,"relics_obtained":[{"floor":7,"key":"Orichalcum"},{"floor":13,"key":"Gambling Chip"}],"event_choices":[{"damage_healed":0,"gold_gain":0,"player_choice":"Success","damage_taken":3,"relics_obtained":["MawBank"],"max_hp_gain":0,"max_hp_loss":0,"event_name":"Scrap Ooze","floor":5,"gold_loss":0},{"cards_removed":["Strike_R"],"damage_healed":0,"gold_gain":0,"player_choice":"Card Removal","damage_taken":7,"max_hp_gain":0,"max_hp_loss":0,"event_name":"Golden Wing","floor":10,"gold_loss":0},{"damage_healed":0,"gold_gain":0,"player_choice":"Trade","damage_taken":0,"relics_obtained":["CultistMask"],"max_hp_gain":0,"max_hp_loss":0,"event_name":"FaceTrader","floor":12,"gold_loss":0}],"is_beta":false,"boss_relics":[],"items_purged_floors":[4],"is_endless":false,"potions_floor_spawned":[2,3,13],"killed_by":"The Guardian","ascension_level":3}