{"gold_per_floor":[116,128,144,69,82,82,97,97,97,97,117,192,39,54,54,150,150,60,60,160,160,160,172,187,8,57,57,57,73,90,23,23,118,118,132,481,496,507,76,76,110,110,110,128,128,228,240,90,90,90],"floor_reached":51,"playtime":2145,"items_purged":["Strike_R","Strike_R","Shame","Strike_R"],"score":845,"play_id":"ed40a9e2-e01e-4548-8938-efe5ede3cd9c","local_time":"20190505130211","is_ascension_mode":true,"campfire_choices":[{"data":"Armaments","floor":6,"key":"SMITH"},{"data":"True Grit","floor":8,"key":"SMITH"},{"data":"Barricade","floor":15,"key":"SMITH"},{"data":"Metallicize","floor":27,"key":"SMITH"},{"data":"Metallicize","floor":32,"key":"SMITH"},{"data":"Body Slam","floor":40,"key":"SMITH"},{"data":"Clothesline","floor":42,"key":"SMITH"},{"data":"Impatience","floor":49,"key":"SMITH"}],"neow_cost":"PERCENT_DAMAGE","seed_source_timestamp":936606447568800,"circlet_count":0,"master_deck":["Strike_R","Strike_R","Defend_R","Defend_R","Defend_R","Defend_R","Bash","Bandage Up","Iron Wave","Ghostly Armor","Clothesline+1","Armaments+1","True Grit+1","Barricade+1","Reaper","Body Slam+1","Inflame+1","Metallicize+1","Metallicize+1","Shrug It Off","Impatience+1","Body Slam+1"],"relics":["Burning Blood","PreservedInsect","Vajra","Busted Crown","Thread and Needle","Sundial","Bronze Scales","Pen Nib","Omamori","Coffee Dripper","Old Coin","Letter Opener","Pantograph","Meat on the Bone","Incense Burner"],"potions_floor_usage":[7,14,16,16,20,24,30,38,44,50,50],"damage_taken":[{"damage":11,"enemies":"Jaw Worm","floor":1,"turns":4},{"damage":1,"enemies":"Cultist","floor":2,"turns":4},{"damage":7,"enemies":"Small Slimes","floor":3,"turns":6},{"damage":1,"enemies":"Blue Slaver","floor":5,"turns":3},{"damage":2,"enemies":"2 Fungi Beasts","floor":7,"turns":3},{"damage":0,"enemies":"Looter","floor":11,"turns":4},{"damage":3,"enemies":"Large Slime","floor":14,"turns":7},{"damage":72,"enemies":"Slime Boss","floor":16,"turns":27},{"damage":31,"enemies":"2 Thieves","floor":18,"turns":5},{"damage":18,"enemies":"Colosseum Slavers","floor":20,"turns":8},{"damage":18,"enemies":"Colosseum Nobs","floor":20,"turns":7},{"damage":0,"enemies":"Chosen","floor":23,"turns":5},{"damage":23,"enemies":"Shelled Parasite and Fungi","floor":24,"turns":7},{"damage":0,"enemies":"Centurion and Healer","floor":29,"turns":5},{"damage":0,"enemies":"Chosen and Byrds","floor":30,"turns":8},{"damage":4,"enemies":"Champ","floor":33,"turns":14},{"damage":25,"enemies":"3 Darklings","floor":35,"turns":8},{"damage":44,"enemies":"2 Orb Walkers","floor":36,"turns":6},{"damage":0,"enemies":"3 Shapes","floor":37,"turns":3},{"damage":53,"enemies":"Jaw Worm Horde","floor":38,"turns":8},{"damage":10,"enemies":"Nemesis","floor":41,"turns":7},{"damage":5,"enemies":"Spire Growth","floor":44,"turns":5},{"damage":14,"enemies":"Mind Bloom Boss Battle","floor":46,"turns":8},{"damage":10,"enemies":"Writhing Mass","floor":47,"turns":6},{"damage":41,"enemies":"Donu and Deca","floor":50,"turns":11}],"seed_played":"-6398253930123666193","potions_obtained":[{"floor":1,"key":"Block Potion"},{"floor":5,"key":"Fire Potion"},{"floor":7,"key":"Weak Potion"},{"floor":11,"key":"SkillPotion"},{"floor":16,"key":"Dexterity Potion"},{"floor":20,"key":"Energy Potion"},{"floor":23,"key":"LiquidBronze"},{"floor":24,"key":"Poison Potion"},{"floor":30,"key":"Strength Potion"},{"floor":37,"key":"Weak Potion"},{"floor":41,"key":"PowerPotion"},{"floor":44,"key":"Poison Potion"},{"floor":46,"key":"SkillPotion"}],"is_trial":false,"path_per_floor":["M","M","M","$","M","R","M","R","T","?","M","?","$","M","R","B",null,"M","?","?","?","T","M","M","$","T","R","?","M","M","$","R","B",null,"M","?","M","M","$","R","E","R","T","M","?","?","M","$","R","B",null],"character_chosen":"IRONCLAD","items_purchased":["Vajra","Metallicize","Metallicize","Letter Opener","Shrug It Off"],"campfire_rested":0,"item_purchase_floors":[13,25,31,39,39],"current_hp_per_floor":[55,64,67,67,76,76,80,80,80,80,80,69,69,78,78,14,80,79,79,72,72,72,80,73,73,73,73,73,80,80,80,80,80,80,77,43,77,45,45,45,45,45,45,52,52,73,73,73,73,51],"gold":90,"neow_bonus":"RANDOM_COLORLESS_2","is_prod":false,"is_daily":false,"chose_seed":false,"campfire_upgraded":8,"win_rate":0,"timestamp":1557050531,"path_taken":["M","M","M","$","M","R","M","R","T","?","?","?","$","M","R","BOSS","M","?","?","?","?","M","M","?","T","R","?","M","M","$","R","BOSS","M","?","M","M","$","R","E","R","T","M","?","?","M","$","R","BOSS"],"build_version":"2019-01-23","purchased_purges":4,"victory":true,"max_hp_per_floor":[80,80,80,80,80,80,80,80,80,80,80,80,80,80,80,80,80,80,80,80,80,80,80,80,80,80,80,80,80,80,80,80,80,80,80,80,80,80,80,80,80,80,80,80,80,80,80,80,80,80],"card_choices":[{"not_picked":["Perfected Strike","Second Wind"],"picked":"Iron Wave","floor":1},{"not_picked":["Flex","Entrench"],"picked":"Ghostly Armor","floor":2},{"not_picked":["Wild Strike","Hemokinesis"],"picked":"Clothesline","floor":3},{"not_picked":["Clash","Whirlwind"],"picked":"Armaments","floor":5},{"not_picked":["Searing Blow","Flex"],"picked":"True Grit","floor":7},{"not_picked":["Pommel Strike","Clothesline"],"picked":"Barricade","floor":11},{"not_picked":["Iron Wave","Pummel","Clash"],"picked":"SKIP","floor":14},{"not_picked":["Limit Break","Exhume"],"picked":"Reaper","floor":16},{"not_picked":["Pummel+1"],"picked":"SKIP","floor":18},{"not_picked":[],"picked":"Inflame+1","floor":23},{"not_picked":["Sword Boomerang+1"],"picked":"SKIP","floor":24},{"not_picked":["Perfected Strike"],"picked":"SKIP","floor":29},{"not_picked":["Inflame+1"],"picked":"SKIP","floor":30},{"not_picked":["Inflame+1"],"picked":"SKIP","floor":30},{"not_picked":["Burning Pact+1"],"picked":"SKIP","floor":35},{"not_picked":["Dropkick+1"],"picked":"SKIP","floor":37},{"not_picked":["Sword Boomerang+1"],"picked":"SKIP","floor":38},{"not_picked":["Sword Boomerang+1"],"picked":"SKIP","floor":41},{"not_picked":["Carnage+1"],"picked":"SKIP","floor":44},{"not_picked":[],"picked":"Impatience","floor":45},{"not_picked":[],"picked":"Body Slam+1","floor":47}],"player_experience":351477,"relics_obtained":[{"floor":9,"key":"PreservedInsect"},{"floor":20,"key":"Thread and Needle"},{"floor":20,"key":"Sundial"},{"floor":22,"key":"Bronze Scales"},{"floor":26,"key":"Pen Nib"},{"floor":36,"key":"Old Coin"},{"floor":41,"key":"Pantograph"},{"floor":43,"key":"Meat on the Bone"},{"floor":46,"key":"Incense Burner"}],"event_choices":[{"cards_removed":["Jack Of All Trades"],"damage_healed":0,"gold_gain":0,"player_choice":"Offered Uncommon","damage_taken":0,"max_hp_gain":0,"max_hp_loss":0,"event_name":"Bonfire Elementals","floor":10,"gold_loss":0},{"damage_healed":0,"gold_gain":75,"player_choice":"Gather Gold","damage_taken":11,"max_hp_gain":0,"max_hp_loss":0,"event_name":"World of Goop","floor":12,"gold_loss":0},{"damage_healed":0,"gold_gain":0,"player_choice":"Read","damage_taken":0,"max_hp_gain":0,"max_hp_loss":0,"event_name":"The Library","floor":19,"gold_loss":0,"cards_obtained":["Body Slam"]},{"damage_healed":0,"gold_gain":0,"player_choice":"Fight","damage_taken":0,"max_hp_gain":0,"max_hp_loss":0,"event_name":"Colosseum","floor":20,"gold_loss":0},{"damage_healed":0,"gold_gain":0,"player_choice":"Fought Nobs","damage_taken":0,"max_hp_gain":0,"max_hp_loss":0,"event_name":"Colosseum","floor":20,"gold_loss":0},{"damage_healed":0,"gold_gain":0,"player_choice":"Ignored","damage_taken":0,"max_hp_gain":0,"max_hp_loss":0,"event_name":"Vampires","floor":21,"gold_loss":0},{"damage_healed":0,"gold_gain":0,"player_choice":"Stole Relic","damage_taken":0,"relics_obtained":["Omamori"],"max_hp_gain":0,"max_hp_loss":0,"event_name":"Addict","floor":28,"gold_loss":0,"cards_obtained":["Shame"]},{"damage_healed":0,"gold_gain":0,"player_choice":"Fight","damage_taken":0,"max_hp_gain":0,"max_hp_loss":0,"event_name":"Mysterious Sphere","floor":36,"gold_loss":0},{"damage_healed":0,"gold_gain":0,"player_choice":"Memory 1","damage_taken":0,"max_hp_gain":0,"max_hp_loss":0,"event_name":"SensoryStone","floor":45,"gold_loss":0},{"damage_healed":0,"gold_gain":0,"player_choice":"Fight","damage_taken":0,"max_hp_gain":0,"max_hp_loss":0,"event_name":"MindBloom","floor":46,"gold_loss":0}],"is_beta":false,"boss_relics":[{"not_picked":["Orrery","Runic Dome"],"picked":"Busted Crown"},{"not_picked":["Philosopher\u0027s Stone","Snecko Eye"],"picked":"Coffee Dripper"}],"items_purged_floors":[4,25,39,48],"is_endless":false,"potions_floor_spawned":[1,5,7,11,16,20,23,24,30,37,41,44,46],"ascension_level":4}