{"gold_per_floor":[119,136,155,168,168,168,202,202,226,246,246,246,246,246],"floor_reached":14,"playtime":442,"items_purged":[],"score":90,"play_id":"b71ed569-6a0e-4da3-8264-02a34d5c780a","local_time":"20190924234053","is_ascension_mode":false,"campfire_choices":[{"data":"Immolate","floor":6,"key":"SMITH"},{"data":"Thunderclap","floor":11,"key":"SMITH"}],"neow_cost":"NONE","seed_source_timestamp":6182736511100,"circlet_count":0,"master_deck":["Strike_R","Strike_R","Strike_R","Strike_R","Defend_R","Defend_R","Defend_R","Defend_R","Bash","Second Wind","Body Slam","Immolate+1","Pommel Strike","Spot Weakness","Disarm","Thunderclap+1"],"relics":["Burning Blood","Golden Idol"],"potions_floor_usage":[],"damage_taken":[{"damage":7,"enemies":"Cultist","floor":1,"turns":5},{"damage":2,"enemies":"Small Slimes","floor":2,"turns":4},{"damage":0,"enemies":"2 Louse","floor":3,"turns":1},{"damage":15,"enemies":"Looter","floor":4,"turns":3},{"damage":27,"enemies":"Gremlin Nob","floor":7,"turns":4},{"damage":0,"enemies":"2 Fungi Beasts","floor":10,"turns":1},{"damage":0,"enemies":"3 Louse","floor":14,"turns":1}],"seed_played":"-5219880796327573238","potions_obtained":[{"floor":1,"key":"AttackPotion"},{"floor":3,"key":"GamblersBrew"},{"floor":10,"key":"Poison Potion"}],"is_trial":false,"path_per_floor":["M","M","M","M","?","R","E","?","T","M","R","?","?","M"],"character_chosen":"IRONCLAD","items_purchased":[],"campfire_rested":0,"item_purchase_floors":[],"current_hp_per_floor":[79,80,80,71,51,51,30,35,35,41,41,41,41,41],"gold":246,"neow_bonus":"TRANSFORM_CARD","is_prod":false,"is_daily":false,"chose_seed":false,"campfire_upgraded":2,"win_rate":0,"timestamp":1569361253,"path_taken":["M","M","?","M","?","R","E","?","T","M","R","?","?","M"],"build_version":"2019-07-17","purchased_purges":0,"victory":false,"max_hp_per_floor":[80,80,80,80,80,80,80,85,85,85,85,85,85,85],"card_choices":[{"not_picked":["Sever Soul","Clothesline"],"picked":"Body Slam","floor":1},{"not_picked":["Shrug It Off","Rupture"],"picked":"Immolate","floor":2},{"not_picked":["Heavy Blade","Twin Strike"],"picked":"Pommel Strike","floor":3},{"not_picked":["Cleave","Burning Pact"],"picked":"Spot Weakness","floor":4},{"not_picked":["Anger","Havoc"],"picked":"Disarm","floor":7},{"not_picked":["Pommel Strike","Clash"],"picked":"Thunderclap","floor":10}],"player_experience":164029,"relics_obtained":[],"event_choices":[{"damage_healed":0,"gold_gain":0,"player_choice":"Take Damage","damage_taken":20,"relics_obtained":["Golden Idol"],"max_hp_gain":0,"max_hp_loss":0,"event_name":"Golden Idol","floor":5,"gold_loss":0},{"damage_healed":0,"gold_gain":0,"player_choice":"Donut","damage_taken":0,"max_hp_gain":5,"max_hp_loss":0,"event_name":"Big Fish","floor":8,"gold_loss":0},{"damage_healed":0,"gold_gain":0,"player_choice":"Searched \u00270\u0027 times","damage_taken":0,"max_hp_gain":0,"max_hp_loss":0,"event_name":"Dead Adventurer","floor":12,"gold_loss":0},{"damage_healed":0,"gold_gain":0,"player_choice":"Fled","damage_taken":0,"max_hp_gain":0,"max_hp_loss":0,"event_name":"Scrap Ooze","floor":13,"gold_loss":0}],"is_beta":false,"boss_relics":[],"items_purged_floors":[],"is_endless":false,"potions_floor_spawned":[1,3,10],"killed_by":"3 Louse","ascension_level":0}