{"gold_per_floor":[113,113,40,40,51,51,64,132,155,185,299,331,331,391,391,495,495,510,585,44,44,106,106,118,145,145,145,155,155,220,248,248,353,353,370,72,222,272,283,57,57,82,82,82,93,143,175,32,32,32,32,32,32,59,59],"floor_reached":56,"playtime":3386,"items_purged":["Strike_G","Strike_G","Strike_G"],"score":1893,"play_id":"28da25e0-d379-491a-821c-993d2d6794b2","local_time":"20190616154450","is_ascension_mode":true,"campfire_choices":[{"data":"Dash","floor":6,"key":"SMITH"},{"floor":13,"key":"REST"},{"data":"Skewer","floor":15,"key":"SMITH"},{"data":"Acrobatics","floor":23,"key":"SMITH"},{"floor":27,"key":"REST"},{"floor":29,"key":"REST"},{"floor":32,"key":"REST"},{"floor":41,"key":"REST"},{"floor":44,"key":"REST"},{"floor":49,"key":"RECALL"},{"floor":52,"key":"REST"}],"neow_cost":"NONE","seed_source_timestamp":79044845320520,"circlet_count":0,"master_deck":["AscendersBane","Defend_G","Defend_G","Defend_G","Defend_G","Strike_G","Strike_G","Survivor","Neutralize+1","Cloak And Dagger","Well Laid Plans","Dash+1","Skewer+1","Predator","Acrobatics+1","Tactician","Unload","Envenom","Backflip","PiercingWail","Backstab","Bouncing Flask","Dagger Throw","Tools of the Trade","Acrobatics","Dash","Footwork","Master of Strategy","Blur+1","Terror"],"relics":["Ring of the Snake","SsserpentHead","Vajra","Bronze Scales","Bottled Lightning","Snake Skull","Tiny Chest","Velvet Choker","Red Mask","Singing Bowl","Strawberry","Centennial Puzzle","Ice Cream","Happy Flower","Fusion Hammer","OrangePellets","Calipers","Mummified Hand","Dodecahedron","FossilizedHelix","Bag of Preparation","Oddly Smooth Stone"],"potions_floor_usage":[5,10,19,24,33,37,47,54,54],"damage_taken":[{"damage":1,"enemies":"Small Slimes","floor":1,"turns":5},{"damage":0,"enemies":"Jaw Worm","floor":5,"turns":5},{"damage":0,"enemies":"Cultist","floor":7,"turns":4},{"damage":0,"enemies":"2 Fungi Beasts","floor":8,"turns":4},{"damage":6,"enemies":"Lagavulin","floor":10,"turns":5},{"damage":1,"enemies":"Gremlin Nob","floor":11,"turns":4},{"damage":20,"enemies":"Gremlin Nob","floor":12,"turns":4},{"damage":4,"enemies":"3 Sentries","floor":14,"turns":6},{"damage":21,"enemies":"Slime Boss","floor":16,"turns":10},{"damage":0,"enemies":"Spheric Guardian","floor":18,"turns":3},{"damage":23,"enemies":"Masked Bandits","floor":19,"turns":5},{"damage":0,"enemies":"Shell Parasite","floor":22,"turns":3},{"damage":5,"enemies":"Sentry and Sphere","floor":24,"turns":6},{"damage":35,"enemies":"Slavers","floor":25,"turns":5},{"damage":0,"enemies":"Cultist and Chosen","floor":30,"turns":4},{"damage":15,"enemies":"Book of Stabbing","floor":31,"turns":5},{"damage":18,"enemies":"Collector","floor":33,"turns":8},{"damage":0,"enemies":"Orb Walker","floor":35,"turns":4},{"damage":24,"enemies":"Mind Bloom Boss Battle","floor":37,"turns":5},{"damage":0,"enemies":"3 Shapes","floor":39,"turns":6},{"damage":8,"enemies":"Nemesis","floor":42,"turns":5},{"damage":0,"enemies":"Reptomancer","floor":47,"turns":6},{"damage":34,"enemies":"Awakened One","floor":50,"turns":14},{"damage":0,"enemies":"Shield and Spear","floor":54,"turns":7},{"damage":31,"enemies":"The Heart","floor":55,"turns":9}],"seed_played":"7086127168955846997","potions_obtained":[{"floor":1,"key":"SkillPotion"},{"floor":8,"key":"Poison Potion"},{"floor":16,"key":"Weak Potion"},{"floor":22,"key":"SkillPotion"},{"floor":28,"key":"Dexterity Potion"},{"floor":33,"key":"SkillPotion"},{"floor":37,"key":"AttackPotion"},{"floor":47,"key":"PowerPotion"}],"is_trial":false,"path_per_floor":["M","?","$","?","M","R","M","M","T","E","?","E","R","E","R","B",null,"M","?","$","?","M","R","M","E","T","R","?","R","M","E","R","B",null,"M","$","?","T","M","$","R","E","T","R","$","?","E","$","R","B",null,"R","$","E","B",null],"character_chosen":"THE_SILENT","items_purchased":["Well Laid Plans","Singing Bowl","Strawberry","GhostInAJar","OrangePellets","Acrobatics","Dash","Footwork","Bag of Preparation"],"campfire_rested":7,"item_purchase_floors":[3,20,20,20,36,40,40,45,48],"current_hp_per_floor":[62,55,55,55,55,55,55,55,55,49,48,28,49,45,45,24,59,59,36,43,43,43,43,40,7,7,31,31,55,55,40,64,46,72,74,74,52,52,54,54,80,74,74,89,89,89,89,89,89,55,81,89,89,89,58],"gold":59,"neow_bonus":"UPGRADE_CARD","is_prod":false,"is_daily":false,"chose_seed":false,"campfire_upgraded":3,"win_rate":0,"timestamp":1560696290,"path_taken":["M","?","$","?","M","R","M","?","T","E","?","E","R","E","R","BOSS","M","?","$","?","?","R","M","E","T","R","?","R","?","E","R","BOSS","M","$","?","?","M","$","R","E","T","R","?","?","E","$","R","BOSS","R","$","E","BOSS"],"build_version":"2019-01-23","purchased_purges":3,"victory":true,"max_hp_per_floor":[70,70,70,70,70,70,70,70,70,70,70,70,70,70,70,70,70,70,70,77,77,77,77,79,81,81,81,81,81,81,81,81,81,81,83,83,85,85,87,87,87,89,89,89,89,89,89,89,89,89,89,89,89,89,89],"card_choices":[{"not_picked":["Leg Sweep","Tactician"],"picked":"Cloak And Dagger","floor":1},{"not_picked":["Bane","Dagger Spray"],"picked":"Dash","floor":5},{"not_picked":["Escape Plan","Quick Slash"],"picked":"Skewer","floor":7},{"not_picked":["Bouncing Flask","Outmaneuver"],"picked":"Predator","floor":8},{"not_picked":["Calculated Gamble","Outmaneuver"],"picked":"Acrobatics","floor":10},{"not_picked":["Backflip","Riddle With Holes"],"picked":"Tactician","floor":11},{"not_picked":["All Out Attack","Expertise","Acrobatics"],"picked":"SKIP","floor":12},{"not_picked":["Endless Agony","Quick Slash"],"picked":"Unload","floor":14},{"not_picked":["After Image","Storm of Steel"],"picked":"Envenom","floor":16},{"not_picked":["Quick Slash","Terror"],"picked":"Backflip","floor":18},{"not_picked":["Poisoned Stab","Cloak And Dagger+1"],"picked":"PiercingWail","floor":19},{"not_picked":["Expertise","Sucker Punch"],"picked":"Backstab","floor":22},{"not_picked":["Finisher","Deadly Poison","Calculated Gamble"],"picked":"Singing Bowl","floor":24},{"not_picked":["Sucker Punch","Predator","Masterful Stab"],"picked":"Singing Bowl","floor":25},{"not_picked":["Predator","Crippling Poison"],"picked":"Bouncing Flask","floor":30},{"not_picked":["Blur","A Thousand Cuts"],"picked":"Dagger Throw","floor":31},{"not_picked":["Wraith Form v2","Venomology"],"picked":"Tools of the Trade","floor":33},{"not_picked":["Flying Knee","Predator","Finisher+1"],"picked":"Singing Bowl","floor":35},{"not_picked":["Prepared","Cloak And Dagger","Calculated Gamble"],"picked":"Singing Bowl","floor":37},{"not_picked":["Quick Slash","Distraction","Slice"],"picked":"Singing Bowl","floor":39},{"not_picked":["Expertise","Bane","Flying Knee"],"picked":"Singing Bowl","floor":42},{"not_picked":["Secret Technique","Transmutation"],"picked":"Master of Strategy","floor":46},{"not_picked":["Dash","Calculated Gamble"],"picked":"Blur+1","floor":47},{"not_picked":["Setup+1","Cloak And Dagger+1"],"picked":"Terror","floor":54}],"player_experience":1612398,"relics_obtained":[{"floor":9,"key":"Vajra"},{"floor":10,"key":"Bronze Scales"},{"floor":11,"key":"Bottled Lightning"},{"floor":12,"key":"Snake Skull"},{"floor":14,"key":"Tiny Chest"},{"floor":19,"key":"Red Mask"},{"floor":25,"key":"Centennial Puzzle"},{"floor":26,"key":"Ice Cream"},{"floor":31,"key":"Happy Flower"},{"floor":37,"key":"Calipers"},{"floor":42,"key":"Mummified Hand"},{"floor":43,"key":"Dodecahedron"},{"floor":47,"key":"FossilizedHelix"},{"floor":54,"key":"Oddly Smooth Stone"}],"event_choices":[{"cards_removed":["Defend_G"],"damage_healed":0,"gold_gain":0,"player_choice":"Card Removal","damage_taken":7,"max_hp_gain":0,"max_hp_loss":0,"event_name":"Golden Wing","floor":2,"gold_loss":0},{"damage_healed":0,"gold_gain":0,"player_choice":"Trade","damage_taken":0,"relics_obtained":["SsserpentHead"],"max_hp_gain":0,"max_hp_loss":0,"event_name":"FaceTrader","floor":4,"gold_loss":0},{"damage_healed":0,"gold_gain":0,"player_choice":"Searched \u00271\u0027 times","damage_taken":0,"max_hp_gain":0,"max_hp_loss":0,"event_name":"Dead Adventurer","floor":11,"gold_loss":0},{"damage_healed":0,"gold_gain":0,"player_choice":"Fought Bandits","damage_taken":0,"max_hp_gain":0,"max_hp_loss":0,"event_name":"Masked Bandits","floor":19,"gold_loss":0},{"damage_healed":0,"gold_gain":0,"player_choice":"Bet on Murderer","damage_taken":0,"max_hp_gain":0,"max_hp_loss":0,"event_name":"The Joust","floor":21,"gold_loss":50},{"damage_healed":0,"gold_gain":0,"player_choice":"Bought 3 Potions","damage_taken":0,"max_hp_gain":0,"max_hp_loss":0,"event_name":"The Woman in Blue","floor":28,"gold_loss":0},{"damage_healed":0,"gold_gain":0,"player_choice":"Fight","damage_taken":0,"max_hp_gain":0,"max_hp_loss":0,"event_name":"MindBloom","floor":37,"gold_loss":0},{"damage_healed":0,"gold_gain":0,"player_choice":"Memory 1","damage_taken":0,"max_hp_gain":0,"max_hp_loss":0,"event_name":"SensoryStone","floor":46,"gold_loss":0}],"is_beta":false,"boss_relics":[{"not_picked":["White Beast Statue","Calling Bell"],"picked":"Velvet Choker"},{"not_picked":["Ring of the Serpent","Orrery"],"picked":"Fusion Hammer"}],"items_purged_floors":[20,36,40],"is_endless":false,"potions_floor_spawned":[1,8,16,22,31,33,37,47],"ascension_level":12}