{"gold_per_floor":[112,125,31,41,57,57,57,87,87,120,120,120,120,134,134,235,235,245,255,255,274,274,299,299,318,343,355,367],"floor_reached":28,"playtime":1692,"items_purged":[],"score":298,"play_id":"d8edff9c-226d-471e-bf7b-38aabf0c09b6","local_time":"20190920001727","is_ascension_mode":true,"campfire_choices":[{"data":"Noxious Fumes","floor":6,"key":"SMITH"},{"floor":12,"key":"REST"},{"floor":15,"key":"REST"},{"floor":24,"key":"REST"},{"floor":27,"key":"REST"}],"neow_cost":"TEN_PERCENT_HP_LOSS","seed_source_timestamp":278670144679600,"circlet_count":0,"master_deck":["Strike_G","Strike_G","Strike_G","Defend_G","Defend_G","Defend_G","Defend_G","Survivor","Neutralize","Sucker Punch","Dagger Spray","Noxious Fumes+1","Prepared","Deadly Poison","Sucker Punch","Deflect","Venomology","Poisoned Stab","Adrenaline","Heel Hook","Bane","Catalyst","Deflect","Burst"],"relics":["Ring of the Snake","Incense Burner","Bottled Tornado","Philosopher\u0027s Stone","Blood Vial","MawBank"],"potions_floor_usage":[14,16,16,16,18,19,21,21,23,23],"damage_taken":[{"damage":1,"enemies":"Small Slimes","floor":1,"turns":5},{"damage":0,"enemies":"2 Louse","floor":2,"turns":3},{"damage":2,"enemies":"Cultist","floor":4,"turns":4},{"damage":2,"enemies":"3 Louse","floor":5,"turns":2},{"damage":19,"enemies":"Lagavulin","floor":8,"turns":6},{"damage":36,"enemies":"Gremlin Nob","floor":10,"turns":5},{"damage":5,"enemies":"Looter","floor":14,"turns":3},{"damage":18,"enemies":"The Guardian","floor":16,"turns":8},{"damage":6,"enemies":"Shell Parasite","floor":18,"turns":5},{"damage":9,"enemies":"3 Byrds","floor":19,"turns":3},{"damage":20,"enemies":"Snecko","floor":21,"turns":5},{"damage":32,"enemies":"Book of Stabbing","floor":23,"turns":4},{"damage":23,"enemies":"Shelled Parasite and Fungi","floor":25,"turns":5},{"damage":45,"enemies":"Slavers","floor":28,"turns":3}],"seed_played":"6111961307929043946","potions_obtained":[{"floor":1,"key":"Strength Potion"},{"floor":4,"key":"Regen Potion"},{"floor":10,"key":"Energy Potion"},{"floor":16,"key":"LiquidBronze"},{"floor":19,"key":"LiquidBronze"}],"is_trial":false,"path_per_floor":["M","M","$","M","M","R","?","E","T","E","?","R","?","M","R","B",null,"M","M","?","M","?","E","R","M","T","R","E"],"character_chosen":"THE_SILENT","items_purchased":["Noxious Fumes","Prepared"],"campfire_rested":4,"item_purchase_floors":[3,3],"current_hp_per_floor":[62,62,62,60,58,58,63,44,44,8,1,21,14,18,38,20,68,62,53,53,48,48,16,36,15,15,35,0],"gold":367,"neow_bonus":"REMOVE_TWO","is_prod":false,"is_daily":false,"chose_seed":false,"campfire_upgraded":1,"win_rate":0,"timestamp":1568963847,"path_taken":["M","M","$","M","M","R","?","E","T","E","?","R","?","M","R","BOSS","M","M","?","?","?","E","R","M","T","R","E"],"build_version":"2019-07-17","purchased_purges":0,"victory":false,"max_hp_per_floor":[63,63,63,63,63,63,68,68,68,68,68,68,68,68,68,68,68,68,68,68,68,68,68,68,68,68,68,68],"card_choices":[{"not_picked":["Tactician","Calculated Gamble"],"picked":"Sucker Punch","floor":1},{"not_picked":["Skewer","Deflect"],"picked":"Dagger Spray","floor":2},{"not_picked":["Acrobatics","Expertise"],"picked":"Deadly Poison","floor":4},{"not_picked":["Prepared","Distraction"],"picked":"Sucker Punch","floor":5},{"not_picked":["Dagger Throw","Blur"],"picked":"Deflect","floor":8},{"not_picked":["Deflect","Flying Knee"],"picked":"Venomology","floor":10},{"not_picked":["Backflip","Accuracy"],"picked":"Poisoned Stab","floor":14},{"not_picked":["Glass Knife","Bullet Time"],"picked":"Adrenaline","floor":16},{"not_picked":["Underhanded Strike+1","Dagger Throw+1","Expertise+1"],"picked":"SKIP","floor":18},{"not_picked":["Escape Plan","Deflect"],"picked":"Heel Hook","floor":19},{"not_picked":["Blade Dance","Acrobatics"],"picked":"Bane","floor":21},{"not_picked":["Predator","Bane"],"picked":"Deflect","floor":23},{"not_picked":["Backflip","Slice"],"picked":"Burst","floor":25}],"player_experience":141576,"relics_obtained":[{"floor":8,"key":"Incense Burner"},{"floor":10,"key":"Bottled Tornado"},{"floor":23,"key":"Blood Vial"},{"floor":26,"key":"MawBank"}],"event_choices":[{"damage_healed":0,"gold_gain":0,"player_choice":"Donut","damage_taken":0,"max_hp_gain":5,"max_hp_loss":0,"event_name":"Big Fish","floor":7,"gold_loss":0},{"damage_healed":0,"gold_gain":0,"player_choice":"Fled","damage_taken":7,"max_hp_gain":0,"max_hp_loss":0,"event_name":"Scrap Ooze","floor":11,"gold_loss":0},{"cards_removed":["Strike_G"],"damage_healed":0,"gold_gain":0,"player_choice":"Card Removal","damage_taken":7,"max_hp_gain":0,"max_hp_loss":0,"event_name":"Golden Wing","floor":13,"gold_loss":0},{"damage_healed":0,"gold_gain":0,"player_choice":"Bought 0 Potions","damage_taken":0,"max_hp_gain":0,"max_hp_loss":0,"event_name":"The Woman in Blue","floor":20,"gold_loss":0},{"damage_healed":0,"gold_gain":0,"player_choice":"Read","damage_taken":0,"max_hp_gain":0,"max_hp_loss":0,"event_name":"The Library","floor":22,"gold_loss":0,"cards_obtained":["Catalyst"]}],"is_beta":false,"boss_relics":[{"not_picked":["Coffee Dripper","Runic Pyramid"],"picked":"Philosopher\u0027s Stone"}],"items_purged_floors":[],"is_endless":false,"potions_floor_spawned":[1,4,10,16,19],"killed_by":"Slavers","ascension_level":4}