{"gold_per_floor":[144,53,128,173,24,24,24,24,99,189,189,189,216,40,40,340,340,385,385,295,75,75,120,120,219,219,264,264,14,14,59,59,359,359,404,404,6,306,91,91,91,91,141,186,186],"floor_reached":45,"playtime":6952,"items_purged":["Fission","Forethought"],"score":451,"play_id":"22205453-a77b-4624-984e-3738e583dbf9","local_time":"20190929011005","daily_mods":["Shiny","Flight","Midas"],"is_ascension_mode":false,"campfire_choices":[{"floor":6,"key":"REST"},{"floor":8,"key":"REST"},{"floor":12,"key":"REST"},{"floor":15,"key":"REST"},{"floor":24,"key":"REST"},{"floor":28,"key":"REST"},{"floor":32,"key":"REST"},{"floor":40,"key":"REST"}],"neow_cost":"","seed_source_timestamp":0,"circlet_count":0,"master_deck":["Multi-Cast+1","Hyperbeam+1","Thunder Strike","Biased Cognition+1","Machine Learning","Electrodynamics","Buffer","Rainbow","Seek","Meteor Strike","Echo Form","All For One","Reboot","Amplify","Creative AI","Core Surge","Rebound","Enlightenment","Static Discharge","Capacitor","Glacier","Steam","Apotheosis+1","Buffer","Glacier","Glacier","Fusion","Coolheaded","Steam","Chaos","Darkness","Enlightenment","Sunder","Skim","Leap+1","Double Energy+1","Echo Form","Redo+1","Mind Blast","Panache","Compile Driver+1","Storm","Sunder+1","Stack+1"],"special_seed":18168,"relics":["Cracked Core","Gremlin Horn","Juzu Bracelet","Odd Mushroom","Orrery","DataDisk","Bag of Preparation","Mummified Hand","Inserter","Ancient Tea Set","Mango","Whetstone"],"potions_floor_usage":[],"damage_taken":[{"damage":12,"enemies":"2 Louse","floor":1,"turns":2},{"damage":0,"enemies":"Small Slimes","floor":4,"turns":1},{"damage":21,"enemies":"Gremlin Nob","floor":10,"turns":4},{"damage":12,"enemies":"The Mushroom Lair","floor":13,"turns":3},{"damage":36,"enemies":"The Guardian","floor":16,"turns":8},{"damage":10,"enemies":"Chosen","floor":18,"turns":15},{"damage":21,"enemies":"Shell Parasite","floor":23,"turns":6},{"damage":18,"enemies":"3 Cultists","floor":27,"turns":3},{"damage":0,"enemies":"Centurion and Healer","floor":31,"turns":5},{"damage":33,"enemies":"Collector","floor":33,"turns":6},{"damage":21,"enemies":"3 Darklings","floor":35,"turns":5},{"damage":0,"enemies":"Mind Bloom Boss Battle","floor":38,"turns":7},{"damage":9,"enemies":"3 Shapes","floor":44,"turns":1},{"damage":82,"enemies":"2 Orb Walkers","floor":45,"turns":3}],"seed_played":"8269897958075200893","potions_obtained":[{"floor":4,"key":"Fire Potion"},{"floor":11,"key":"EssenceOfSteel"},{"floor":11,"key":"Explosive Potion"}],"is_trial":false,"path_per_floor":["M","$","?","M","$","R","?","R","T","E","?","R","?","$","R","B",null,"M","?","$","$","?","M","R","?","T","M","R","$","?","M","R","B",null,"M","?","$","?","$","R","?","?","T","M","?"],"character_chosen":"DEFECT","items_purchased":["Enlightenment","Capacitor","Apotheosis","Enlightenment","Sunder","DataDisk","Mummified Hand","Panache","Ancient Tea Set","Forethought","Storm","Sunder"],"campfire_rested":8,"item_purchase_floors":[2,5,14,20,21,21,29,37,37,37,39,39],"current_hp_per_floor":[63,63,52,52,52,74,59,75,75,54,54,75,63,63,75,39,75,65,65,65,65,65,44,66,66,66,48,70,70,70,70,75,42,75,54,54,54,68,68,89,89,89,89,80,0],"gold":186,"neow_bonus":"","is_prod":false,"is_daily":true,"chose_seed":false,"campfire_upgraded":0,"win_rate":0,"timestamp":1569741005,"path_taken":["M","$","?","M","$","R","?","R","T","E","?","R","?","$","R","BOSS","M","?","$","$","?","M","R","?","T","M","R","$","?","M","R","BOSS","M","?","$","?","$","R","?","?","T","M","?"],"build_version":"2019-07-17","purchased_purges":2,"victory":false,"max_hp_per_floor":[75,75,75,75,75,75,75,75,75,75,75,75,75,75,75,75,75,75,75,75,75,75,75,75,75,75,75,75,75,75,75,75,75,75,75,75,75,89,89,89,89,89,89,89,89],"card_choices":[{"not_picked":["Streamline","Doom and Gloom"],"picked":"Rebound","floor":1},{"not_picked":["Ball Lightning","Gash"],"picked":"Static Discharge","floor":4},{"not_picked":["White Noise","Gash"],"picked":"Glacier","floor":10},{"not_picked":["Streamline","Blizzard"],"picked":"Steam","floor":13},{"not_picked":["Hyperbeam","Electrodynamics"],"picked":"Buffer","floor":16},{"not_picked":["Beam Cell","White Noise"],"picked":"Glacier","floor":17},{"not_picked":["Sweeping Beam","Reinforced Body"],"picked":"Glacier","floor":17},{"not_picked":["Cold Snap","Reinforced Body"],"picked":"Fusion","floor":17},{"not_picked":["Chaos","Melter"],"picked":"Coolheaded","floor":17},{"not_picked":["Aggregate","Gash"],"picked":"Steam","floor":17},{"not_picked":["Streamline","All For One"],"picked":"Chaos","floor":18},{"not_picked":["Barrage","Reinforced Body"],"picked":"Leap+1","floor":23},{"not_picked":["Rebound","Stack","Reprogram"],"picked":"SKIP","floor":27},{"not_picked":["Redo","Streamline"],"picked":"Double Energy+1","floor":31},{"not_picked":["Seek","Machine Learning"],"picked":"Echo Form","floor":33},{"not_picked":["Hologram+1","Gash"],"picked":"Redo+1","floor":35},{"not_picked":["Madness","Dramatic Entrance"],"picked":"Mind Blast","floor":36},{"not_picked":["Heatsinks+1","Leap"],"picked":"Compile Driver+1","floor":38},{"not_picked":["Beam Cell+1","Melter+1"],"picked":"Stack+1","floor":44}],"player_experience":330323,"relics_obtained":[{"floor":9,"key":"Gremlin Horn"},{"floor":10,"key":"Juzu Bracelet"},{"floor":13,"key":"Odd Mushroom"},{"floor":26,"key":"Bag of Preparation"},{"floor":38,"key":"Mango"},{"floor":43,"key":"Whetstone"}],"event_choices":[{"damage_healed":0,"gold_gain":75,"player_choice":"Gather Gold","damage_taken":11,"max_hp_gain":0,"max_hp_loss":0,"event_name":"World of Goop","floor":3,"gold_loss":0},{"damage_healed":0,"gold_gain":0,"player_choice":"Entered Light","damage_taken":15,"max_hp_gain":0,"max_hp_loss":0,"event_name":"Shining Light","floor":7,"gold_loss":0,"cards_upgraded":["Biased Cognition","Multi-Cast"]},{"damage_healed":0,"gold_gain":0,"player_choice":"Got Potions","damage_taken":0,"max_hp_gain":0,"max_hp_loss":0,"event_name":"Lab","floor":11,"gold_loss":0},{"damage_healed":0,"gold_gain":0,"player_choice":"Fought Mushrooms","damage_taken":0,"max_hp_gain":0,"max_hp_loss":0,"event_name":"Mushrooms","floor":13,"gold_loss":0},{"damage_healed":0,"gold_gain":0,"player_choice":"Read","damage_taken":0,"max_hp_gain":0,"max_hp_loss":0,"event_name":"The Library","floor":19,"gold_loss":0,"cards_obtained":["Darkness"]},{"damage_healed":0,"gold_gain":0,"player_choice":"1 cards matched","damage_taken":0,"max_hp_gain":0,"max_hp_loss":0,"event_name":"Match and Keep!","floor":22,"gold_loss":0,"cards_obtained":["Skim"]},{"damage_healed":0,"gold_gain":99,"player_choice":"Stole From Cult","damage_taken":0,"max_hp_gain":0,"max_hp_loss":0,"event_name":"Nest","floor":25,"gold_loss":0},{"damage_healed":0,"gold_gain":0,"player_choice":"Ignored","damage_taken":0,"max_hp_gain":0,"max_hp_loss":0,"event_name":"Ghosts","floor":30,"gold_loss":0},{"damage_healed":0,"gold_gain":0,"player_choice":"Memory 1","damage_taken":0,"max_hp_gain":0,"max_hp_loss":0,"event_name":"SensoryStone","floor":36,"gold_loss":0},{"damage_healed":0,"gold_gain":0,"player_choice":"Fight","damage_taken":0,"max_hp_gain":0,"max_hp_loss":0,"event_name":"MindBloom","floor":38,"gold_loss":0},{"damage_healed":0,"gold_gain":0,"player_choice":"Upgraded","damage_taken":0,"max_hp_gain":0,"max_hp_loss":0,"event_name":"Upgrade Shrine","floor":41,"gold_loss":0,"cards_upgraded":["Apotheosis"]},{"damage_healed":0,"gold_gain":0,"player_choice":"Ignored","damage_taken":0,"max_hp_gain":0,"max_hp_loss":0,"event_name":"SecretPortal","floor":42,"gold_loss":0},{"damage_healed":0,"gold_gain":0,"player_choice":"Fight","damage_taken":0,"max_hp_gain":0,"max_hp_loss":0,"event_name":"Mysterious Sphere","floor":45,"gold_loss":0}],"is_beta":false,"boss_relics":[{"not_picked":["Snecko Eye","FrozenCore"],"picked":"Orrery"},{"not_picked":["Coffee Dripper","Tiny House"],"picked":"Inserter"}],"items_purged_floors":[5,39],"is_endless":false,"potions_floor_spawned":[4,13,16,18,33,38,44],"killed_by":"2 Orb Walkers","ascension_level":0}