{"gold_per_floor":[118,138,213,224,224,252,45,45,91,126,138,138,138,158,158,262,262,262,262,262,262,262],"floor_reached":22,"playtime":1075,"items_purged":[],"score":294,"play_id":"4387bedd-95c2-4a40-ae33-2320da83a39f","local_time":"20191021192609","is_ascension_mode":true,"campfire_choices":[{"floor":8.0,"key":"REST"},{"floor":12.0,"key":"REST"},{"data":"Noxious Fumes","floor":15.0,"key":"SMITH"}],"neow_cost":"NONE","seed_source_timestamp":0,"circlet_count":0,"master_deck":["AscendersBane","Strike_G","Strike_G","Strike_G+1","Defend_G","Defend_G","Defend_G","Defend_G","Defend_G","Survivor","Neutralize","Noxious Fumes+1","Well Laid Plans","Dagger Spray+1","Bouncing Flask","Predator","Burst","Well Laid Plans","Night Terror","PiercingWail","Dodge and Roll","Footwork+1"],"special_seed":0,"relics":["Ring of the Snake","Whetstone","Chemical X","Boot","Ornamental Fan","Ectoplasm"],"potions_floor_usage":[16,21],"damage_taken":[{"damage":0.0,"enemies":"2 Louse","floor":1.0,"turns":6.0},{"damage":0.0,"enemies":"Jaw Worm","floor":2.0,"turns":5.0},{"damage":1.0,"enemies":"Cultist","floor":4.0,"turns":5.0},{"damage":25.0,"enemies":"3 Sentries","floor":6.0,"turns":8.0},{"damage":34.0,"enemies":"Lagavulin","floor":10.0,"turns":8.0},{"damage":0.0,"enemies":"3 Louse","floor":11.0,"turns":2.0},{"damage":0.0,"enemies":"Lots of Slimes","floor":14.0,"turns":1.0},{"damage":28,"enemies":"The Guardian","floor":16,"turns":9},{"damage":6,"enemies":"Chosen","floor":18,"turns":5},{"damage":15,"enemies":"Shell Parasite","floor":20,"turns":6},{"damage":32,"enemies":"3 Cultists","floor":21,"turns":6},{"damage":9,"enemies":"Snake Plant","floor":22,"turns":3}],"seed_played":"-3682150781877715793","potions_obtained":[{"floor":1.0,"key":"Poison Potion"},{"floor":4.0,"key":"SkillPotion"},{"floor":11.0,"key":"Swift Potion"},{"floor":20,"key":"Explosive Potion"}],"is_trial":false,"path_per_floor":["M","M","?","M","?","E","$","R","T","E","M","R","?","M","R","B",null,"M","?","M","M","M"],"character_chosen":"THE_SILENT","items_purchased":["Chemical X"],"campfire_rested":2,"item_purchase_floors":[7],"current_hp_per_floor":[63,63,52,51,56,31,31,53,53,19,19,41,41,41,41,13,60,54,54,39,7,0],"gold":262,"neow_bonus":"THREE_CARDS","is_prod":false,"is_daily":false,"chose_seed":false,"campfire_upgraded":1,"win_rate":0,"timestamp":1571711169,"path_taken":["M","M","?","M","?","E","?","R","T","E","?","R","?","M","R","BOSS","M","?","?","M","M"],"build_version":"2019-07-17","purchased_purges":0,"victory":false,"max_hp_per_floor":[70,70,70,70,75,75,75,75,75,75,75,75,75,75,75,75,75,75,75,75,75,75],"card_choices":[{"not_picked":["Bane","Catalyst"],"picked":"Noxious Fumes","floor":0.0},{"not_picked":["Eviscerate","Tactician","Slice"],"picked":"SKIP","floor":1.0},{"not_picked":["Sucker Punch","Acrobatics"],"picked":"Well Laid Plans","floor":2.0},{"not_picked":["Flying Knee","Masterful Stab"],"picked":"Dagger Spray","floor":4.0},{"not_picked":["Eviscerate","Blade Dance","Accuracy"],"picked":"SKIP","floor":6.0},{"not_picked":["Backflip","Dodge and Roll"],"picked":"Bouncing Flask","floor":10.0},{"not_picked":["Infinite Blades","Slice"],"picked":"Predator","floor":11.0},{"not_picked":["Outmaneuver","Acrobatics"],"picked":"Well Laid Plans","floor":14.0},{"not_picked":["Tools of the Trade","Venomology"],"picked":"Night Terror","floor":16},{"not_picked":["Sucker Punch","Poisoned Stab"],"picked":"PiercingWail","floor":18},{"not_picked":["Dagger Spray","Bane"],"picked":"Dodge and Roll","floor":20},{"not_picked":["Acrobatics","Prepared"],"picked":"Footwork+1","floor":21}],"player_experience":415352,"relics_obtained":[{"floor":6.0,"key":"Whetstone"},{"floor":9.0,"key":"Boot"},{"floor":10.0,"key":"Ornamental Fan"}],"event_choices":[{"damage_healed":0.0,"max_hp_gain":0.0,"max_hp_loss":0.0,"gold_gain":75.0,"event_name":"World of Goop","player_choice":"Gather Gold","floor":3.0,"gold_loss":0.0,"damage_taken":11.0},{"damage_healed":0.0,"max_hp_gain":5.0,"max_hp_loss":0.0,"gold_gain":0.0,"event_name":"Big Fish","player_choice":"Donut","floor":5.0,"gold_loss":0.0,"damage_taken":0.0},{"damage_healed":0.0,"max_hp_gain":0.0,"max_hp_loss":0.0,"gold_gain":0.0,"cards_transformed":["Strike_G"],"event_name":"Living Wall","player_choice":"Change","floor":13.0,"gold_loss":0.0,"damage_taken":0.0,"cards_obtained":["Burst"]},{"cards_removed":["Strike_G"],"damage_healed":0,"gold_gain":0,"player_choice":"Purged","damage_taken":0,"max_hp_gain":0,"max_hp_loss":0,"event_name":"Purifier","floor":19,"gold_loss":0}],"is_beta":false,"boss_relics":[{"not_picked":["Pandora\u0027s Box","Lizard Tail"],"picked":"Ectoplasm"}],"items_purged_floors":[],"is_endless":false,"potions_floor_spawned":[1,4,11,20],"killed_by":"Snake Plant","ascension_level":10}