{"gold_per_floor":[117,192,20,20,37,37,55,72,72,72,103,116,116,151,151,246,246,262,24,40,40,400,400,427,441,441,441,505,518,518,532,532,628,628,648,668,208,228,228,228,228,242,242,259,270,20,52,52,52,52],"floor_reached":51,"playtime":2247,"items_purged":["Injury"],"score":997,"play_id":"69ad949c-3065-4a4e-9801-40b52563096c","local_time":"20190728172754","is_ascension_mode":true,"campfire_choices":[{"data":"Zap","floor":6,"key":"SMITH"},{"data":"Go for the Eyes","floor":10,"key":"SMITH"},{"data":"Coolheaded","floor":13,"key":"SMITH"},{"data":"Doom and Gloom","floor":15,"key":"SMITH"},{"floor":23,"key":"REST"},{"data":"Coolheaded","floor":27,"key":"SMITH"},{"data":"Creative AI","floor":32,"key":"SMITH"},{"data":"Defragment","floor":40,"key":"SMITH"},{"floor":49,"key":"REST"}],"neow_cost":"NONE","seed_source_timestamp":82566514813511,"circlet_count":0,"master_deck":["Strike_B+1","Strike_B+1","Defend_B+1","Defend_B+1","Defend_B+1","Defend_B+1","Zap+1","Dualcast+1","Rebound+1","Go for the Eyes+1","Ball Lightning+1","Glacier+1","Compile Driver+1","Coolheaded+1","Doom and Gloom+1","Creative AI+1","Coolheaded+1","Go for the Eyes+1","Beam Cell+1","Skim+1","Consume+1","Electrodynamics+1","Turbo+1","Skim+1","BootSequence+1","Storm+1","Compile Driver+1","Defragment+1","Clumsy","Sweeping Beam+1"],"relics":["Cracked Core","PreservedInsect","Ornamental Fan","FossilizedHelix","Cursed Key","Medical Kit","Gambling Chip","Meat on the Bone","Tiny Chest","Orrery","Omamori","Bronze Scales","WarpedTongs","Sundial","Kunai","Mango","Mark of the Bloom"],"potions_floor_usage":[14,16,24,35,50,50],"damage_taken":[{"damage":0,"enemies":"Cultist","floor":1,"turns":3},{"damage":0,"enemies":"Small Slimes","floor":5,"turns":3},{"damage":6,"enemies":"2 Louse","floor":7,"turns":2},{"damage":0,"enemies":"2 Fungi Beasts","floor":8,"turns":3},{"damage":5,"enemies":"Gremlin Nob","floor":11,"turns":3},{"damage":2,"enemies":"Red Slaver","floor":12,"turns":3},{"damage":0,"enemies":"3 Sentries","floor":14,"turns":4},{"damage":0,"enemies":"Slime Boss","floor":16,"turns":7},{"damage":0,"enemies":"Spheric Guardian","floor":18,"turns":3},{"damage":0,"enemies":"Shell Parasite","floor":20,"turns":6},{"damage":0,"enemies":"Gremlin Leader","floor":24,"turns":5},{"damage":3,"enemies":"Centurion and Healer","floor":25,"turns":7},{"damage":20,"enemies":"Slavers","floor":28,"turns":4},{"damage":7,"enemies":"Chosen and Byrds","floor":29,"turns":6},{"damage":0,"enemies":"Snake Plant","floor":31,"turns":3},{"damage":14,"enemies":"Champ","floor":33,"turns":8},{"damage":0,"enemies":"3 Shapes","floor":35,"turns":3},{"damage":17,"enemies":"3 Darklings","floor":36,"turns":3},{"damage":0,"enemies":"Sphere and 2 Shapes","floor":38,"turns":5},{"damage":0,"enemies":"Transient","floor":42,"turns":5},{"damage":22,"enemies":"Jaw Worm Horde","floor":44,"turns":3},{"damage":0,"enemies":"3 Darklings","floor":45,"turns":3},{"damage":0,"enemies":"Nemesis","floor":47,"turns":7},{"damage":13,"enemies":"Donu and Deca","floor":50,"turns":6}],"seed_played":"-4206759511477003508","potions_obtained":[{"floor":1,"key":"LiquidBronze"},{"floor":8,"key":"AttackPotion"},{"floor":11,"key":"FocusPotion"},{"floor":16,"key":"SkillPotion"},{"floor":18,"key":"SpeedPotion"},{"floor":20,"key":"Dexterity Potion"},{"floor":25,"key":"Block Potion"},{"floor":35,"key":"SpeedPotion"},{"floor":38,"key":"Energy Potion"}],"is_trial":false,"path_per_floor":["M","?","$","?","M","R","M","M","T","R","E","M","R","E","R","B",null,"M","$","M","?","?","R","E","M","T","R","E","M","?","M","R","B",null,"M","M","$","M","?","R","?","M","T","M","M","$","E","?","R","B",null],"character_chosen":"DEFECT","items_purchased":["PreservedInsect","Go for the Eyes","Medical Kit","SteroidPotion","Omamori","Bronze Scales","Defragment","Kunai"],"campfire_rested":2,"item_purchase_floors":[3,3,19,19,37,37,37,46],"current_hp_per_floor":[75,64,64,64,64,64,58,58,58,58,53,51,51,51,51,51,75,75,75,75,75,40,62,62,59,59,59,39,44,44,44,44,42,75,75,58,58,58,75,75,75,75,75,53,53,53,67,67,67,54],"gold":52,"neow_bonus":"REMOVE_CARD","is_prod":false,"is_daily":false,"chose_seed":false,"campfire_upgraded":7,"win_rate":0,"timestamp":1564331274,"path_taken":["M","?","$","?","?","R","M","M","T","R","E","M","R","E","R","BOSS","M","$","M","?","?","R","E","?","T","R","E","M","?","M","R","BOSS","M","M","$","M","?","R","?","M","T","?","M","$","E","?","R","BOSS"],"build_version":"2019-07-17","purchased_purges":1,"victory":true,"max_hp_per_floor":[75,75,75,75,75,75,75,75,75,75,75,75,75,75,75,75,75,75,75,75,75,75,75,75,75,75,75,75,75,75,75,75,75,75,75,75,75,75,75,75,75,75,75,75,75,75,89,89,89,89],"card_choices":[{"not_picked":["Hello World","Fusion"],"picked":"Rebound","floor":1},{"not_picked":["Gash","Loop"],"picked":"Ball Lightning","floor":5},{"not_picked":["Hologram","Lockon"],"picked":"Glacier","floor":7},{"not_picked":["Beam Cell","Streamline"],"picked":"Compile Driver","floor":8},{"not_picked":["Steam","Static Discharge"],"picked":"Coolheaded","floor":11},{"not_picked":["Cold Snap","Streamline","Sunder"],"picked":"SKIP","floor":12},{"not_picked":["White Noise","Glacier"],"picked":"Doom and Gloom","floor":14},{"not_picked":["Meteor Strike","Hyperbeam"],"picked":"Creative AI","floor":16},{"not_picked":["Beam Cell","Stack+1"],"picked":"Coolheaded","floor":18},{"not_picked":["Turbo","Loop"],"picked":"Go for the Eyes+1","floor":20},{"not_picked":["Steam","Ball Lightning+1"],"picked":"Beam Cell+1","floor":24},{"not_picked":["Leap","Conserve Battery","Redo"],"picked":"SKIP","floor":25},{"not_picked":["Go for the Eyes","Thunder Strike"],"picked":"Skim","floor":28},{"not_picked":["Conserve Battery","Redo+1"],"picked":"Consume+1","floor":29},{"not_picked":["Genetic Algorithm","Lockon","Streamline"],"picked":"SKIP","floor":31},{"not_picked":["Core Surge","Biased Cognition"],"picked":"Electrodynamics","floor":33},{"not_picked":["Scrape+1","Gash"],"picked":"Turbo+1","floor":34},{"not_picked":["Beam Cell","Redo"],"picked":"Skim+1","floor":34},{"not_picked":["Rip and Tear+1","Beam Cell+1"],"picked":"BootSequence","floor":34},{"not_picked":["Reprogram","Rebound+1"],"picked":"Storm","floor":35},{"not_picked":["Gash+1","Consume"],"picked":"Compile Driver","floor":36},{"not_picked":["Rebound+1","Reboot","Static Discharge"],"picked":"SKIP","floor":38},{"not_picked":["Barrage+1","Beam Cell","Steam+1"],"picked":"SKIP","floor":42},{"not_picked":["Static Discharge+1","Barrage+1"],"picked":"Sweeping Beam+1","floor":44},{"not_picked":["Streamline+1","Blizzard+1","Scrape+1"],"picked":"SKIP","floor":45},{"not_picked":["Hologram","Cold Snap","Barrage+1"],"picked":"SKIP","floor":47}],"player_experience":1767415,"relics_obtained":[{"floor":11,"key":"Ornamental Fan"},{"floor":14,"key":"FossilizedHelix"},{"floor":24,"key":"Gambling Chip"},{"floor":26,"key":"Meat on the Bone"},{"floor":28,"key":"Tiny Chest"},{"floor":43,"key":"Sundial"},{"floor":47,"key":"Mango"}],"event_choices":[{"damage_healed":0,"gold_gain":75,"player_choice":"Gather Gold","damage_taken":11,"max_hp_gain":0,"max_hp_loss":0,"event_name":"World of Goop","floor":2,"gold_loss":0},{"cards_removed":["Strike_B"],"damage_healed":0,"gold_gain":0,"player_choice":"Offered Basic","damage_taken":0,"max_hp_gain":0,"max_hp_loss":0,"event_name":"Bonfire Elementals","floor":4,"gold_loss":0},{"damage_healed":0,"gold_gain":0,"player_choice":"Ignored","damage_taken":0,"max_hp_gain":0,"max_hp_loss":0,"event_name":"Ghosts","floor":21,"gold_loss":0},{"damage_healed":0,"gold_gain":360,"player_choice":"GOLD GOLD GOLD GOLD ","damage_taken":35,"max_hp_gain":0,"max_hp_loss":0,"event_name":"Knowing Skull","floor":22,"potions_obtained":[],"gold_loss":0,"cards_obtained":[]},{"damage_healed":0,"gold_gain":0,"player_choice":"Ignored","damage_taken":0,"max_hp_gain":0,"max_hp_loss":0,"event_name":"Vampires","floor":30,"gold_loss":0},{"damage_healed":19,"gold_gain":0,"player_choice":"Writhe","damage_taken":0,"max_hp_gain":0,"max_hp_loss":0,"event_name":"Winding Halls","floor":39,"gold_loss":0,"cards_obtained":["Writhe"]},{"damage_healed":0,"gold_gain":0,"player_choice":"Rummage","damage_taken":0,"relics_obtained":["WarpedTongs"],"max_hp_gain":0,"max_hp_loss":0,"event_name":"Accursed Blacksmith","floor":41,"gold_loss":0,"cards_obtained":["Pain"]},{"damage_healed":0,"gold_gain":0,"player_choice":"Upgrade","damage_taken":0,"relics_obtained":["Mark of the Bloom"],"max_hp_gain":0,"max_hp_loss":0,"event_name":"MindBloom","floor":48,"gold_loss":0,"cards_upgraded":["Strike_B","Strike_B","Defend_B","Defend_B","Defend_B","Defend_B","Dualcast","Rebound","Ball Lightning","Glacier","Compile Driver","Skim","Electrodynamics","BootSequence","Storm","Compile Driver"]}],"is_beta":false,"boss_relics":[{"not_picked":["Ectoplasm","Runic Pyramid"],"picked":"Cursed Key"},{"not_picked":["Runic Dome","Lizard Tail"],"picked":"Orrery"}],"items_purged_floors":[37],"is_endless":false,"potions_floor_spawned":[1,8,11,16,18,20,25,28,35,38,44,47],"ascension_level":3}