{"gold_per_floor":[360,371,118,193,207,207,242,242,242,3,15,44,55,72,72,167,167,187,206,219,31,31,56,56,83,131,131,131,31,65,80,80,180,180,198,252,283,307,76,76,131,143,166,183,183,197,197,107,107,107],"floor_reached":51,"playtime":2878,"items_purged":["Strike_R","Strike_R"],"score":842,"play_id":"1efbb490-cd73-4374-9921-3d821bafa556","local_time":"20190516165512","is_ascension_mode":false,"campfire_choices":[{"data":"Bash","floor":6,"key":"SMITH"},{"data":"Flex","floor":8,"key":"SMITH"},{"data":"Disarm","floor":15,"key":"SMITH"},{"floor":24,"key":"REST"},{"data":"Burning Pact","floor":27,"key":"SMITH"},{"data":"Cleave","floor":32,"key":"SMITH"},{"data":"Demon Form","floor":40,"key":"SMITH"},{"floor":45,"key":"REST"},{"floor":47,"key":"REST"},{"data":"Limit Break","floor":49,"key":"SMITH"}],"neow_cost":"PERCENT_DAMAGE","seed_source_timestamp":102665147683825,"circlet_count":0,"master_deck":["Defend_R","Defend_R","Bash+1","Twin Strike","Clothesline","Disarm+1","Flex+1","Heavy Blade","Metallicize+1","Flame Barrier+1","Impervious","Burning Pact+1","Armaments+1","Metallicize+1","Cleave+1","Demon Form+1","Languid","Regret","Pommel Strike","Replay:Undeath\u0027s Touch+1","Shrug It Off+1","Rupture","Pommel Strike+1","Disarm+1","Sword Boomerang+1","Limit Break+1","Shrug It Off+1","Massacre+1","Replay:Undeath\u0027s Touch+1"],"relics":["Burning Blood","Blue Doll","Self Forming Clay","Orichalcum","Replay:Ringing Soul","Replay:Accelerometer","Philosopher\u0027s Stone","Bag of Preparation","Enchiridion","Boot","ReplayTheSpireMod:Spearhead","PreservedInsect","Strawberry","Kintsugi","MawBank","Medical Kit","Prayer Wheel","Dream Catcher"],"potions_floor_usage":[7,16,16,33,33,41,44,44],"damage_taken":[{"damage":0,"enemies":"Small Slimes","floor":1,"turns":3},{"damage":6,"enemies":"Jaw Worm","floor":2,"turns":3},{"damage":0,"enemies":"Cultist","floor":5,"turns":4},{"damage":10,"enemies":"Gremlin Nob","floor":7,"turns":3},{"damage":0,"enemies":"2 Fungi Beasts","floor":11,"turns":3},{"damage":24,"enemies":"3 Sentries","floor":12,"turns":8},{"damage":1,"enemies":"Exordium Thugs","floor":13,"turns":6},{"damage":0,"enemies":"Red Slaver","floor":14,"turns":3},{"damage":43,"enemies":"Fading Forest","floor":16,"turns":12},{"damage":21,"enemies":"Spheric Guardian","floor":18,"turns":4},{"damage":3,"enemies":"Chosen","floor":19,"turns":5},{"damage":0,"enemies":"Snake Plant","floor":20,"turns":6},{"damage":47,"enemies":"Gremlin Leader","floor":23,"turns":13},{"damage":9,"enemies":"Replay:Snechameleon","floor":25,"turns":6},{"damage":8,"enemies":"Book of Stabbing","floor":30,"turns":5},{"damage":10,"enemies":"Sentry and Sphere","floor":31,"turns":4},{"damage":62,"enemies":"Automaton","floor":33,"turns":15},{"damage":10,"enemies":"3 Darklings","floor":35,"turns":6},{"damage":22,"enemies":"3 Shapes","floor":37,"turns":7},{"damage":17,"enemies":"Jaw Worm Horde","floor":38,"turns":5},{"damage":67,"enemies":"2 Orb Walkers","floor":41,"turns":9},{"damage":32,"enemies":"Writhing Mass","floor":42,"turns":5},{"damage":6,"enemies":"Transient","floor":44,"turns":5},{"damage":32,"enemies":"Jaw Worm Horde","floor":46,"turns":5},{"damage":8,"enemies":"Time Eater","floor":50,"turns":10}],"seed_played":"-3335461095859071301","potions_obtained":[{"floor":1,"key":"Adrenaline Potion"},{"floor":12,"key":"Poison Potion"},{"floor":14,"key":"Adrenaline Potion"},{"floor":16,"key":"FearPotion"},{"floor":23,"key":"Elixir"},{"floor":31,"key":"Block Potion"},{"floor":33,"key":"EssenceOfSteel"},{"floor":35,"key":"EssenceOfSteel"},{"floor":37,"key":"Weak Potion"},{"floor":46,"key":"SpeedPotion"}],"is_trial":false,"path_per_floor":["M","M","$","?","M","R","E","R","T","$","M","E","M","M","R","B",null,"M","M","M","$","?","E","R","E","T","R","?","$","E","M","R","B",null,"M","T","M","M","$","R","?","M","T","M","R","M","R","?","R","B",null],"character_chosen":"IRONCLAD","items_purchased":["Disarm","Blue Doll","Replay:Ringing Soul","Bag of Preparation","Metallicize+1","Shrug It Off+1","Medical Kit","Rupture"],"campfire_rested":3,"item_purchase_floors":[3,3,10,21,21,39,39,39],"current_hp_per_floor":[62,62,62,51,57,57,53,53,53,53,62,47,55,64,64,40,95,83,86,95,98,82,41,72,69,69,69,69,69,74,73,73,20,120,119,119,106,95,98,98,40,17,17,20,61,38,83,83,83,81],"gold":107,"neow_bonus":"TWO_FIFTY_GOLD","is_prod":false,"is_daily":false,"chose_seed":false,"campfire_upgraded":7,"win_rate":0,"timestamp":1558022112,"path_taken":["M","M","$","?","M","R","E","R","T","$","M","E","M","M","R","BOSS","M","M","M","$","?","E","R","E","T","R","?","$","E","M","R","BOSS","M","?","M","M","$","R","?","?","T","M","R","M","R","?","R","BOSS"],"build_version":"2019-01-23","purchased_purges":2,"victory":true,"max_hp_per_floor":[80,80,80,80,80,80,80,80,80,80,83,86,89,92,92,95,95,98,98,101,104,104,104,104,104,104,104,104,104,111,114,114,117,120,123,123,126,126,129,129,132,135,135,138,138,141,144,144,144,144],"card_choices":[{"not_picked":["Reckless Charge","Replay:Undeath\u0027s Touch"],"picked":"Twin Strike","floor":1},{"not_picked":["Rupture","Flex"],"picked":"Clothesline","floor":2},{"not_picked":["Power Through","Flex","Armaments"],"picked":"SKIP","floor":5},{"not_picked":["Bludgeon","Run Through"],"picked":"Flex","floor":7},{"not_picked":["Body Slam","Wild Strike"],"picked":"Heavy Blade","floor":11},{"not_picked":["Second Wind","Headbutt"],"picked":"Iron Wave","floor":12},{"not_picked":["Rage","Perfected Strike"],"picked":"Metallicize","floor":13},{"not_picked":["Sword Boomerang","Bloodletting"],"picked":"Flame Barrier","floor":14},{"not_picked":["Reaper","Hemogenesis"],"picked":"Impervious","floor":16},{"not_picked":["Headbutt","Second Wind"],"picked":"Burning Pact","floor":18},{"not_picked":["Clash","Sword Boomerang","Replay:Undeath\u0027s Touch"],"picked":"SKIP","floor":19},{"not_picked":["Pummel+1","ReplayTheSpireMod:LeadingStrike+1"],"picked":"Armaments+1","floor":20},{"not_picked":["Body Slam+1","Wild Strike+1","True Grit"],"picked":"SKIP","floor":23},{"not_picked":["Perfected Strike","Flex","Heavy Blade"],"picked":"SKIP","floor":25},{"not_picked":["ReplayTheSpireMod:Stacked","Combust","Seeing Red+1"],"picked":"SKIP","floor":30},{"not_picked":["Replay:Undeath\u0027s Touch","Iron Wave+1"],"picked":"Cleave","floor":31},{"not_picked":["Berserk","Bludgeon"],"picked":"Demon Form","floor":33},{"not_picked":["Life Link+1","ReplayTheSpireMod:Strike From Hell+1"],"picked":"Pommel Strike","floor":35},{"not_picked":["Inflame","Defy Death"],"picked":"Replay:Undeath\u0027s Touch+1","floor":37},{"not_picked":["Clothesline+1","Cleave","Anger"],"picked":"SKIP","floor":38},{"not_picked":["Iron Wave+1","Thunderclap+1"],"picked":"Pommel Strike+1","floor":41},{"not_picked":["Power Through+1","Second Wind+1"],"picked":"Disarm+1","floor":42},{"not_picked":["Run Through+1","Dark Embrace"],"picked":"Sword Boomerang+1","floor":42},{"not_picked":["Run Through+1","Replay:Undeath\u0027s Touch"],"picked":"Limit Break","floor":44},{"not_picked":["Perfected Strike","ReplayTheSpireMod:Strike From Hell+1","Carnage"],"picked":"SKIP","floor":44},{"not_picked":["Clash","Anger"],"picked":"Shrug It Off+1","floor":46},{"not_picked":["Clash+1","Perfected Strike"],"picked":"Massacre+1","floor":46},{"not_picked":["Heavy Blade+1","Wild Strike"],"picked":"Replay:Undeath\u0027s Touch+1","floor":47}],"player_experience":1436036,"relics_obtained":[{"floor":7,"key":"Self Forming Clay"},{"floor":9,"key":"Orichalcum"},{"floor":12,"key":"Replay:Accelerometer"},{"floor":22,"key":"Enchiridion"},{"floor":23,"key":"Boot"},{"floor":25,"key":"ReplayTheSpireMod:Spearhead"},{"floor":26,"key":"PreservedInsect"},{"floor":30,"key":"Strawberry"},{"floor":36,"key":"MawBank"},{"floor":41,"key":"Prayer Wheel"},{"floor":43,"key":"Dream Catcher"}],"event_choices":[{"damage_healed":0,"gold_gain":75,"player_choice":"Gather Gold","damage_taken":11,"max_hp_gain":0,"max_hp_loss":0,"event_name":"World of Goop","floor":4,"gold_loss":0},{"damage_healed":0,"gold_gain":0,"player_choice":"Obtained Book","damage_taken":16,"max_hp_gain":0,"max_hp_loss":0,"event_name":"Cursed Tome","floor":22,"gold_loss":0},{"damage_healed":0,"gold_gain":0,"player_choice":"Upgraded","damage_taken":0,"max_hp_gain":0,"max_hp_loss":0,"event_name":"Upgrade Shrine","floor":28,"gold_loss":0,"cards_upgraded":["Flame Barrier"]},{"damage_healed":0,"gold_gain":0,"player_choice":"Fight","damage_taken":0,"max_hp_gain":0,"max_hp_loss":0,"event_name":"Mysterious Sphere","floor":41,"gold_loss":0},{"cards_removed":["Iron Wave"],"damage_healed":0,"gold_gain":0,"player_choice":"Upgrade and Remove","damage_taken":0,"max_hp_gain":0,"max_hp_loss":0,"event_name":"Designer","floor":48,"gold_loss":90,"cards_upgraded":["Metallicize"]}],"is_beta":false,"boss_relics":[{"not_picked":["Tiny House","Black Star"],"picked":"Philosopher\u0027s Stone"},{"not_picked":["Coffee Dripper","Replay:Grab Bag"],"picked":"Kintsugi"}],"items_purged_floors":[3,29],"is_endless":false,"potions_floor_spawned":[1,12,14,16,23,31,33,35,37,46],"ascension_level":0}