{"gold_per_floor":[110,110,110,110,10,10,26,36,62,62,90,102,116,145,145,250,250,260,260,34,34,44,44,73,73,126,126,155,155,37,50,50,150,150],"floor_reached":34,"playtime":948,"items_purged":["Pain"],"score":421,"play_id":"383934fb-5475-45fa-8f52-d894364f2b69","local_time":"20190526230000","is_ascension_mode":false,"campfire_choices":[{"data":"Zap","floor":6.0,"key":"SMITH"},{"data":"Consume","floor":15.0,"key":"SMITH"},{"floor":23.0,"key":"REST"},{"floor":25.0,"key":"RECALL"},{"floor":32.0,"key":"REST"}],"neow_cost":"NONE","seed_source_timestamp":0,"circlet_count":0,"master_deck":["Strike_B","Strike_B","Strike_B","Defend_B","Defend_B","Defend_B","Defend_B","Zap+1","Dualcast","Sweeping Beam","Cold Snap","Streamline","Compile Driver","Consume+1","White Noise","Conserve Battery","Electrodynamics","Capacitor","Glacier+1","Necronomicurse","Capacitor"],"special_seed":0,"relics":["Cracked Core","Cables","Bronze Scales","The Courier","StoneCalendar","Fusion Hammer","Pear","Centennial Puzzle","Anchor","Necronomicon","Pen Nib","WarpedTongs"],"potions_floor_usage":[],"damage_taken":[{"damage":5.0,"enemies":"2 Louse","floor":1.0,"turns":2.0},{"damage":0.0,"enemies":"Small Slimes","floor":7.0,"turns":3.0},{"damage":0.0,"enemies":"Jaw Worm","floor":8.0,"turns":3.0},{"damage":8.0,"enemies":"3 Sentries","floor":11.0,"turns":7.0},{"damage":0.0,"enemies":"Blue Slaver","floor":12.0,"turns":2.0},{"damage":0.0,"enemies":"Large Slime","floor":13.0,"turns":3.0},{"damage":21.0,"enemies":"Lagavulin","floor":14.0,"turns":5.0},{"damage":17.0,"enemies":"Hexaghost","floor":16.0,"turns":7.0},{"damage":23.0,"enemies":"2 Thieves","floor":18.0,"turns":3.0},{"damage":10.0,"enemies":"Chosen","floor":22.0,"turns":3.0},{"damage":6.0,"enemies":"Book of Stabbing","floor":24.0,"turns":4.0},{"damage":17.0,"enemies":"Slavers","floor":28.0,"turns":2.0},{"damage":1.0,"enemies":"Shelled Parasite and Fungi","floor":31.0,"turns":4.0},{"damage":25.0,"enemies":"Collector","floor":33.0,"turns":7.0}],"seed_played":"-569276549823205824","potions_obtained":[{"floor":1.0,"key":"FearPotion"},{"floor":8.0,"key":"Swift Potion"},{"floor":13.0,"key":"Explosive Potion"},{"floor":28.0,"key":"EssenceOfSteel"}],"is_trial":false,"path_per_floor":["M","?","?","?","$","R","M","M","T","$","E","M","M","E","R","B",null,"M","?","$","?","M","R","E","R","T","?","E","?","$","M","R","B",null],"character_chosen":"DEFECT","items_purchased":["Cold Snap","Strength Potion","Capacitor","Pear","FocusPotion"],"campfire_rested":2,"item_purchase_floors":[5,5,20,20,30],"current_hp_per_floor":[70,67,67,72,72,72,72,72,72,72,64,64,64,43,43,26,80,57,42,52,83,73,95,89,89,89,73,56,56,56,55,83,58,58],"gold":150,"neow_bonus":"REMOVE_CARD","is_prod":false,"is_daily":false,"chose_seed":false,"campfire_upgraded":2,"win_rate":0,"timestamp":1558908000,"path_taken":["M","?","?","?","$","R","M","M","T","$","E","M","?","E","R","BOSS","M","?","$","?","M","R","E","R","T","?","E","?","$","M","R","BOSS"],"build_version":"2019-01-23","purchased_purges":1,"victory":false,"max_hp_per_floor":[75,75,75,80,80,80,80,80,80,80,80,80,80,80,80,80,80,80,85,95,95,95,95,95,95,95,95,95,95,95,95,95,95,95],"card_choices":[{"not_picked":["Loop","Storm"],"picked":"Sweeping Beam","floor":1.0},{"not_picked":["Beam Cell","Steam"],"picked":"Streamline","floor":7.0},{"not_picked":["Tempest","FTL","Reprogram"],"picked":"SKIP","floor":8.0},{"not_picked":["Sweeping Beam","Turbo"],"picked":"Compile Driver","floor":11.0},{"not_picked":["Redo","Genetic Algorithm"],"picked":"Consume","floor":12.0},{"not_picked":["Reboot","Lockon"],"picked":"White Noise","floor":13.0},{"not_picked":["Leap","Recycle"],"picked":"Conserve Battery","floor":14.0},{"not_picked":["Seek","Buffer"],"picked":"Electrodynamics","floor":16.0},{"not_picked":["Steam","Redo+1","Go for the Eyes"],"picked":"SKIP","floor":18.0},{"not_picked":["Sweeping Beam","Gash","Force Field"],"picked":"SKIP","floor":22.0},{"not_picked":["Compile Driver","Cold Snap+1"],"picked":"Glacier+1","floor":24.0},{"not_picked":["Rebound","Consume+1"],"picked":"Capacitor","floor":28.0},{"not_picked":["Streamline+1","FTL+1","Rip and Tear+1"],"picked":"SKIP","floor":31.0}],"player_experience":1502189,"relics_obtained":[{"floor":9.0,"key":"Bronze Scales"},{"floor":11.0,"key":"The Courier"},{"floor":14.0,"key":"StoneCalendar"},{"floor":24.0,"key":"Centennial Puzzle"},{"floor":26.0,"key":"Anchor"},{"floor":27.0,"key":"Necronomicon"},{"floor":28.0,"key":"Pen Nib"}],"event_choices":[{"damage_healed":0.0,"max_hp_gain":0.0,"max_hp_loss":0.0,"gold_gain":0.0,"event_name":"Scrap Ooze","player_choice":"Success","floor":2.0,"gold_loss":0.0,"damage_taken":3.0,"relics_obtained":["Cables"]},{"damage_healed":0.0,"max_hp_gain":0.0,"max_hp_loss":0.0,"gold_gain":0.0,"event_name":"Liars Game","player_choice":"Ignored","floor":3.0,"gold_loss":0.0,"damage_taken":0.0},{"damage_healed":0.0,"max_hp_gain":5.0,"max_hp_loss":0.0,"gold_gain":0.0,"event_name":"Big Fish","player_choice":"Donut","floor":4.0,"gold_loss":0.0,"damage_taken":0.0},{"damage_healed":0.0,"max_hp_gain":5.0,"max_hp_loss":0.0,"gold_gain":0.0,"event_name":"Forgotten Altar","player_choice":"Shed Blood","floor":19.0,"gold_loss":0.0,"damage_taken":20.0},{"damage_healed":31.0,"max_hp_gain":0.0,"max_hp_loss":0.0,"gold_gain":0.0,"event_name":"The Library","player_choice":"Heal","floor":21.0,"gold_loss":0.0,"damage_taken":0.0},{"damage_healed":0.0,"max_hp_gain":0.0,"max_hp_loss":0.0,"gold_gain":0.0,"event_name":"Cursed Tome","player_choice":"Obtained Book","floor":27.0,"gold_loss":0.0,"damage_taken":16.0},{"damage_healed":0.0,"max_hp_gain":0.0,"max_hp_loss":0.0,"gold_gain":0.0,"event_name":"Accursed Blacksmith","player_choice":"Rummage","floor":29.0,"gold_loss":0.0,"damage_taken":0.0,"relics_obtained":["WarpedTongs"],"cards_obtained":["Pain"]}],"is_beta":false,"boss_relics":[{"not_picked":["Ectoplasm","Empty Cage"],"picked":"Fusion Hammer"}],"items_purged_floors":[30],"is_endless":false,"potions_floor_spawned":[1,8,13,28,31],"ascension_level":0}