{"gold_per_floor":[113,13,188,188,188,213,228,228,228,31,60,80,107,120,120,222,222,162,162,162,162,37,37,37,37,37,37,37,37,37,37,37,37,37,37,37,37,37,37,37,37,37,37,37,37,37,37,37,37,37],"floor_reached":51,"playtime":1461,"items_purged":["Defend_R","Defend_R","Defend_R"],"score":797,"play_id":"764d85fe-146c-4363-94be-edc549fd0982","local_time":"20191012200836","is_ascension_mode":false,"campfire_choices":[{"data":"Spot Weakness","floor":15,"key":"SMITH"},{"data":"Warcry","floor":25,"key":"SMITH"},{"data":"Bash","floor":30,"key":"SMITH"},{"data":"Defend_R","floor":32,"key":"PURGE"},{"data":"Strike_R","floor":41,"key":"PURGE"},{"data":"Heavy Blade","floor":46,"key":"PURGE"},{"data":"Strike_R","floor":49,"key":"PURGE"}],"neow_cost":"NONE","seed_source_timestamp":543794836954299,"circlet_count":0,"master_deck":["Strike_R","Strike_R","Strike_R","Bash+1","Wild Strike","Clash","Warcry+1","Spot Weakness+1","Wild Strike","Headbutt","Double Tap+1","Fire Breathing","Reaper","Dual Wield+1","Armaments+1","Heavy Blade+1","Dropkick","Limit Break+1","Thunderclap+1"],"relics":["Burning Blood","Pantograph","PreservedInsect","Toxic Egg 2","Eternal Feather","Oddly Smooth Stone","Ectoplasm","White Beast Statue","Anchor","Omamori","Peace Pipe","Question Card","Coffee Dripper","Pear","Gambling Chip","Letter Opener","Du-Vu Doll"],"potions_floor_usage":[11,16,23,23,23,29,29,29,40,40,50,50,50],"damage_taken":[{"damage":8,"enemies":"2 Louse","floor":1,"turns":3},{"damage":31,"enemies":"Lagavulin","floor":6,"turns":5},{"damage":3,"enemies":"Small Slimes","floor":7,"turns":3},{"damage":0,"enemies":"Gremlin Nob","floor":11,"turns":2},{"damage":0,"enemies":"Cultist","floor":12,"turns":2},{"damage":22,"enemies":"3 Sentries","floor":13,"turns":4},{"damage":24,"enemies":"Exordium Thugs","floor":14,"turns":3},{"damage":64,"enemies":"Hexaghost","floor":16,"turns":6},{"damage":28,"enemies":"2 Thieves","floor":18,"turns":4},{"damage":36,"enemies":"Shell Parasite","floor":19,"turns":4},{"damage":20,"enemies":"Sentry and Sphere","floor":21,"turns":4},{"damage":33,"enemies":"Book of Stabbing","floor":23,"turns":3},{"damage":23,"enemies":"Chosen and Byrds","floor":24,"turns":6},{"damage":21,"enemies":"Snake Plant","floor":27,"turns":3},{"damage":0,"enemies":"Cultist and Chosen","floor":28,"turns":3},{"damage":17,"enemies":"Colosseum Slavers","floor":29,"turns":4},{"damage":0,"enemies":"Colosseum Nobs","floor":29,"turns":2},{"damage":32,"enemies":"Shelled Parasite and Fungi","floor":31,"turns":4},{"damage":92,"enemies":"Collector","floor":33,"turns":9},{"damage":5,"enemies":"Orb Walker","floor":35,"turns":2},{"damage":18,"enemies":"3 Shapes","floor":36,"turns":3},{"damage":27,"enemies":"3 Darklings","floor":37,"turns":3},{"damage":30,"enemies":"Jaw Worm Horde","floor":39,"turns":4},{"damage":50,"enemies":"Giant Head","floor":40,"turns":6},{"damage":46,"enemies":"Mind Bloom Boss Battle","floor":42,"turns":5},{"damage":55,"enemies":"4 Shapes","floor":44,"turns":4},{"damage":24,"enemies":"Reptomancer","floor":47,"turns":4},{"damage":93,"enemies":"Donu and Deca","floor":50,"turns":6}],"seed_played":"-1389222054391612699","potions_obtained":[{"floor":6,"key":"DuplicationPotion"},{"floor":12,"key":"LiquidBronze"},{"floor":16,"key":"Explosive Potion"},{"floor":18,"key":"SteroidPotion"},{"floor":21,"key":"EntropicBrew"},{"floor":23,"key":"AttackPotion"},{"floor":24,"key":"SkillPotion"},{"floor":27,"key":"DuplicationPotion"},{"floor":28,"key":"BloodPotion"},{"floor":29,"key":"BloodPotion"},{"floor":31,"key":"Dexterity Potion"},{"floor":33,"key":"Explosive Potion"},{"floor":35,"key":"Regen Potion"},{"floor":36,"key":"Strength Potion"},{"floor":40,"key":"DuplicationPotion"},{"floor":42,"key":"Ancient Potion"},{"floor":47,"key":"PowerPotion"}],"is_trial":false,"path_per_floor":["M","$","?","?","?","E","M","T","T","$","E","M","E","M","R","B",null,"M","M","T","M","$","E","M","R","T","M","M","?","R","M","R","B",null,"M","M","M","?","M","E","R","?","T","M","?","R","E","$","R","B",null],"character_chosen":"IRONCLAD","items_purchased":["Clash","Wild Strike","Headbutt"],"campfire_rested":0,"item_purchase_floors":[2,10,10],"current_hp_per_floor":[86,86,86,79,84,59,62,62,62,62,68,74,58,40,49,16,93,71,60,60,50,50,39,34,46,46,35,57,78,90,64,76,75,93,93,89,93,93,69,73,85,75,75,42,68,80,74,74,86,48],"gold":37,"neow_bonus":"TEN_PERCENT_HP_BONUS","is_prod":false,"is_daily":false,"chose_seed":false,"campfire_upgraded":3,"win_rate":0,"timestamp":1570900116,"path_taken":["M","$","?","?","?","E","M","?","T","$","E","M","E","M","R","BOSS","M","?","?","M","$","E","M","R","T","?","M","?","R","M","R","BOSS","M","M","M","?","M","E","R","?","T","M","?","R","E","$","R","BOSS"],"build_version":"2019-10-11","purchased_purges":3,"victory":true,"max_hp_per_floor":[88,88,88,88,93,93,93,93,93,93,93,93,93,93,93,93,93,93,93,93,93,93,93,93,93,93,93,93,93,93,93,93,93,93,93,93,93,93,93,103,103,103,103,103,103,103,103,103,103,103],"card_choices":[{"not_picked":["Flex","Shrug It Off"],"picked":"Wild Strike","floor":1},{"not_picked":["Bloodletting","Burning Pact"],"picked":"Warcry","floor":6},{"not_picked":["Burning Pact","Anger"],"picked":"Spot Weakness","floor":7},{"not_picked":["Evolve","Shockwave+1"],"picked":"Double Tap+1","floor":11},{"not_picked":["Perfected Strike","Thunderclap"],"picked":"Fire Breathing","floor":12},{"not_picked":["Perfected Strike","Warcry+1"],"picked":"Spot Weakness+1","floor":13},{"not_picked":["Thunderclap","Havoc+1","Pommel Strike"],"picked":"SKIP","floor":14},{"not_picked":["Dark Embrace","Brutality"],"picked":"Reaper","floor":16},{"not_picked":["Searing Blow+1","Fire Breathing"],"picked":"Dual Wield+1","floor":18},{"not_picked":["Entrench+1","Wild Strike","Cleave+1"],"picked":"SKIP","floor":19},{"not_picked":["Entrench+1","Fire Breathing"],"picked":"Heavy Blade","floor":21},{"not_picked":["Burning Pact+1","Carnage"],"picked":"Armaments+1","floor":23},{"not_picked":["Rupture","Whirlwind"],"picked":"Heavy Blade+1","floor":24},{"not_picked":["Sword Boomerang","Spot Weakness+1","Carnage"],"picked":"SKIP","floor":27},{"not_picked":["Pommel Strike+1","Whirlwind","Perfected Strike"],"picked":"SKIP","floor":28},{"not_picked":["Clash","Searing Blow"],"picked":"Dropkick","floor":29},{"not_picked":["Dark Embrace","Reckless Charge+1","Perfected Strike","Hemokinesis"],"picked":"SKIP","floor":31},{"not_picked":["Bludgeon","Barricade","Berserk"],"picked":"Limit Break+1","floor":33},{"not_picked":["Second Wind+1","Armaments+1","Ghostly Armor+1","Thunderclap"],"picked":"SKIP","floor":35},{"not_picked":["Flame Barrier+1","Whirlwind+1","Rampage","Warcry+1"],"picked":"SKIP","floor":36},{"not_picked":["Flex+1","Power Through+1","Anger+1","Twin Strike+1"],"picked":"SKIP","floor":37},{"not_picked":["Clothesline","Cleave","Sword Boomerang+1"],"picked":"Thunderclap+1","floor":39},{"not_picked":["Iron Wave+1","Hemokinesis+1","Warcry+1","Dark Embrace"],"picked":"SKIP","floor":40},{"not_picked":["Clothesline+1","Iron Wave+1","Warcry+1","Anger"],"picked":"SKIP","floor":44},{"not_picked":["Headbutt","Body Slam","Dark Embrace","Metallicize"],"picked":"SKIP","floor":47}],"player_experience":390740,"relics_obtained":[{"floor":6,"key":"Pantograph"},{"floor":8,"key":"PreservedInsect"},{"floor":9,"key":"Toxic Egg 2"},{"floor":11,"key":"Eternal Feather"},{"floor":13,"key":"Oddly Smooth Stone"},{"floor":20,"key":"White Beast Statue"},{"floor":23,"key":"Anchor"},{"floor":26,"key":"Omamori"},{"floor":29,"key":"Peace Pipe"},{"floor":29,"key":"Question Card"},{"floor":40,"key":"Pear"},{"floor":42,"key":"Gambling Chip"},{"floor":43,"key":"Letter Opener"},{"floor":47,"key":"Du-Vu Doll"}],"event_choices":[{"damage_healed":0,"gold_gain":175,"player_choice":"AGREE","damage_taken":0,"max_hp_gain":0,"max_hp_loss":0,"event_name":"Liars Game","floor":3,"gold_loss":0,"cards_obtained":["Doubt"]},{"cards_removed":["Doubt"],"damage_healed":0,"gold_gain":0,"player_choice":"Card Removal","damage_taken":7,"max_hp_gain":0,"max_hp_loss":0,"event_name":"Golden Wing","floor":4,"gold_loss":0},{"damage_healed":0,"gold_gain":0,"player_choice":"Donut","damage_taken":0,"max_hp_gain":5,"max_hp_loss":0,"event_name":"Big Fish","floor":5,"gold_loss":0},{"damage_healed":0,"gold_gain":0,"player_choice":"Fight","damage_taken":0,"max_hp_gain":0,"max_hp_loss":0,"event_name":"Colosseum","floor":29,"gold_loss":0},{"damage_healed":0,"gold_gain":0,"player_choice":"Fought Nobs","damage_taken":0,"max_hp_gain":0,"max_hp_loss":0,"event_name":"Colosseum","floor":29,"gold_loss":0},{"cards_removed":["Spot Weakness"],"damage_healed":0,"gold_gain":0,"player_choice":"Removed Skill","damage_taken":0,"max_hp_gain":0,"max_hp_loss":0,"event_name":"Falling","floor":38,"gold_loss":0},{"damage_healed":0,"gold_gain":0,"player_choice":"Fight","damage_taken":0,"max_hp_gain":0,"max_hp_loss":0,"event_name":"MindBloom","floor":42,"gold_loss":0},{"damage_healed":26,"gold_gain":0,"player_choice":"Writhe","damage_taken":0,"max_hp_gain":0,"max_hp_loss":0,"event_name":"Winding Halls","floor":45,"gold_loss":0,"cards_obtained":["Writhe"]}],"is_beta":true,"boss_relics":[{"not_picked":["Runic Cube","Philosopher\u0027s Stone"],"picked":"Ectoplasm"},{"not_picked":["Sozu","Runic Pyramid"],"picked":"Coffee Dripper"}],"items_purged_floors":[2,10,22],"is_endless":false,"potions_floor_spawned":[6,12,16,18,21,23,24,27,28,29,29,31,33,35,36,37,39,40,42,44,47],"ascension_level":0}