{"gold_per_floor":[118,133,26,26,26,26,57,80,80,80,109,119,175,175,175,276,276,293,326,326,336,352,381,381,411,411,411,427,171,185,217,217,217],"floor_reached":33,"playtime":1843,"items_purged":["Pain"],"score":467,"play_id":"b92b03e5-78c2-4dc8-ad68-ccbc54e9d054","local_time":"20191021190657","is_ascension_mode":true,"campfire_choices":[{"data":"Neutralize","floor":6.0,"key":"SMITH"},{"data":"Finisher","floor":10.0,"key":"SMITH"},{"data":"Footwork","floor":15.0,"key":"SMITH"},{"floor":24.0,"key":"REST"},{"data":"Malaise","floor":27.0,"key":"SMITH"},{"data":"Crippling Poison","floor":32.0,"key":"SMITH"}],"neow_cost":"NONE","seed_source_timestamp":0,"circlet_count":0,"master_deck":["AscendersBane","Strike_G","Strike_G","Strike_G","Strike_G","Strike_G","Defend_G","Defend_G","Defend_G","Defend_G","Defend_G","Survivor","Neutralize+1","Dagger Spray","Finisher+1","Caltrops","Backflip","Footwork+1","Corpse Explosion","Crippling Poison+1","Deadly Poison","Glass Knife","Poisoned Stab","Dagger Throw","PiercingWail","Backflip","Malaise+1","PiercingWail","Backflip+1","Cloak And Dagger","Footwork","PiercingWail","Burst"],"special_seed":0,"relics":["Ring of the Snake","Juzu Bracelet","WarpedTongs","Bag of Marbles","Odd Mushroom","Question Card","Meat on the Bone","Smiling Mask","Philosopher\u0027s Stone","Red Mask","Orichalcum","Dream Catcher","Ornamental Fan","Omamori"],"potions_floor_usage":[33,33],"damage_taken":[{"damage":2.0,"enemies":"Cultist","floor":1.0,"turns":5.0},{"damage":0.0,"enemies":"2 Louse","floor":2.0,"turns":3.0},{"damage":18.0,"enemies":"3 Sentries","floor":7.0,"turns":9.0},{"damage":6.0,"enemies":"The Mushroom Lair","floor":8.0,"turns":4.0},{"damage":7.0,"enemies":"Lagavulin","floor":11.0,"turns":10.0},{"damage":3.0,"enemies":"Jaw Worm","floor":12.0,"turns":4.0},{"damage":14.0,"enemies":"3 Sentries","floor":13.0,"turns":7.0},{"damage":10.0,"enemies":"The Guardian","floor":16.0,"turns":9.0},{"damage":12.0,"enemies":"2 Thieves","floor":18.0,"turns":3.0},{"damage":14.0,"enemies":"Masked Bandits","floor":19.0,"turns":5.0},{"damage":13.0,"enemies":"Shell Parasite","floor":21.0,"turns":4.0},{"damage":22.0,"enemies":"Snake Plant","floor":22.0,"turns":4.0},{"damage":21.0,"enemies":"Book of Stabbing","floor":23.0,"turns":5.0},{"damage":9.0,"enemies":"Slavers","floor":25.0,"turns":3.0},{"damage":4.0,"enemies":"Snecko","floor":28.0,"turns":7.0},{"damage":9.0,"enemies":"Shelled Parasite and Fungi","floor":30.0,"turns":5.0},{"damage":11.0,"enemies":"Book of Stabbing","floor":31.0,"turns":8.0},{"damage":62,"enemies":"Collector","floor":33,"turns":7}],"seed_played":"7096667484818816060","potions_obtained":[{"floor":2.0,"key":"Block Potion"},{"floor":5.0,"key":"Dexterity Potion"},{"floor":5.0,"key":"Poison Potion"},{"floor":18.0,"key":"GhostInAJar"},{"floor":22.0,"key":"SkillPotion"},{"floor":28.0,"key":"FearPotion"}],"is_trial":false,"path_per_floor":["M","M","$","?","?","R","E","?","T","R","E","M","?","?","R","B",null,"M","?","?","M","M","E","R","E","T","R","M","$","M","E","R","B"],"character_chosen":"THE_SILENT","items_purchased":["Finisher","Caltrops","Footwork","PiercingWail","PowerPotion","Strength Potion"],"campfire_rested":1,"item_purchase_floors":[3,3,29,29,29,29],"current_hp_per_floor":[61,61,61,61,61,61,43,37,37,37,30,39,37,60,60,50,65,53,39,39,38,28,19,40,43,43,43,39,39,42,43,43,0],"gold":217,"neow_bonus":"RANDOM_COMMON_RELIC","is_prod":false,"is_daily":false,"chose_seed":false,"campfire_upgraded":5,"win_rate":0,"timestamp":1571710017,"path_taken":["M","M","$","?","?","R","E","?","T","R","E","M","?","?","R","BOSS","M","?","?","M","M","E","R","E","T","R","M","$","M","E","R","BOSS"],"build_version":"2019-07-17","purchased_purges":1,"victory":false,"max_hp_per_floor":[70,70,70,70,70,70,70,70,70,70,70,70,70,70,70,70,70,70,70,70,70,70,70,70,70,70,70,70,70,70,70,70,70],"card_choices":[{"not_picked":["Dodge and Roll","Acrobatics"],"picked":"Dagger Spray","floor":1.0},{"not_picked":["Flechettes","Terror","Blur"],"picked":"SKIP","floor":2.0},{"not_picked":["Acrobatics","Adrenaline"],"picked":"Backflip","floor":7.0},{"not_picked":["Expertise","Sucker Punch"],"picked":"Footwork","floor":8.0},{"not_picked":["Dash","Dagger Spray","Masterful Stab"],"picked":"Corpse Explosion","floor":11.0},{"not_picked":["Bane","Dagger Throw","Setup"],"picked":"Crippling Poison","floor":12.0},{"not_picked":["Outmaneuver","Bane","Quick Slash"],"picked":"Deadly Poison","floor":13.0},{"not_picked":["Unload","After Image","Burst"],"picked":"Glass Knife","floor":16.0},{"not_picked":["Deadly Poison+1","Predator","Skewer"],"picked":"Poisoned Stab","floor":18.0},{"not_picked":["Sucker Punch","Outmaneuver","Dagger Spray"],"picked":"Dagger Throw","floor":19.0},{"not_picked":["Prepared","Bane","Deadly Poison+1"],"picked":"PiercingWail","floor":21.0},{"not_picked":["Deflect+1","Poisoned Stab","Acrobatics"],"picked":"Backflip","floor":22.0},{"not_picked":["Predator","Dagger Spray+1","Flechettes"],"picked":"Malaise","floor":23.0},{"not_picked":["Caltrops+1","Reflex","Blade Dance+1"],"picked":"PiercingWail","floor":24.0},{"not_picked":["Dagger Spray","Eviscerate","Dagger Throw"],"picked":"Backflip+1","floor":25.0},{"not_picked":["All Out Attack","Poisoned Stab","Finisher"],"picked":"Cloak And Dagger","floor":28.0},{"not_picked":["Eviscerate","Cloak And Dagger","Bane","Calculated Gamble"],"picked":"SKIP","floor":30.0},{"not_picked":["Deadly Poison+1","Dash+1","Flying Knee+1"],"picked":"Burst","floor":31.0}],"player_experience":413509,"relics_obtained":[{"floor":7.0,"key":"Bag of Marbles"},{"floor":8.0,"key":"Odd Mushroom"},{"floor":9.0,"key":"Question Card"},{"floor":11.0,"key":"Meat on the Bone"},{"floor":19.0,"key":"Red Mask"},{"floor":23.0,"key":"Dream Catcher"},{"floor":25.0,"key":"Ornamental Fan"},{"floor":31.0,"key":"Omamori"}],"event_choices":[{"damage_healed":0.0,"max_hp_gain":0.0,"max_hp_loss":0.0,"gold_gain":0.0,"event_name":"Accursed Blacksmith","player_choice":"Rummage","floor":4.0,"gold_loss":0.0,"damage_taken":0.0,"relics_obtained":["WarpedTongs"],"cards_obtained":["Pain"]},{"damage_healed":0.0,"max_hp_gain":0.0,"max_hp_loss":0.0,"gold_gain":0.0,"event_name":"Lab","player_choice":"Got Potions","floor":5.0,"gold_loss":0.0,"damage_taken":0.0},{"damage_healed":0.0,"max_hp_gain":0.0,"max_hp_loss":0.0,"gold_gain":0.0,"event_name":"Mushrooms","player_choice":"Fought Mushrooms","floor":8.0,"gold_loss":0.0,"damage_taken":0.0},{"damage_healed":0.0,"max_hp_gain":0.0,"max_hp_loss":0.0,"gold_gain":0.0,"event_name":"Dead Adventurer","player_choice":"Searched \u00272\u0027 times","floor":13.0,"gold_loss":0.0,"damage_taken":0.0,"relics_obtained":["Smiling Mask"]},{"damage_healed":23.0,"max_hp_gain":0.0,"max_hp_loss":0.0,"gold_gain":0.0,"event_name":"Big Fish","player_choice":"Banana","floor":14.0,"gold_loss":0.0,"damage_taken":0.0},{"damage_healed":0.0,"max_hp_gain":0.0,"max_hp_loss":0.0,"gold_gain":0.0,"event_name":"Masked Bandits","player_choice":"Fought Bandits","floor":19.0,"gold_loss":0.0,"damage_taken":0.0},{"damage_healed":0.0,"max_hp_gain":0.0,"max_hp_loss":0.0,"gold_gain":0.0,"event_name":"WeMeetAgain","player_choice":"Gave Potion","floor":20.0,"gold_loss":0.0,"damage_taken":0.0,"relics_obtained":["Orichalcum"]}],"is_beta":false,"boss_relics":[{"not_picked":["Lizard Tail","Snecko Eye"],"picked":"Philosopher\u0027s Stone"}],"items_purged_floors":[29],"is_endless":false,"potions_floor_spawned":[2,11,13,18,22,28,30],"killed_by":"Collector","ascension_level":10}