{"gold_per_floor":[363,378,303,13,23,56,74,49,49,84,84,119,18,18,18,115,115,134,84,98,98,98,124,124,165,165,165,192,192,232,280,280,390,390,414,157,206,233,233,233,270,270,270,309,309,341,368,403,403,403,403,403,4,35,35],"floor_reached":56,"playtime":2547,"items_purged":["Strike_G","Strike_G","Strike_G","Strike_G","Strike_G"],"score":1701,"play_id":"bb0bb85b-6a97-4eb1-a8cf-5df66c7af3d9","local_time":"20190924210437","is_ascension_mode":true,"campfire_choices":[{"data":"Skewer","floor":11,"key":"SMITH"},{"data":"Deadly Poison","floor":15,"key":"SMITH"},{"data":"Crippling Poison","floor":24,"key":"SMITH"},{"data":"Footwork","floor":27,"key":"SMITH"},{"data":"Malaise","floor":29,"key":"SMITH"},{"data":"Neutralize","floor":32,"key":"SMITH"},{"data":"Malaise","floor":40,"key":"SMITH"},{"data":"Corpse Explosion","floor":42,"key":"SMITH"},{"floor":45,"key":"RECALL"},{"data":"Footwork","floor":49,"key":"SMITH"},{"data":"Sucker Punch","floor":52,"key":"SMITH"}],"neow_cost":"TEN_PERCENT_HP_LOSS","seed_source_timestamp":844119137634100,"circlet_count":0,"master_deck":["Defend_G+1","Defend_G","Defend_G","Defend_G","Defend_G","Survivor","Neutralize+1","Sucker Punch+1","Poisoned Stab","Footwork+1","Skewer+1","Terror","Malaise+1","Poisoned Stab","Deadly Poison+1","Cloak And Dagger+1","Corpse Explosion+1","Crippling Poison+1","Backflip","Escape Plan","Backflip+1","Malaise+1","PiercingWail+1","Adrenaline","Footwork+1","Acrobatics+1","Caltrops+1"],"relics":["Ring of the Snake","Pen Nib","Toy Ornithopter","Smiling Mask","Lantern","Gremlin Horn","Philosopher\u0027s Stone","CeramicFish","War Paint","Pantograph","Meat on the Bone","Dodecahedron","PreservedInsect","Runic Pyramid","Chemical X","FossilizedHelix","Art of War","Bag of Marbles","Paper Crane","Ornamental Fan","HornCleat","Anchor","Oddly Smooth Stone"],"potions_floor_usage":[6,6,20,23,30,33,53,55,55,55,55,55],"damage_taken":[{"damage":5,"enemies":"Cultist","floor":1,"turns":5},{"damage":0,"enemies":"Jaw Worm","floor":2,"turns":3},{"damage":0,"enemies":"Small Slimes","floor":5,"turns":4},{"damage":0,"enemies":"Gremlin Nob","floor":6,"turns":3},{"damage":0,"enemies":"Blue Slaver","floor":7,"turns":5},{"damage":12,"enemies":"Exordium Thugs","floor":8,"turns":5},{"damage":23,"enemies":"3 Sentries","floor":10,"turns":9},{"damage":6,"enemies":"Gremlin Nob","floor":12,"turns":3},{"damage":13,"enemies":"The Guardian","floor":16,"turns":10},{"damage":1,"enemies":"Shell Parasite","floor":18,"turns":4},{"damage":6,"enemies":"2 Thieves","floor":20,"turns":3},{"damage":14,"enemies":"Book of Stabbing","floor":23,"turns":7},{"damage":16,"enemies":"Slavers","floor":25,"turns":4},{"damage":0,"enemies":"Sentry and Sphere","floor":28,"turns":3},{"damage":0,"enemies":"Gremlin Leader","floor":30,"turns":6},{"damage":13,"enemies":"Collector","floor":33,"turns":9},{"damage":0,"enemies":"3 Shapes","floor":35,"turns":3},{"damage":0,"enemies":"2 Orb Walkers","floor":37,"turns":7},{"damage":0,"enemies":"Reptomancer","floor":41,"turns":5},{"damage":0,"enemies":"Nemesis","floor":44,"turns":1},{"damage":0,"enemies":"Giant Head","floor":46,"turns":6},{"damage":0,"enemies":"3 Darklings","floor":47,"turns":2},{"damage":0,"enemies":"Reptomancer","floor":48,"turns":5},{"damage":0,"enemies":"Donu and Deca","floor":50,"turns":5},{"damage":0,"enemies":"Shield and Spear","floor":54,"turns":4},{"damage":0,"enemies":"The Heart","floor":55,"turns":8}],"seed_played":"1818675987624787966","potions_obtained":[{"floor":1,"key":"Poison Potion"},{"floor":5,"key":"Fire Potion"},{"floor":10,"key":"CunningPotion"},{"floor":16,"key":"Strength Potion"},{"floor":18,"key":"PowerPotion"},{"floor":25,"key":"Dexterity Potion"},{"floor":28,"key":"Strength Potion"},{"floor":37,"key":"Weak Potion"},{"floor":41,"key":"GamblersBrew"}],"is_trial":false,"path_per_floor":["M","M","$","$","M","E","M","M","T","E","R","E","$","?","R","B",null,"M","$","M","?","?","E","R","E","T","R","M","R","E","T","R","B",null,"M","$","?","T","?","R","E","R","T","E","R","E","M","E","R","B",null,"R","$","E","B",null],"character_chosen":"THE_SILENT","items_purchased":["Footwork","Skewer","Pen Nib","Strength Potion","Chemical X","SteroidPotion","Fruit Juice","EntropicBrew","Anchor"],"campfire_rested":0,"item_purchase_floors":[4,4,4,13,36,36,53,53,53],"current_hp_per_floor":[58,58,58,58,58,58,58,46,46,23,23,17,17,22,22,9,68,67,67,62,62,62,53,53,37,37,37,37,37,42,42,42,55,68,68,68,68,68,65,65,65,65,65,65,65,65,65,65,65,65,65,65,70,70,70],"gold":35,"neow_bonus":"TWO_FIFTY_GOLD","is_prod":false,"is_daily":false,"chose_seed":false,"campfire_upgraded":10,"win_rate":0,"timestamp":1569355477,"path_taken":["M","M","?","$","M","E","M","M","T","E","R","E","$","?","R","BOSS","M","$","M","?","?","E","R","E","T","R","M","R","E","?","R","BOSS","M","$","?","?","?","R","E","R","T","E","R","E","M","E","R","BOSS","R","$","E","BOSS"],"build_version":"2019-09-23","purchased_purges":5,"victory":true,"max_hp_per_floor":[63,63,63,63,63,63,63,63,63,63,63,63,63,68,68,68,68,68,68,68,68,68,68,68,68,68,68,68,68,68,68,68,68,68,68,68,68,68,65,65,65,65,65,65,65,65,65,65,65,65,65,65,70,70,70],"card_choices":[{"not_picked":["Cloak And Dagger","Prepared"],"picked":"Sucker Punch","floor":1},{"not_picked":["Bane","Underhanded Strike"],"picked":"Poisoned Stab","floor":2},{"not_picked":["Tactician","Blade Dance"],"picked":"Terror","floor":5},{"not_picked":["Setup","Cloak And Dagger"],"picked":"Malaise","floor":6},{"not_picked":["Sucker Punch","Finisher"],"picked":"Poisoned Stab","floor":7},{"not_picked":["Slice","Prepared"],"picked":"Deadly Poison","floor":8},{"not_picked":["Reflex","Flying Knee","Poisoned Stab"],"picked":"SKIP","floor":10},{"not_picked":["Backflip","Concentrate"],"picked":"Cloak And Dagger","floor":12},{"not_picked":["Wraith Form v2","Phantasmal Killer"],"picked":"Corpse Explosion","floor":16},{"not_picked":["Dagger Throw","Cloak And Dagger"],"picked":"Crippling Poison","floor":18},{"not_picked":["PiercingWail","Outmaneuver","Dagger Spray"],"picked":"SKIP","floor":20},{"not_picked":["Corpse Explosion","Blade Dance","Predator"],"picked":"SKIP","floor":23},{"not_picked":["Dodge and Roll+1","Flechettes"],"picked":"Backflip","floor":25},{"not_picked":["Footwork","Cloak And Dagger"],"picked":"Escape Plan","floor":28},{"not_picked":["Choke","Blade Dance"],"picked":"Backflip+1","floor":30},{"not_picked":["Tools of the Trade","Corpse Explosion"],"picked":"Malaise","floor":33},{"not_picked":["Flying Knee+1","Prepared+1"],"picked":"PiercingWail+1","floor":35},{"not_picked":["PiercingWail+1","Heel Hook"],"picked":"Adrenaline","floor":41},{"not_picked":["Dagger Spray+1","Quick Slash+1"],"picked":"Footwork","floor":44},{"not_picked":["Terror+1","Corpse Explosion"],"picked":"Acrobatics+1","floor":46},{"not_picked":["Cloak And Dagger","Bane+1"],"picked":"Caltrops+1","floor":47},{"not_picked":["Acrobatics+1","Finisher+1","Flying Knee"],"picked":"SKIP","floor":48},{"not_picked":["Dagger Spray+1","Poisoned Stab","Corpse Explosion"],"picked":"SKIP","floor":54}],"player_experience":1558970,"relics_obtained":[{"floor":6,"key":"Toy Ornithopter"},{"floor":9,"key":"Smiling Mask"},{"floor":10,"key":"Lantern"},{"floor":12,"key":"Gremlin Horn"},{"floor":23,"key":"War Paint"},{"floor":25,"key":"Pantograph"},{"floor":26,"key":"Meat on the Bone"},{"floor":30,"key":"Dodecahedron"},{"floor":31,"key":"PreservedInsect"},{"floor":37,"key":"FossilizedHelix"},{"floor":38,"key":"Art of War"},{"floor":41,"key":"Bag of Marbles"},{"floor":44,"key":"Paper Crane"},{"floor":46,"key":"Ornamental Fan"},{"floor":48,"key":"HornCleat"},{"floor":54,"key":"Oddly Smooth Stone"}],"event_choices":[{"damage_healed":0,"gold_gain":0,"player_choice":"Donut","damage_taken":0,"max_hp_gain":5,"max_hp_loss":0,"event_name":"Big Fish","floor":14,"gold_loss":0},{"damage_healed":0,"gold_gain":0,"player_choice":"Ignored","damage_taken":0,"max_hp_gain":0,"max_hp_loss":0,"event_name":"Vampires","floor":21,"gold_loss":0},{"damage_healed":0,"gold_gain":0,"player_choice":"Opened","damage_taken":0,"relics_obtained":["CeramicFish"],"max_hp_gain":0,"max_hp_loss":0,"event_name":"The Mausoleum","floor":22,"gold_loss":0},{"damage_healed":0,"gold_gain":0,"player_choice":"Fight","damage_taken":0,"max_hp_gain":0,"max_hp_loss":0,"event_name":"Mysterious Sphere","floor":37,"gold_loss":0},{"damage_healed":0,"gold_gain":0,"player_choice":"Max HP","damage_taken":0,"max_hp_gain":0,"max_hp_loss":3,"event_name":"Winding Halls","floor":39,"gold_loss":0}],"is_beta":true,"boss_relics":[{"not_picked":["HoveringKite","Pandora\u0027s Box"],"picked":"Philosopher\u0027s Stone"},{"not_picked":["Coffee Dripper","Empty Cage"],"picked":"Runic Pyramid"}],"items_purged_floors":[3,13,19,36,53],"is_endless":false,"potions_floor_spawned":[1,5,10,16,18,25,28,37,41,47,48],"ascension_level":1}