{"gold_per_floor":[111,137,150,150,161,161,187,187,187,206,206,226,13,13,13,116,116,129,29,29,29,45,70,70,70,70,85,85,10,45,21,21,21],"floor_reached":33,"playtime":1044,"items_purged":["Strike_R","Strike_R"],"score":295,"play_id":"f5320b9b-733a-4ec6-8886-d084872ac717","local_time":"20190406181937","is_ascension_mode":true,"campfire_choices":[{"data":"Spot Weakness","floor":6,"key":"SMITH"},{"data":"Infernal Blade","floor":8,"key":"SMITH"},{"data":"Armaments","floor":11,"key":"SMITH"},{"data":"Bash","floor":15,"key":"SMITH"},{"floor":24,"key":"REST"},{"data":"Uppercut","floor":28,"key":"SMITH"},{"floor":32,"key":"REST"}],"neow_cost":"NONE","seed_source_timestamp":1209397273782300,"circlet_count":0,"master_deck":["Strike_R","Strike_R","Strike_R","Defend_R","Defend_R","Defend_R","Bash+1","Spot Weakness+1","Thunderclap","Bash","Battle Trance","Infernal Blade+1","Armaments+1","Reaper","Feed","Heavy Blade+1","Uppercut+1","Armaments","True Grit","Sword Boomerang"],"relics":["Burning Blood","Omamori","WingedGreaves","Torii","Philosopher\u0027s Stone","Incense Burner","Peace Pipe","Enchiridion","Ornamental Fan","Charon\u0027s Ashes"],"potions_floor_usage":[5,7,12,22,23,23,23,23,23,30,30],"damage_taken":[{"damage":1,"enemies":"Cultist","floor":1,"turns":4},{"damage":5,"enemies":"Small Slimes","floor":3,"turns":4},{"damage":5,"enemies":"2 Louse","floor":5,"turns":3},{"damage":31,"enemies":"Lagavulin","floor":7,"turns":8},{"damage":8,"enemies":"Red Slaver","floor":10,"turns":3},{"damage":1,"enemies":"3 Louse","floor":12,"turns":3},{"damage":40,"enemies":"Hexaghost","floor":16,"turns":9},{"damage":13,"enemies":"Spheric Guardian","floor":18,"turns":5},{"damage":8,"enemies":"Chosen","floor":22,"turns":4},{"damage":70,"enemies":"Gremlin Leader","floor":23,"turns":7},{"damage":23,"enemies":"Sentry and Sphere","floor":27,"turns":4},{"damage":68,"enemies":"Slavers","floor":30,"turns":5},{"damage":86,"enemies":"Champ","floor":33,"turns":8}],"seed_played":"-5343311918013002847","potions_obtained":[{"floor":1,"key":"Dexterity Potion"},{"floor":3,"key":"SkillPotion"},{"floor":10,"key":"Energy Potion"},{"floor":12,"key":"Ancient Potion"},{"floor":16,"key":"EssenceOfSteel"},{"floor":18,"key":"EntropicBrew"},{"floor":27,"key":"Regen Potion"}],"is_trial":false,"path_per_floor":["M","T","M","?","M","R","E","R","T","M","R","M","$","?","R","B",null,"M","$","?","?","M","E","R","?","T","M","R","$","E","$","R","B"],"character_chosen":"IRONCLAD","items_purchased":["Reaper","Regen Potion","Sword Boomerang"],"campfire_rested":2,"item_purchase_floors":[13,29,31],"current_hp_per_floor":[88,88,88,88,88,88,63,63,63,61,61,66,66,66,66,32,88,81,81,81,81,79,37,63,47,47,30,30,30,26,26,52,0],"gold":21,"neow_bonus":"TEN_PERCENT_HP_BONUS","is_prod":false,"is_daily":false,"chose_seed":false,"campfire_upgraded":5,"win_rate":0,"timestamp":1554563977,"path_taken":["M","?","M","?","M","R","E","R","T","?","R","M","$","?","R","BOSS","M","$","?","?","M","E","R","?","T","M","R","$","E","$","R","BOSS"],"build_version":"2019-01-23","purchased_purges":2,"victory":false,"max_hp_per_floor":[88,88,88,88,88,88,88,88,88,88,88,88,88,88,88,88,88,88,88,88,88,88,88,88,88,88,88,88,88,88,88,88,88],"card_choices":[{"not_picked":["Warcry","Wild Strike"],"picked":"Spot Weakness","floor":1},{"not_picked":["Seeing Red","Twin Strike"],"picked":"Thunderclap","floor":3},{"not_picked":["Blood for Blood","Feel No Pain"],"picked":"Battle Trance","floor":5},{"not_picked":["Havoc","Entrench"],"picked":"Infernal Blade","floor":7},{"not_picked":["Pommel Strike","Entrench"],"picked":"Armaments","floor":10},{"not_picked":["Anger","Perfected Strike","Twin Strike"],"picked":"SKIP","floor":12},{"not_picked":["Barricade","Dark Embrace"],"picked":"Feed","floor":16},{"not_picked":["Anger","Perfected Strike+1"],"picked":"Heavy Blade+1","floor":18},{"not_picked":["Flex","Clash"],"picked":"Uppercut","floor":22},{"not_picked":["Immolate","Heavy Blade"],"picked":"Armaments","floor":23},{"not_picked":["Twin Strike+1","Thunderclap"],"picked":"True Grit","floor":27},{"not_picked":["Metallicize+1","Anger+1","Pommel Strike"],"picked":"SKIP","floor":30}],"player_experience":256355,"relics_obtained":[{"floor":2,"key":"Omamori"},{"floor":7,"key":"WingedGreaves"},{"floor":9,"key":"Torii"},{"floor":23,"key":"Peace Pipe"},{"floor":25,"key":"Enchiridion"},{"floor":26,"key":"Ornamental Fan"},{"floor":30,"key":"Charon\u0027s Ashes"}],"event_choices":[{"damage_healed":0,"gold_gain":0,"player_choice":"1 cards matched","damage_taken":0,"max_hp_gain":0,"max_hp_loss":0,"event_name":"Match and Keep!","floor":4,"gold_loss":0,"cards_obtained":["Bash"]},{"cards_removed":["Defend_R"],"damage_healed":0,"gold_gain":0,"player_choice":"Offered Basic","damage_taken":0,"max_hp_gain":0,"max_hp_loss":0,"event_name":"Bonfire Elementals","floor":14,"gold_loss":0},{"damage_healed":0,"gold_gain":0,"player_choice":"Opened","damage_taken":0,"relics_obtained":["Incense Burner"],"max_hp_gain":0,"max_hp_loss":0,"event_name":"The Mausoleum","floor":20,"gold_loss":0},{"damage_healed":0,"gold_gain":0,"player_choice":"Ignored","damage_taken":0,"max_hp_gain":0,"max_hp_loss":0,"event_name":"Ghosts","floor":21,"gold_loss":0},{"damage_healed":0,"gold_gain":0,"player_choice":"Obtained Book","damage_taken":16,"max_hp_gain":0,"max_hp_loss":0,"event_name":"Cursed Tome","floor":25,"gold_loss":0}],"is_beta":false,"boss_relics":[{"not_picked":["Snecko Eye","Cursed Key"],"picked":"Philosopher\u0027s Stone"}],"items_purged_floors":[13,19],"is_endless":false,"potions_floor_spawned":[1,3,10,12,16,18,27],"killed_by":"Champ","ascension_level":1}