{"gold_per_floor":[118,83,99,99,117,117,151,169,196,227,0,18,18,18,18,138,138,163,163,178,178,203,234,234,277,277,301,335,335,121,36,36,162,162,178,234,252,127,127,168,168,204,204,229,277,289,342,379,391,403,415,427,21,52,52],"floor_reached":55,"playtime":6177,"items_purged":["Strike_G","Strike_G","Strike_G","Strike_G"],"score":1000,"play_id":"d087df2e-cf01-4365-9661-6c6ac6b25aae","local_time":"20190922162356","is_ascension_mode":true,"campfire_choices":[{"data":"Cloak And Dagger","floor":6.0,"key":"SMITH"},{"data":"Dagger Spray","floor":13.0,"key":"SMITH"},{"data":"Dagger Spray","floor":15.0,"key":"SMITH"},{"floor":24.0,"key":"REST"},{"floor":29.0,"key":"REST"},{"data":"Accuracy","floor":32.0,"key":"SMITH"},{"floor":49.0,"key":"RECALL"},{"data":"Malaise","floor":52.0,"key":"SMITH"}],"neow_cost":"PERCENT_DAMAGE","seed_source_timestamp":76227382008200,"circlet_count":0,"master_deck":["Strike_G","Defend_G","Defend_G","Defend_G","Defend_G","Defend_G","Survivor","Neutralize","Cloak And Dagger+1","Cloak And Dagger","Injury","Deadly Poison","Endless Agony","Dagger Spray+1","Dagger Spray+1","Dagger Throw","Phantasmal Killer","Escape Plan","Cloak And Dagger","Writhe","Quick Slash","Infinite Blades+1","Terror","Tactician+1","Underhanded Strike","Accuracy+1","Riddle With Holes","Malaise+1","Blade Dance+1","Backflip","Sucker Punch+1","Writhe","Choke+1","Pain","Well Laid Plans","Doppelganger","Backflip","Apotheosis","Blur","Venomology"],"special_seed":0,"relics":["Ring of the Snake","Du-Vu Doll","Golden Idol","Potion Belt","Centennial Puzzle","Boot","Happy Flower","Ancient Tea Set","HoveringKite","Enchiridion","Vajra","Shuriken","Juzu Bracelet","Question Card","Bottled Flame","Matryoshka","Cursed Key","Tough Bandages","Pen Nib","MawBank","Singing Bowl","Ninja Scroll","Dodecahedron"],"potions_floor_usage":[55,55,55,55],"damage_taken":[{"damage":10.0,"enemies":"Cultist","floor":1.0,"turns":5.0},{"damage":1.0,"enemies":"2 Louse","floor":3.0,"turns":3.0},{"damage":0.0,"enemies":"Small Slimes","floor":5.0,"turns":5.0},{"damage":14.0,"enemies":"Gremlin Nob","floor":7.0,"turns":4.0},{"damage":15.0,"enemies":"Exordium Thugs","floor":8.0,"turns":4.0},{"damage":4.0,"enemies":"3 Sentries","floor":10.0,"turns":7.0},{"damage":0.0,"enemies":"Blue Slaver","floor":12.0,"turns":3.0},{"damage":21.0,"enemies":"Slime Boss","floor":16.0,"turns":8.0},{"damage":8.0,"enemies":"2 Thieves","floor":18.0,"turns":3.0},{"damage":0.0,"enemies":"Spheric Guardian","floor":20.0,"turns":3.0},{"damage":6.0,"enemies":"Snecko","floor":22.0,"turns":4.0},{"damage":18.0,"enemies":"Book of Stabbing","floor":23.0,"turns":5.0},{"damage":19.0,"enemies":"Gremlin Leader","floor":25.0,"turns":4.0},{"damage":2.0,"enemies":"Snake Plant","floor":27.0,"turns":2.0},{"damage":13.0,"enemies":"Book of Stabbing","floor":28.0,"turns":4.0},{"damage":24.0,"enemies":"Collector","floor":33.0,"turns":5.0},{"damage":6.0,"enemies":"3 Shapes","floor":35.0,"turns":2.0},{"damage":11.0,"enemies":"2 Orb Walkers","floor":36.0,"turns":3.0},{"damage":0.0,"enemies":"3 Darklings","floor":37.0,"turns":4.0},{"damage":20.0,"enemies":"Nemesis","floor":40.0,"turns":4.0},{"damage":3.0,"enemies":"Reptomancer","floor":42.0,"turns":2.0},{"damage":0.0,"enemies":"Jaw Worm Horde","floor":44.0,"turns":2.0},{"damage":25.0,"enemies":"Nemesis","floor":45.0,"turns":5.0},{"damage":0.0,"enemies":"Giant Head","floor":47.0,"turns":4.0},{"damage":0.0,"enemies":"Maw","floor":48.0,"turns":4.0},{"damage":37.0,"enemies":"Donu and Deca","floor":50.0,"turns":7.0},{"damage":11.0,"enemies":"Shield and Spear","floor":54.0,"turns":3.0},{"damage":78,"enemies":"The Heart","floor":55,"turns":6}],"seed_played":"-2666374868906688678","potions_obtained":[{"floor":3.0,"key":"Dexterity Potion"},{"floor":5.0,"key":"Energy Potion"},{"floor":7.0,"key":"SkillPotion"},{"floor":20.0,"key":"SkillPotion"},{"floor":23.0,"key":"AttackPotion"},{"floor":25.0,"key":"LiquidBronze"},{"floor":35.0,"key":"FearPotion"},{"floor":36.0,"key":"Dexterity Potion"},{"floor":37.0,"key":"Energy Potion"},{"floor":42.0,"key":"FearPotion"},{"floor":47.0,"key":"PowerPotion"}],"is_trial":false,"path_per_floor":["M","?","M","?","M","R","E","M","T","E","$","M","R","?","R","B",null,"M","?","M","?","M","E","R","E","T","M","E","R","$","?","R","B",null,"M","?","M","$","?","E","?","E","T","M","E","?","E","M","R","B",null,"R","$","E","B"],"character_chosen":"THE_SILENT","items_purchased":["Happy Flower","Accuracy","Riddle With Holes","Apotheosis","Blur","Weak Potion"],"campfire_rested":2,"item_purchase_floors":[11,30,30,53,53,53],"current_hp_per_floor":[39,56,55,55,55,55,41,26,26,22,22,22,22,22,22,1,70,62,46,46,46,40,22,43,24,24,22,9,30,30,30,30,6,70,64,53,53,53,70,50,50,47,47,47,22,61,61,63,63,26,63,63,63,52,0],"gold":52,"neow_bonus":"ONE_RARE_RELIC","is_prod":false,"is_daily":false,"chose_seed":false,"campfire_upgraded":5,"win_rate":1,"timestamp":1569162236,"path_taken":["M","?","M","?","M","R","E","M","T","E","$","M","R","?","R","BOSS","M","?","M","?","M","E","R","E","T","M","E","R","?","?","R","BOSS","M","?","M","$","?","E","?","E","T","M","E","?","E","M","R","BOSS","R","$","E","BOSS"],"build_version":"2019-07-17","purchased_purges":4,"victory":false,"max_hp_per_floor":[70,70,70,70,70,70,70,70,70,70,70,70,70,70,70,70,70,70,70,70,70,70,70,70,70,70,70,70,70,70,70,70,70,70,70,70,70,70,70,70,70,70,70,70,70,61,61,63,63,63,63,63,63,63,63],"card_choices":[{"not_picked":["Underhanded Strike","Outmaneuver"],"picked":"Cloak And Dagger","floor":1.0},{"not_picked":["Deflect","Predator"],"picked":"Cloak And Dagger","floor":3.0},{"not_picked":["Expertise","Dodge and Roll"],"picked":"Deadly Poison","floor":5.0},{"not_picked":["Dodge and Roll","Reflex"],"picked":"Endless Agony","floor":7.0},{"not_picked":["Eviscerate","Quick Slash"],"picked":"Dagger Spray","floor":8.0},{"not_picked":["Acrobatics","Bouncing Flask"],"picked":"Dagger Spray","floor":10.0},{"not_picked":["Reflex","Bane"],"picked":"Dagger Throw","floor":12.0},{"not_picked":["Die Die Die","Wraith Form v2"],"picked":"Phantasmal Killer","floor":16.0},{"not_picked":["Heel Hook","Dodge and Roll"],"picked":"Escape Plan","floor":18.0},{"not_picked":["Deadly Poison","All Out Attack"],"picked":"Cloak And Dagger","floor":20.0},{"not_picked":["Predator","Dagger Spray"],"picked":"Quick Slash","floor":22.0},{"not_picked":["Masterful Stab","Deadly Poison"],"picked":"Infinite Blades","floor":23.0},{"not_picked":["Backstab","Phantasmal Killer"],"picked":"Terror","floor":25.0},{"not_picked":["Backflip","Skewer","Blur"],"picked":"Tactician+1","floor":27.0},{"not_picked":["Leg Sweep","Backflip","All Out Attack"],"picked":"Underhanded Strike","floor":28.0},{"not_picked":["Glass Knife","Wraith Form v2","Bullet Time"],"picked":"Malaise","floor":33.0},{"not_picked":["Bane+1","Prepared+1","All Out Attack+1"],"picked":"Blade Dance+1","floor":35.0},{"not_picked":["Tactician+1","Quick Slash","Flying Knee"],"picked":"Backflip","floor":36.0},{"not_picked":["Quick Slash+1","Blade Dance","Cloak And Dagger"],"picked":"Sucker Punch+1","floor":37.0},{"not_picked":["Sucker Punch+1","Phantasmal Killer","Deflect"],"picked":"Choke+1","floor":40.0},{"not_picked":["Blade Dance","Sucker Punch+1","Flying Knee","Poisoned Stab"],"picked":"SKIP","floor":42.0},{"not_picked":["PiercingWail","Slice+1","Deflect+1"],"picked":"Well Laid Plans","floor":44.0},{"not_picked":["Dagger Throw","Leg Sweep","Prepared"],"picked":"Doppelganger","floor":45.0},{"not_picked":["Escape Plan+1","Dash+1","Blade Dance+1"],"picked":"Backflip","floor":47.0},{"not_picked":["Blur","Blade Dance+1","Dagger Throw","Backstab"],"picked":"Singing Bowl","floor":48.0},{"not_picked":["Predator+1","Dagger Throw","Dodge and Roll+1"],"picked":"Venomology","floor":54.0}],"player_experience":139166,"relics_obtained":[{"floor":7.0,"key":"Potion Belt"},{"floor":9.0,"key":"Centennial Puzzle"},{"floor":10.0,"key":"Boot"},{"floor":19.0,"key":"Enchiridion"},{"floor":23.0,"key":"Shuriken"},{"floor":25.0,"key":"Juzu Bracelet"},{"floor":26.0,"key":"Question Card"},{"floor":28.0,"key":"Bottled Flame"},{"floor":36.0,"key":"Tough Bandages"},{"floor":40.0,"key":"Pen Nib"},{"floor":43.0,"key":"MawBank"},{"floor":45.0,"key":"Singing Bowl"},{"floor":47.0,"key":"Ninja Scroll"},{"floor":54.0,"key":"Dodecahedron"}],"event_choices":[{"damage_healed":17.0,"max_hp_gain":0.0,"max_hp_loss":0.0,"gold_gain":0.0,"event_name":"The Cleric","player_choice":"Healed","floor":2.0,"gold_loss":35.0,"damage_taken":0.0},{"damage_healed":0.0,"max_hp_gain":0.0,"max_hp_loss":0.0,"gold_gain":0.0,"event_name":"Golden Idol","player_choice":"Take Wound","floor":4.0,"gold_loss":0.0,"damage_taken":0.0,"relics_obtained":["Golden Idol"],"cards_obtained":["Injury"]},{"damage_healed":0.0,"max_hp_gain":0.0,"max_hp_loss":0.0,"gold_gain":0.0,"event_name":"WeMeetAgain","player_choice":"Gave Potion","floor":14.0,"gold_loss":0.0,"damage_taken":0.0,"relics_obtained":["Ancient Tea Set"]},{"damage_healed":0.0,"max_hp_gain":0.0,"max_hp_loss":0.0,"gold_gain":0.0,"event_name":"Cursed Tome","player_choice":"Obtained Book","floor":19.0,"gold_loss":0.0,"damage_taken":16.0},{"damage_healed":0.0,"max_hp_gain":0.0,"max_hp_loss":0.0,"gold_gain":0.0,"event_name":"The Mausoleum","player_choice":"Opened","floor":21.0,"gold_loss":0.0,"damage_taken":0.0,"relics_obtained":["Vajra"],"cards_obtained":["Writhe"]},{"damage_healed":0.0,"max_hp_gain":0.0,"max_hp_loss":0.0,"gold_gain":0.0,"event_name":"Addict","player_choice":"Obtained Relic","floor":31.0,"gold_loss":85.0,"damage_taken":0.0,"relics_obtained":["Matryoshka"]},{"damage_healed":0.0,"max_hp_gain":0.0,"max_hp_loss":0.0,"gold_gain":0.0,"event_name":"Mysterious Sphere","player_choice":"Fight","floor":36.0,"gold_loss":0.0,"damage_taken":0.0},{"damage_healed":18.0,"max_hp_gain":0.0,"max_hp_loss":0.0,"gold_gain":0.0,"event_name":"Winding Halls","player_choice":"Writhe","floor":39.0,"gold_loss":0.0,"damage_taken":0.0,"cards_obtained":["Writhe"]},{"damage_healed":0.0,"max_hp_gain":0.0,"max_hp_loss":0.0,"gold_gain":0.0,"event_name":"Upgrade Shrine","player_choice":"Upgraded","floor":41.0,"gold_loss":0.0,"damage_taken":0.0,"cards_upgraded":["Infinite Blades"]},{"damage_healed":61.0,"max_hp_gain":0.0,"max_hp_loss":9.0,"gold_gain":0.0,"event_name":"The Moai Head","player_choice":"Heal","floor":46.0,"gold_loss":0.0,"damage_taken":0.0}],"is_beta":false,"boss_relics":[{"not_picked":["Velvet Choker","Eternal Feather"],"picked":"HoveringKite"},{"not_picked":["Runic Pyramid","WristBlade"],"picked":"Cursed Key"}],"items_purged_floors":[11,30,38,53],"is_endless":false,"potions_floor_spawned":[3,5,7,20,23,25,35,36,37,42,47],"killed_by":"The Heart","ascension_level":3}