{"gold_per_floor":[112,112,112,123,49,49,82,82,108,123,123,123,142,153,153,251,251,267,45,45,57,77,77,103,103,156,156,175,175,175,175,175,175],"floor_reached":33,"playtime":1010,"items_purged":["Strike_R"],"score":305,"play_id":"dadf23b6-5a1f-45c5-bd3b-9fdc29f006f3","local_time":"20190419135008","is_ascension_mode":true,"campfire_choices":[{"data":"Inflame","floor":6,"key":"SMITH"},{"data":"Armaments","floor":8,"key":"SMITH"},{"data":"Shrug It Off","floor":11,"key":"SMITH"},{"floor":15,"key":"REST"},{"data":"Inflame","floor":23,"key":"SMITH"},{"data":"Warcry","floor":25,"key":"SMITH"},{"data":"Warcry","floor":27,"key":"SMITH"},{"data":"Headbutt","floor":30,"key":"SMITH"},{"data":"Twin Strike","floor":32,"key":"SMITH"}],"neow_cost":"NONE","seed_source_timestamp":2316458095228900,"circlet_count":0,"master_deck":["Strike_R","Strike_R+1","Strike_R","Defend_R","Defend_R","Defend_R","Defend_R","Bash+1","Inflame+1","Armaments+1","Inflame+1","Warcry+1","Shrug It Off+1","Twin Strike+1","Immolate","Warcry+1","Flex+1","Battle Trance","Burning Pact","Headbutt+1","Decay"],"relics":["Eternal Feather","Kunai","Bronze Scales","Vajra","Mark of Pain","Anchor","Unceasing Top","Boot"],"potions_floor_usage":[7,13,16,22,22,28,31],"damage_taken":[{"damage":11,"enemies":"Jaw Worm","floor":1,"turns":4},{"damage":0,"enemies":"Small Slimes","floor":4,"turns":2},{"damage":25,"enemies":"Gremlin Nob","floor":7,"turns":4},{"damage":1,"enemies":"Cultist","floor":10,"turns":4},{"damage":0,"enemies":"Exordium Wildlife","floor":13,"turns":4},{"damage":12,"enemies":"Gremlin Gang","floor":14,"turns":5},{"damage":43,"enemies":"Slime Boss","floor":16,"turns":11},{"damage":25,"enemies":"Spheric Guardian","floor":18,"turns":4},{"damage":13,"enemies":"2 Thieves","floor":21,"turns":4},{"damage":1,"enemies":"3 Cultists","floor":22,"turns":5},{"damage":8,"enemies":"Book of Stabbing","floor":24,"turns":4},{"damage":16,"enemies":"Sentry and Sphere","floor":28,"turns":5},{"damage":0,"enemies":"Snecko","floor":31,"turns":2},{"damage":87,"enemies":"Champ","floor":33,"turns":14}],"seed_played":"-3948484996348016889","potions_obtained":[{"floor":4,"key":"EssenceOfSteel"},{"floor":10,"key":"PowerPotion"},{"floor":13,"key":"LiquidBronze"},{"floor":16,"key":"SkillPotion"},{"floor":18,"key":"Poison Potion"},{"floor":22,"key":"Explosive Potion"},{"floor":24,"key":"SmokeBomb"}],"is_trial":false,"path_per_floor":["M","?","?","M","$","R","E","R","T","M","R","?","M","M","R","B",null,"M","$","?","M","M","R","E","R","T","R","M","?","R","M","R","B"],"character_chosen":"IRONCLAD","items_purchased":["Inflame","Anchor"],"campfire_rested":1,"item_purchase_floors":[5,19],"current_hp_per_floor":[69,66,50,50,50,56,31,37,37,36,45,38,38,26,59,16,80,55,55,55,42,41,50,42,51,51,60,44,44,56,56,68,0],"gold":175,"neow_bonus":"BOSS_RELIC","is_prod":false,"is_daily":false,"chose_seed":false,"campfire_upgraded":8,"win_rate":0,"timestamp":1555671008,"path_taken":["M","?","?","M","$","R","E","R","T","M","R","?","M","?","R","BOSS","M","$","?","M","M","R","E","R","T","R","M","?","R","M","R","BOSS"],"build_version":"2019-01-23","purchased_purges":1,"victory":false,"max_hp_per_floor":[80,80,80,80,80,80,80,80,80,80,80,80,80,80,80,80,80,80,80,80,80,80,80,80,80,80,80,80,80,80,80,80,80],"card_choices":[{"not_picked":["Iron Wave","Headbutt"],"picked":"Inflame","floor":1},{"not_picked":["Whirlwind","Second Wind"],"picked":"Armaments","floor":4},{"not_picked":["Feed","Rupture"],"picked":"Warcry","floor":7},{"not_picked":["Hemokinesis","Anger"],"picked":"Shrug It Off","floor":10},{"not_picked":["Thunderclap","Warcry"],"picked":"Twin Strike","floor":13},{"not_picked":["Havoc","Blood for Blood","Burning Pact"],"picked":"SKIP","floor":14},{"not_picked":["Feed","Barricade"],"picked":"Immolate","floor":16},{"not_picked":["Anger","Evolve"],"picked":"Warcry","floor":18},{"not_picked":["Heavy Blade","Havoc"],"picked":"Flex+1","floor":21},{"not_picked":["Clothesline","Blood for Blood"],"picked":"Battle Trance","floor":22},{"not_picked":["Warcry","Havoc+1"],"picked":"Burning Pact","floor":24},{"not_picked":["Whirlwind","Combust"],"picked":"Headbutt","floor":28}],"player_experience":323950,"relics_obtained":[{"floor":7,"key":"Bronze Scales"},{"floor":9,"key":"Vajra"},{"floor":24,"key":"Unceasing Top"},{"floor":26,"key":"Boot"}],"event_choices":[{"damage_healed":0,"gold_gain":0,"player_choice":"Success","damage_taken":3,"relics_obtained":["Kunai"],"max_hp_gain":0,"max_hp_loss":0,"event_name":"Scrap Ooze","floor":2,"gold_loss":0},{"damage_healed":0,"gold_gain":0,"player_choice":"Entered Light","damage_taken":16,"max_hp_gain":0,"max_hp_loss":0,"event_name":"Shining Light","floor":3,"gold_loss":0,"cards_upgraded":["Strike_R","Bash"]},{"cards_removed":["Strike_R"],"damage_healed":0,"gold_gain":0,"player_choice":"Card Removal","damage_taken":7,"max_hp_gain":0,"max_hp_loss":0,"event_name":"Golden Wing","floor":12,"gold_loss":0},{"damage_healed":0,"gold_gain":0,"player_choice":"Ignored","damage_taken":0,"max_hp_gain":0,"max_hp_loss":0,"event_name":"Ghosts","floor":20,"gold_loss":0},{"damage_healed":0,"gold_gain":0,"player_choice":"Cursed","damage_taken":0,"max_hp_gain":0,"max_hp_loss":0,"event_name":"Wheel of Change","floor":29,"gold_loss":0,"cards_obtained":["Decay"]}],"is_beta":false,"boss_relics":[{"not_picked":["Coffee Dripper","Black Star"],"picked":"Mark of Pain"}],"items_purged_floors":[19],"is_endless":false,"potions_floor_spawned":[4,10,13,16,18,22,24],"killed_by":"Champ","ascension_level":3}