{"gold_per_floor":[119,44,44,64,139,139,177,200,200,200,151,151,151,170,170,170],"floor_reached":16,"playtime":377,"items_purged":["Defend_R"],"score":98,"play_id":"0b3225c2-ee4c-4f05-9a9a-f2a4c3a66611","local_time":"20180719213142","is_ascension_mode":false,"campfire_choices":[{"floor":6,"key":"REST"},{"floor":10,"key":"REST"},{"floor":12,"key":"REST"},{"data":"Perfected Strike","floor":15,"key":"SMITH"}],"neow_cost":"NONE","seed_source_timestamp":456788763068416,"circlet_count":0,"master_deck":["Strike_R","Strike_R","Strike_R+1","Strike_R+1","Strike_R","Defend_R","Defend_R","Defend_R","Bash","Perfected Strike+1","Cleave","Offering","Shrug It Off+1"],"relics":["Lizard Tail","Golden Idol","Pear","Whetstone"],"potions_floor_usage":[8,16],"damage_taken":[{"damage":1,"enemies":"Cultist","floor":1,"turns":4},{"damage":11,"enemies":"Jaw Worm","floor":4,"turns":4},{"damage":49,"enemies":"Lagavulin","floor":7,"turns":6},{"damage":0,"enemies":"2 Louse","floor":8,"turns":1},{"damage":10,"enemies":"Exordium Thugs","floor":14,"turns":3},{"damage":113,"enemies":"Hexaghost","floor":16,"turns":12}],"seed_played":"7606001247686906306","potions_obtained":[{"floor":4,"key":"Explosive Potion"},{"floor":8,"key":"GamblersBrew"}],"is_trial":false,"path_per_floor":["M","$","?","M","?","R","E","M","T","R","$","R","?","M","R"],"character_chosen":"IRONCLAD","items_purchased":["Shrug It Off"],"campfire_rested":3,"item_purchase_floors":[11],"current_hp_per_floor":[79,79,59,48,37,61,22,22,22,49,49,76,76,66,66,0],"gold":170,"neow_bonus":"BOSS_RELIC","is_prod":false,"is_daily":false,"chose_seed":false,"campfire_upgraded":1,"win_rate":0.0,"timestamp":1532025102,"path_taken":["M","$","?","?","?","R","E","M","T","R","?","R","?","M","R","BOSS"],"build_version":"2018-07-12","purchased_purges":1,"victory":false,"max_hp_per_floor":[80,80,80,80,80,80,90,90,90,90,90,90,90,90,90,90],"card_choices":[{"not_picked":["Armaments","Shockwave"],"picked":"Perfected Strike","floor":1},{"not_picked":["Pommel Strike","Heavy Blade"],"picked":"Cleave","floor":4},{"not_picked":["Spot Weakness","Dropkick"],"picked":"Offering","floor":7},{"not_picked":["Wild Strike","Searing Blow","Rampage"],"picked":"SKIP","floor":8},{"not_picked":["Clothesline","Rupture","Sword Boomerang"],"picked":"SKIP","floor":14}],"player_experience":105006,"relics_obtained":[{"floor":7,"key":"Pear"},{"floor":9,"key":"Whetstone"}],"event_choices":[{"event_name":"Golden Idol","player_choice":"Take Damage","floor":3,"damage_taken":0},{"event_name":"World of Goop","player_choice":"Gather Gold","floor":5,"damage_taken":0},{"event_name":"Upgrade Shrine","player_choice":"Upgraded","floor":13,"damage_taken":0}],"boss_relics":[],"items_purged_floors":[2],"is_endless":false,"potions_floor_spawned":[4,8],"killed_by":"Hexaghost","ascension_level":0}