{"gold_per_floor":[114,114,129,8,19,19,47,57,107,107,133,33,33,52,52,153,153,167,167,187,205,6,6,41,61,61,61,73,73,22,51,51,155,155,168,217,217,1,14,14,41,41,41,72,72,27,62,80,80,80,80,80,29,61,61],"floor_reached":55,"playtime":3104,"items_purged":["Pain","Strike_R","Strike_R"],"score":1305,"play_id":"96698f39-0f65-471f-be93-1d4f9c2389c9","local_time":"20190913165731","is_ascension_mode":true,"campfire_choices":[{"data":"True Grit","floor":6,"key":"SMITH"},{"data":"Shrug It Off","floor":10,"key":"SMITH"},{"data":"Spot Weakness","floor":13,"key":"SMITH"},{"data":"Iron Wave","floor":15,"key":"SMITH"},{"data":"True Grit","floor":23,"key":"SMITH"},{"data":"Metallicize","floor":29,"key":"SMITH"},{"data":"Offering","floor":32,"key":"SMITH"},{"data":"Limit Break","floor":40,"key":"SMITH"},{"data":"Exhume","floor":42,"key":"SMITH"},{"floor":49,"key":"RECALL"},{"data":"Offering","floor":52,"key":"SMITH"}],"neow_cost":"NONE","seed_source_timestamp":78478500200000,"circlet_count":0,"master_deck":["AscendersBane","Defend_R","Defend_R","Defend_R","Bash+1","Ghostly Armor","Iron Wave+1","Twin Strike","True Grit+1","Shrug It Off+1","Spot Weakness+1","Rampage","Offering+1","Pummel+1","Entrench+1","Fiend Fire+1","Rage","True Grit+1","Metallicize+1","Feed","Burning Pact+1","Offering+1","Battle Trance","Disarm+1","Limit Break+1","Seeing Red","Exhume+1","Warcry+1","Flame Barrier+1","Headbutt","Inflame+1"],"relics":["Burning Blood","WarpedTongs","Eternal Feather","Orichalcum","Toy Ornithopter","Astrolabe","Omamori","Centennial Puzzle","Pen Nib","SacredBark","Charon\u0027s Ashes","Question Card","Pocketwatch","Bag of Preparation","Art of War"],"potions_floor_usage":[16,24,24,25,31,36,47,47,55,55],"damage_taken":[{"damage":3,"enemies":"Small Slimes","floor":1,"turns":5},{"damage":9,"enemies":"Cultist","floor":3,"turns":6},{"damage":0,"enemies":"Jaw Worm","floor":5,"turns":3},{"damage":20,"enemies":"Lagavulin","floor":7,"turns":9},{"damage":4,"enemies":"Red Slaver","floor":8,"turns":5},{"damage":4,"enemies":"3 Sentries","floor":11,"turns":10},{"damage":0,"enemies":"2 Fungi Beasts","floor":14,"turns":4},{"damage":39,"enemies":"The Guardian","floor":16,"turns":10},{"damage":14,"enemies":"Spheric Guardian","floor":18,"turns":4},{"damage":6,"enemies":"Shell Parasite","floor":20,"turns":1},{"damage":12,"enemies":"Snecko","floor":21,"turns":6},{"damage":50,"enemies":"Gremlin Leader","floor":24,"turns":9},{"damage":9,"enemies":"Centurion and Healer","floor":25,"turns":9},{"damage":12,"enemies":"3 Cultists","floor":28,"turns":5},{"damage":20,"enemies":"Book of Stabbing","floor":31,"turns":2},{"damage":20,"enemies":"Champ","floor":33,"turns":14},{"damage":6,"enemies":"Orb Walker","floor":35,"turns":3},{"damage":30,"enemies":"2 Orb Walkers","floor":36,"turns":5},{"damage":6,"enemies":"3 Shapes","floor":39,"turns":4},{"damage":28,"enemies":"Giant Head","floor":41,"turns":6},{"damage":46,"enemies":"Nemesis","floor":44,"turns":9},{"damage":6,"enemies":"Reptomancer","floor":47,"turns":5},{"damage":12,"enemies":"Maw","floor":48,"turns":4},{"damage":65,"enemies":"Time Eater","floor":50,"turns":7},{"damage":12,"enemies":"Shield and Spear","floor":54,"turns":3},{"damage":110,"enemies":"The Heart","floor":55,"turns":3}],"seed_played":"7449242857947690989","potions_obtained":[{"floor":3,"key":"SpeedPotion"},{"floor":5,"key":"SteroidPotion"},{"floor":7,"key":"LiquidBronze"},{"floor":16,"key":"Regen Potion"},{"floor":24,"key":"Swift Potion"},{"floor":33,"key":"Poison Potion"},{"floor":44,"key":"AttackPotion"},{"floor":47,"key":"Fire Potion"}],"is_trial":false,"path_per_floor":["M","?","M","$","M","R","E","M","T","R","E","$","R","M","R","B",null,"M","?","M","M","$","R","E","M","T","?","M","R","$","E","R","B",null,"M","?","?","$","M","R","E","R","T","E","?","$","E","M","R","B",null,"R","$","E","B"],"character_chosen":"IRONCLAD","items_purchased":["Twin Strike","Metallicize","Strength Potion","Exhume","Regen Potion","Headbutt","PowerPotion"],"campfire_rested":0,"item_purchase_floors":[4,22,30,38,38,46,53],"current_hp_per_floor":[75,75,72,72,78,78,64,66,66,75,77,77,80,80,80,47,72,64,64,64,58,58,70,46,52,52,52,49,61,61,52,67,57,83,83,67,67,67,70,85,63,81,81,41,41,41,88,82,100,45,89,104,104,98,0],"gold":61,"neow_bonus":"UPGRADE_CARD","is_prod":false,"is_daily":false,"chose_seed":false,"campfire_upgraded":10,"win_rate":0,"timestamp":1568390251,"path_taken":["M","?","M","$","?","R","E","M","T","R","E","$","R","M","R","BOSS","M","?","M","M","$","R","E","?","T","?","?","R","$","E","R","BOSS","M","?","?","$","?","R","E","R","T","E","?","$","E","M","R","BOSS","R","$","E","BOSS"],"build_version":"2019-09-12","purchased_purges":3,"victory":false,"max_hp_per_floor":[80,80,80,80,80,80,80,80,80,80,80,80,80,80,80,80,80,80,80,80,80,80,80,80,84,84,84,87,87,87,87,87,91,91,91,94,94,94,97,97,97,97,97,97,97,97,100,100,100,104,104,104,104,104,104],"card_choices":[{"not_picked":["Clash","Heavy Blade"],"picked":"Ghostly Armor","floor":1},{"not_picked":["Flame Barrier","Sentinel"],"picked":"Iron Wave","floor":3},{"not_picked":["Bloodletting","Shrug It Off"],"picked":"True Grit","floor":5},{"not_picked":["Intimidate","True Grit"],"picked":"Shrug It Off","floor":7},{"not_picked":["Heavy Blade","Twin Strike"],"picked":"Iron Wave","floor":8},{"not_picked":["Burning Pact","Pommel Strike"],"picked":"Spot Weakness","floor":11},{"not_picked":["Warcry","Havoc"],"picked":"Rampage","floor":14},{"not_picked":["Brutality","Fiend Fire"],"picked":"Offering","floor":16},{"not_picked":["Armaments","Heavy Blade"],"picked":"Rage","floor":18},{"not_picked":["Pommel Strike","Inflame"],"picked":"True Grit","floor":20},{"not_picked":["Dual Wield+1","Heavy Blade","Clothesline"],"picked":"SKIP","floor":21},{"not_picked":["Inflame","Armaments"],"picked":"Feed","floor":24},{"not_picked":["Shrug It Off+1","Searing Blow"],"picked":"Burning Pact+1","floor":25},{"not_picked":["Clothesline","Shrug It Off"],"picked":"Battle Trance","floor":28},{"not_picked":["Sever Soul+1","True Grit+1"],"picked":"Disarm+1","floor":31},{"not_picked":["Impervious","Bludgeon"],"picked":"Limit Break","floor":33},{"not_picked":["Shrug It Off+1","Heavy Blade+1"],"picked":"Seeing Red","floor":35},{"not_picked":["Rampage","Armaments"],"picked":"Warcry+1","floor":39},{"not_picked":["Hemokinesis","Flex+1"],"picked":"Flame Barrier+1","floor":41},{"not_picked":["Heavy Blade","Sword Boomerang","Carnage","Armaments+1"],"picked":"SKIP","floor":44},{"not_picked":["Flame Barrier","Pommel Strike","Dark Embrace"],"picked":"Inflame+1","floor":47},{"not_picked":["Shrug It Off","Entrench","Headbutt+1","Anger+1"],"picked":"SKIP","floor":48},{"not_picked":["Anger","Intimidate+1","Iron Wave","Sentinel"],"picked":"SKIP","floor":54}],"player_experience":1469983,"relics_obtained":[{"floor":7,"key":"Eternal Feather"},{"floor":9,"key":"Orichalcum"},{"floor":11,"key":"Toy Ornithopter"},{"floor":24,"key":"Omamori"},{"floor":26,"key":"Centennial Puzzle"},{"floor":31,"key":"Pen Nib"},{"floor":36,"key":"Charon\u0027s Ashes"},{"floor":41,"key":"Question Card"},{"floor":44,"key":"Pocketwatch"},{"floor":47,"key":"Bag of Preparation"},{"floor":54,"key":"Art of War"}],"event_choices":[{"damage_healed":0,"gold_gain":0,"player_choice":"Rummage","damage_taken":0,"relics_obtained":["WarpedTongs"],"max_hp_gain":0,"max_hp_loss":0,"event_name":"Accursed Blacksmith","floor":2,"gold_loss":0,"cards_obtained":["Pain"]},{"cards_removed":["Strike_R"],"damage_healed":0,"gold_gain":0,"player_choice":"Purged","damage_taken":0,"max_hp_gain":0,"max_hp_loss":0,"event_name":"Purifier","floor":19,"gold_loss":0},{"damage_healed":0,"gold_gain":0,"player_choice":"Copied","damage_taken":0,"max_hp_gain":0,"max_hp_loss":0,"event_name":"Duplicator","floor":27,"gold_loss":0,"cards_obtained":["Offering"]},{"damage_healed":0,"gold_gain":0,"player_choice":"Fight","damage_taken":0,"max_hp_gain":0,"max_hp_loss":0,"event_name":"Mysterious Sphere","floor":36,"gold_loss":0},{"damage_healed":0,"gold_gain":0,"player_choice":"Cursed","damage_taken":0,"max_hp_gain":0,"max_hp_loss":0,"event_name":"Wheel of Change","floor":37,"gold_loss":0,"cards_obtained":["Decay"]},{"cards_removed":["Iron Wave"],"damage_healed":0,"gold_gain":0,"player_choice":"Removed Attack","damage_taken":0,"max_hp_gain":0,"max_hp_loss":0,"event_name":"Falling","floor":45,"gold_loss":0}],"is_beta":true,"boss_relics":[{"not_picked":["Mark of Pain","Tiny House"],"picked":"Astrolabe"},{"not_picked":["Velvet Choker","Sozu"],"picked":"SacredBark"}],"items_purged_floors":[4,12,22],"is_endless":false,"potions_floor_spawned":[3,5,7,11,16,21,24,33,44,47,54],"killed_by":"The Heart","ascension_level":11}