{"gold_per_floor":[112,187,187,147,163,163,163,163,163,178,178,118,136,56,56,157,157,175,195,214,35,35,35,48,74,74,74],"floor_reached":27,"playtime":836,"items_purged":["Strike_R","Defend_R","Strike_R"],"score":265,"play_id":"0813ef8b-4513-4eb3-be57-24f9dc3e0f2a","local_time":"20190503172403","is_ascension_mode":true,"campfire_choices":[{"floor":6.0,"key":"REST"},{"floor":8.0,"key":"REST"},{"floor":15.0,"key":"REST"},{"floor":23,"key":"REST"}],"neow_cost":"NONE","seed_source_timestamp":0,"circlet_count":0,"master_deck":["Strike_R","Strike_R","Strike_R","Defend_R","Defend_R","Defend_R","Bash","Shrug It Off","Spot Weakness","Flame Barrier","Offering","Dual Wield","Wild Strike+1","Armaments","Burning Pact","Iron Wave","Necronomicurse","Double Tap","Feel No Pain","Clumsy"],"special_seed":0,"relics":["Fusion Hammer","Torii","The Courier","Turnip","Potion Belt","Cursed Key","Necronomicon","Magic Flower","Sundial"],"potions_floor_usage":[24,24,27],"damage_taken":[{"damage":0.0,"enemies":"Small Slimes","floor":1.0,"turns":3.0},{"damage":0.0,"enemies":"Jaw Worm","floor":5.0,"turns":3.0},{"damage":0.0,"enemies":"2 Louse","floor":10.0,"turns":3.0},{"damage":1.0,"enemies":"Exordium Thugs","floor":13.0,"turns":6.0},{"damage":78.0,"enemies":"The Guardian","floor":16.0,"turns":11.0},{"damage":8.0,"enemies":"Shell Parasite","floor":18.0,"turns":6.0},{"damage":10.0,"enemies":"3 Byrds","floor":19.0,"turns":2.0},{"damage":13.0,"enemies":"Snake Plant","floor":20.0,"turns":2.0},{"damage":6,"enemies":"Snecko","floor":24,"turns":3},{"damage":36,"enemies":"Slavers","floor":25,"turns":6},{"damage":30,"enemies":"Gremlin Leader","floor":27,"turns":2}],"seed_played":"2227199340620785213","potions_obtained":[{"floor":4.0,"key":"Ancient Potion"},{"floor":4.0,"key":"Swift Potion"},{"floor":4.0,"key":"AttackPotion"},{"floor":16.0,"key":"Explosive Potion"},{"floor":19.0,"key":"Regen Potion"},{"floor":25,"key":"BloodPotion"}],"is_trial":false,"path_per_floor":["M","?","?","?","M","R","T","R","T","M","?","$","M","$","R","B",null,"M","M","M","$","?","R","M","E","T","E"],"character_chosen":"IRONCLAD","items_purchased":["Burning Pact","Iron Wave"],"campfire_rested":4,"item_purchase_floors":[21,21],"current_hp_per_floor":[80,69,51,51,51,75,75,80,80,80,80,80,79,79,80,2,80,72,62,49,49,33,57,51,15,15,0],"gold":74,"neow_bonus":"BOSS_RELIC","is_prod":false,"is_daily":false,"chose_seed":false,"campfire_upgraded":0,"win_rate":0,"timestamp":1556893443,"path_taken":["M","?","?","?","?","R","?","R","T","M","?","$","M","?","R","BOSS","M","M","M","$","?","R","M","E","T","E"],"build_version":"2019-01-23","purchased_purges":3,"victory":false,"max_hp_per_floor":[80,80,80,80,80,80,80,80,80,80,80,80,80,80,80,80,80,80,80,80,80,80,80,80,80,80,80],"card_choices":[{"not_picked":["Perfected Strike","Sword Boomerang"],"picked":"Shrug It Off","floor":1.0},{"not_picked":["Headbutt","Sever Soul"],"picked":"Spot Weakness","floor":5.0},{"not_picked":["True Grit","Reaper"],"picked":"Flame Barrier","floor":10.0},{"not_picked":["Anger","Blood for Blood","True Grit"],"picked":"SKIP","floor":13.0},{"not_picked":["Exhume","Limit Break"],"picked":"Offering","floor":16.0},{"not_picked":["Rupture","Corruption"],"picked":"Dual Wield","floor":18.0},{"not_picked":["True Grit","Dropkick"],"picked":"Wild Strike+1","floor":19.0},{"not_picked":["Headbutt","Spot Weakness"],"picked":"Armaments","floor":20.0},{"not_picked":["Headbutt","Rampage"],"picked":"Double Tap","floor":24},{"not_picked":["Uppercut","Entrench+1"],"picked":"Feel No Pain","floor":25}],"player_experience":342898,"relics_obtained":[{"floor":7.0,"key":"The Courier"},{"floor":9.0,"key":"Turnip"},{"floor":22,"key":"Necronomicon"},{"floor":25,"key":"Magic Flower"},{"floor":26,"key":"Sundial"}],"event_choices":[{"damage_healed":0.0,"max_hp_gain":0.0,"max_hp_loss":0.0,"gold_gain":75.0,"event_name":"World of Goop","player_choice":"Gather Gold","floor":2.0,"gold_loss":0.0,"damage_taken":11.0},{"damage_healed":0.0,"max_hp_gain":0.0,"max_hp_loss":0.0,"gold_gain":0.0,"event_name":"Scrap Ooze","player_choice":"Success","floor":3.0,"gold_loss":0.0,"damage_taken":18.0,"relics_obtained":["Torii"]},{"damage_healed":0.0,"max_hp_gain":0.0,"max_hp_loss":0.0,"gold_gain":0.0,"event_name":"The Woman in Blue","player_choice":"Bought 3 Potions","floor":4.0,"gold_loss":0.0,"damage_taken":0.0},{"damage_healed":0.0,"max_hp_gain":0.0,"max_hp_loss":0.0,"gold_gain":0.0,"event_name":"Dead Adventurer","player_choice":"Searched \u00271\u0027 times","floor":11.0,"gold_loss":0.0,"damage_taken":0.0,"relics_obtained":["Potion Belt"]},{"damage_healed":0,"gold_gain":0,"player_choice":"Obtained Book","damage_taken":16,"max_hp_gain":0,"max_hp_loss":0,"event_name":"Cursed Tome","floor":22,"gold_loss":0}],"is_beta":false,"boss_relics":[{"not_picked":["Velvet Choker","Runic Dome"],"picked":"Cursed Key"}],"items_purged_floors":[12,14,21],"is_endless":false,"potions_floor_spawned":[16,19,25],"killed_by":"Gremlin Leader","ascension_level":4}