{"gold_per_floor":[113,128,146,160,160,160,189,38,38,38,54,72,105,135,135,231,231,247,257,257,28,39,39,69,69,69,79,97,116,116,168,168,270,270,282,294,394,17,34,59,77,77,77,104,31,31,31,45,45,45],"floor_reached":51,"playtime":4886,"items_purged":[],"score":839,"play_id":"9f266e00-ef78-4d46-bca1-130f81a81c03","local_time":"20190914113101","is_ascension_mode":false,"campfire_choices":[{"data":"Redo","floor":6,"key":"SMITH"},{"floor":10,"key":"REST"},{"data":"Zap","floor":15,"key":"SMITH"},{"data":"Dualcast","floor":23,"key":"SMITH"},{"data":"Capacitor","floor":25,"key":"SMITH"},{"floor":30,"key":"REST"},{"data":"Electrodynamics","floor":32,"key":"SMITH"},{"data":"Buffer","floor":42,"key":"SMITH"},{"data":"Capacitor","floor":49,"key":"SMITH"}],"neow_cost":"NONE","seed_source_timestamp":0,"circlet_count":0,"master_deck":["Strike_B","Strike_B","Strike_B","Strike_B","Defend_B","Defend_B","Defend_B","Defend_B","Zap+1","Dualcast+1","Lockon","Genetic Algorithm","Redo+1","Capacitor+1","Double Energy+1","Glacier+1","Leap+1","Ball Lightning","Fusion+1","Coolheaded+1","Aggregate+1","Electrodynamics+1","White Noise+1","Doom and Gloom","White Noise+1","Genetic Algorithm+1","Leap+1","Loop+1","Sweeping Beam+1","Static Discharge+1","Stack+1","Hologram+1","Seek+1","Self Repair","Buffer+1","Steam+1","Storm","Steam+1","Cold Snap","Go for the Eyes","Steam+1","Gash","Fusion+1","Rainbow+1","Deep Breath+1","Capacitor+1"],"special_seed":0,"relics":["Cracked Core","Happy Flower","Toxic Egg 2","Letter Opener","Question Card","Gremlin Horn","Lizard Tail","DollysMirror","Bottled Lightning","Unceasing Top","Orichalcum","Nuclear Battery","Mango","Bronze Scales","Ice Cream","Darkstone Periapt","Centennial Puzzle"],"potions_floor_usage":[7,13,16,16,33,50,50,50],"damage_taken":[{"damage":0.0,"enemies":"Small Slimes","floor":1.0,"turns":3.0},{"damage":0,"enemies":"2 Louse","floor":2,"turns":2},{"damage":0,"enemies":"Cultist","floor":3,"turns":2},{"damage":20,"enemies":"Exordium Thugs","floor":4,"turns":4},{"damage":29,"enemies":"Gremlin Nob","floor":7,"turns":4},{"damage":6,"enemies":"3 Louse","floor":11,"turns":2},{"damage":10,"enemies":"Looter","floor":12,"turns":2},{"damage":0,"enemies":"Lagavulin","floor":13,"turns":7},{"damage":13,"enemies":"Hexaghost","floor":16,"turns":10},{"damage":21,"enemies":"3 Byrds","floor":18,"turns":5},{"damage":5,"enemies":"Chosen","floor":19,"turns":4},{"damage":2,"enemies":"Centurion and Healer","floor":22,"turns":6},{"damage":3,"enemies":"Book of Stabbing","floor":24,"turns":6},{"damage":0,"enemies":"Snake Plant","floor":27,"turns":3},{"damage":2,"enemies":"Shelled Parasite and Fungi","floor":28,"turns":4},{"damage":0,"enemies":"3 Cultists","floor":29,"turns":1},{"damage":22,"enemies":"Champ","floor":33,"turns":10},{"damage":0,"enemies":"3 Shapes","floor":35,"turns":1},{"damage":0,"enemies":"Orb Walker","floor":36,"turns":1},{"damage":18,"enemies":"Mind Bloom Boss Battle","floor":37,"turns":4},{"damage":0,"enemies":"Sphere and 2 Shapes","floor":39,"turns":1},{"damage":0,"enemies":"Reptomancer","floor":40,"turns":1},{"damage":0,"enemies":"4 Shapes","floor":41,"turns":1},{"damage":0,"enemies":"Giant Head","floor":44,"turns":3},{"damage":0,"enemies":"Maw","floor":48,"turns":3},{"damage":36,"enemies":"Time Eater","floor":50,"turns":10}],"seed_played":"-2799551190171300771","potions_obtained":[{"floor":3,"key":"Swift Potion"},{"floor":4,"key":"Regen Potion"},{"floor":11,"key":"SpeedPotion"},{"floor":13,"key":"AttackPotion"},{"floor":16,"key":"Swift Potion"},{"floor":24,"key":"EssenceOfSteel"},{"floor":27,"key":"SpeedPotion"},{"floor":33,"key":"Fire Potion"},{"floor":35,"key":"Ancient Potion"}],"is_trial":false,"path_per_floor":["M","M","M","M","?","R","E","$","T","R","M","M","E","?","R","B",null,"M","M","?","$","M","R","E","R","T","M","M","M","R","T","R","B",null,"M","M","?","$","M","E","M","R","T","E","$","?","?","M","R","B",null],"character_chosen":"DEFECT","items_purchased":["Glacier+1","Leap+1","Ball Lightning","DollysMirror","Leap+1","Blizzard","Storm","Bronze Scales","Steam+1","Cold Snap","Rainbow+1"],"campfire_rested":2,"item_purchase_floors":[8,8,8,21,21,38,38,38,38,38,45],"current_hp_per_floor":[82,82,82,62,59,59,30,30,30,54,48,38,53,53,53,40,82,61,56,56,56,54,54,51,51,51,51,49,49,73,73,73,51,82,82,82,85,85,85,92,96,96,96,96,96,96,96,96,96,67],"gold":45,"neow_bonus":"TEN_PERCENT_HP_BONUS","is_prod":false,"is_daily":false,"chose_seed":false,"campfire_upgraded":7,"win_rate":0.0,"timestamp":1568485861,"path_taken":["M","M","M","M","?","R","E","$","T","R","M","M","E","?","R","BOSS","M","M","?","$","M","R","E","R","T","M","?","M","R","?","R","BOSS","M","M","?","$","M","E","M","R","T","E","$","?","?","M","R","BOSS"],"build_version":"2019-07-17","purchased_purges":0,"victory":true,"max_hp_per_floor":[82,82,82,82,82,82,82,82,82,82,82,82,82,82,82,82,82,82,82,82,82,82,82,82,82,82,82,82,82,82,82,82,82,82,82,82,96,96,96,96,96,96,96,96,96,96,96,96,96,96],"card_choices":[{"not_picked":["Streamline","Go for the Eyes"],"picked":"Lockon","floor":1},{"not_picked":["Compile Driver","Beam Cell"],"picked":"Genetic Algorithm","floor":2},{"not_picked":["Biased Cognition","Leap"],"picked":"Redo","floor":3},{"not_picked":["Sweeping Beam","Gash"],"picked":"Capacitor","floor":4},{"not_picked":["Go for the Eyes","Cold Snap"],"picked":"Double Energy","floor":7},{"not_picked":["Streamline","Compile Driver"],"picked":"Fusion+1","floor":11},{"not_picked":["Streamline","Consume+1"],"picked":"Coolheaded+1","floor":12},{"not_picked":["All For One","Steam+1"],"picked":"Aggregate+1","floor":13},{"not_picked":["Thunder Strike","Seek+1","Multi-Cast+1"],"picked":"Electrodynamics","floor":16},{"not_picked":["Reprogram+1","Stack+1","Coolheaded+1"],"picked":"White Noise+1","floor":18},{"not_picked":["Glacier+1","Ball Lightning+1","Leap+1"],"picked":"Doom and Gloom","floor":19},{"not_picked":["Beam Cell","Leap+1","Heatsinks"],"picked":"Loop+1","floor":22},{"not_picked":["Hello World","Conserve Battery+1","Gash+1"],"picked":"Sweeping Beam+1","floor":24},{"not_picked":["Chaos+1","Machine Learning","Auto Shields+1"],"picked":"Static Discharge+1","floor":27},{"not_picked":["Ball Lightning","Defragment","Conserve Battery+1"],"picked":"Stack+1","floor":28},{"not_picked":["Go for the Eyes","Coolheaded+1","Beam Cell+1"],"picked":"Hologram+1","floor":29},{"not_picked":["Machine Learning","Rainbow+1","Biased Cognition"],"picked":"Seek+1","floor":33},{"not_picked":["Hello World","Ball Lightning","Go for the Eyes"],"picked":"Self Repair","floor":35},{"not_picked":["Steam+1","Conserve Battery+1","Ball Lightning+1"],"picked":"Buffer","floor":36},{"not_picked":["Ball Lightning","Gash+1","Leap+1"],"picked":"Steam+1","floor":37},{"not_picked":["Stack+1","Sweeping Beam+1","Compile Driver"],"picked":"Go for the Eyes","floor":39},{"not_picked":["Sweeping Beam+1","Conserve Battery+1","Skim+1"],"picked":"Steam+1","floor":40},{"not_picked":["Leap+1","Conserve Battery+1","Rip and Tear"],"picked":"Gash","floor":41},{"not_picked":["Conserve Battery+1","Steam+1","Coolheaded+1"],"picked":"Fusion+1","floor":44},{"not_picked":["Master of Strategy+1","Transmutation+1","Forethought+1"],"picked":"Deep Breath+1","floor":47},{"not_picked":["Leap+1","Glacier+1","Compile Driver"],"picked":"Capacitor","floor":48}],"player_experience":49855,"relics_obtained":[{"floor":7,"key":"Toxic Egg 2"},{"floor":9,"key":"Letter Opener"},{"floor":13,"key":"Question Card"},{"floor":24,"key":"Bottled Lightning"},{"floor":26,"key":"Unceasing Top"},{"floor":31,"key":"Orichalcum"},{"floor":37,"key":"Mango"},{"floor":40,"key":"Ice Cream"},{"floor":43,"key":"Darkstone Periapt"},{"floor":44,"key":"Centennial Puzzle"}],"event_choices":[{"damage_healed":0,"gold_gain":0,"player_choice":"Success","damage_taken":3,"relics_obtained":["Happy Flower"],"max_hp_gain":0,"max_hp_loss":0,"event_name":"Scrap Ooze","floor":5,"gold_loss":0},{"damage_healed":0,"gold_gain":30,"player_choice":"Searched \u00272\u0027 times","damage_taken":0,"relics_obtained":["Gremlin Horn"],"max_hp_gain":0,"max_hp_loss":0,"event_name":"Dead Adventurer","floor":14,"gold_loss":0},{"damage_healed":0,"gold_gain":0,"player_choice":"Copied","damage_taken":0,"max_hp_gain":0,"max_hp_loss":0,"event_name":"Duplicator","floor":20,"gold_loss":0,"cards_obtained":["White Noise"]},{"damage_healed":0,"gold_gain":0,"player_choice":"Fight","damage_taken":0,"max_hp_gain":0,"max_hp_loss":0,"event_name":"MindBloom","floor":37,"gold_loss":0},{"cards_removed":["Blizzard"],"damage_healed":0,"gold_gain":0,"player_choice":"Removed Attack","damage_taken":0,"max_hp_gain":0,"max_hp_loss":0,"event_name":"Falling","floor":46,"gold_loss":0},{"damage_healed":0,"gold_gain":0,"player_choice":"Memory 1","damage_taken":0,"max_hp_gain":0,"max_hp_loss":0,"event_name":"SensoryStone","floor":47,"gold_loss":0}],"is_beta":false,"boss_relics":[{"not_picked":["Orrery","Runic Dome"],"picked":"Lizard Tail"},{"not_picked":["Black Star","Eternal Feather"],"picked":"Nuclear Battery"}],"items_purged_floors":[],"is_endless":false,"potions_floor_spawned":[3,4,11,13,16,24,27,28,29,33,35,48],"ascension_level":0}