{"gold_per_floor":[111,111,32,32,48,64,77,111,111,111,136,136,136,152,152,252,252,270,230,241,117,117,117,17,17,42,55,55,80,80,109,109,211,211,227,84,184,202,214,229,260,274,274,304,320,320,339,365,365,365,365,365,37,66,66],"floor_reached":56,"playtime":3170,"items_purged":["Strike_R+1","Defend_R","Dropkick"],"score":1235,"play_id":"ccfade2c-45bd-41c5-8a1f-989ed856bc70","local_time":"20190917161159","is_ascension_mode":false,"campfire_choices":[{"data":"Barricade","floor":10,"key":"SMITH"},{"data":"Uppercut","floor":12,"key":"SMITH"},{"data":"Disarm","floor":15,"key":"SMITH"},{"data":"Inflame","floor":23,"key":"SMITH"},{"data":"Bash","floor":25,"key":"SMITH"},{"data":"Havoc","floor":28,"key":"SMITH"},{"data":"Defend_R","floor":30,"key":"PURGE"},{"data":"Rage","floor":32,"key":"SMITH"},{"floor":46,"key":"RECALL"},{"data":"Shrug It Off","floor":49,"key":"SMITH"},{"data":"Defend_R","floor":52,"key":"PURGE"}],"neow_cost":"TEN_PERCENT_HP_LOSS","seed_source_timestamp":221120916612000,"circlet_count":0,"master_deck":["Defend_R+1","Bash+1","Disarm+1","Flame Barrier+1","Uppercut+1","Headbutt","Barricade+1","Shrug It Off+1","Inflame+1","Reaper","Juggernaut+1","Dropkick+1","Spot Weakness+1","Shrug It Off","Havoc+1","Rage+1","Feed","Uppercut+1","Reaper","Combust+1","Clothesline"],"relics":["Burning Blood","Magic Flower","TungstenRod","Torii","Meat on the Bone","Astrolabe","Enchiridion","Peace Pipe","Vajra","Snecko Eye","TheAbacus","Ancient Tea Set","Turnip","Art of War","Smiling Mask","Happy Flower","Akabeko"],"potions_floor_usage":[8,29,42,55,55,55],"damage_taken":[{"damage":21,"enemies":"Small Slimes","floor":1,"turns":5},{"damage":1,"enemies":"Cultist","floor":5,"turns":3},{"damage":0,"enemies":"2 Louse","floor":6,"turns":3},{"damage":16,"enemies":"Gremlin Gang","floor":7,"turns":7},{"damage":28,"enemies":"Lagavulin","floor":8,"turns":9},{"damage":5,"enemies":"Gremlin Nob","floor":11,"turns":4},{"damage":0,"enemies":"Exordium Thugs","floor":14,"turns":4},{"damage":23,"enemies":"The Guardian","floor":16,"turns":12},{"damage":18,"enemies":"Spheric Guardian","floor":18,"turns":6},{"damage":0,"enemies":"3 Byrds","floor":20,"turns":7},{"damage":5,"enemies":"Shelled Parasite and Fungi","floor":27,"turns":10},{"damage":92,"enemies":"Slavers","floor":29,"turns":7},{"damage":29,"enemies":"Gremlin Leader","floor":31,"turns":8},{"damage":80,"enemies":"Automaton","floor":33,"turns":11},{"damage":0,"enemies":"3 Darklings","floor":35,"turns":8},{"damage":0,"enemies":"Orb Walker","floor":38,"turns":3},{"damage":0,"enemies":"3 Darklings","floor":39,"turns":6},{"damage":0,"enemies":"Maw","floor":40,"turns":8},{"damage":11,"enemies":"Nemesis","floor":41,"turns":7},{"damage":16,"enemies":"4 Shapes","floor":42,"turns":3},{"damage":9,"enemies":"Giant Head","floor":44,"turns":8},{"damage":0,"enemies":"Sphere and 2 Shapes","floor":45,"turns":6},{"damage":13,"enemies":"Jaw Worm Horde","floor":47,"turns":4},{"damage":14,"enemies":"Reptomancer","floor":48,"turns":5},{"damage":23,"enemies":"Awakened One","floor":50,"turns":12},{"damage":65,"enemies":"Shield and Spear","floor":54,"turns":9},{"damage":33,"enemies":"The Heart","floor":55,"turns":10}],"seed_played":"-7980897258050740912","potions_obtained":[{"floor":5,"key":"SkillPotion"},{"floor":11,"key":"BloodPotion"},{"floor":16,"key":"BloodPotion"},{"floor":29,"key":"Explosive Potion"},{"floor":33,"key":"BloodPotion"},{"floor":35,"key":"SpeedPotion"},{"floor":39,"key":"PowerPotion"},{"floor":42,"key":"Dexterity Potion"},{"floor":48,"key":"FearPotion"}],"is_trial":false,"path_per_floor":["M","?","$","?","M","M","M","E","T","R","E","R","?","M","R","B",null,"M","?","M","$","?","R","$","R","T","M","R","E","R","E","R","B",null,"M","$","?","M","M","M","E","M","T","E","M","R","M","E","R","B",null,"R","$","E","B",null],"character_chosen":"IRONCLAD","items_purchased":["Disarm","Shrug It Off","TheAbacus","Happy Flower","Clothesline","LiquidBronze"],"campfire_rested":0,"item_purchase_floors":[3,21,36,53,53,53],"current_hp_per_floor":[60,46,46,46,54,63,56,37,37,37,41,41,41,50,50,54,72,72,72,72,72,60,60,60,60,60,72,72,64,64,65,65,63,72,75,75,75,78,81,81,81,74,74,84,87,87,90,90,90,93,93,93,93,68,93],"gold":66,"neow_bonus":"ONE_RARE_RELIC","is_prod":false,"is_daily":false,"chose_seed":false,"campfire_upgraded":8,"win_rate":0,"timestamp":1568733119,"path_taken":["M","?","$","?","M","M","?","E","T","R","E","R","?","M","R","BOSS","M","?","?","$","?","R","$","R","T","M","R","E","R","E","R","BOSS","M","$","?","?","?","M","E","M","T","E","M","R","M","E","R","BOSS","R","$","E","BOSS"],"build_version":"2019-09-16v2","purchased_purges":3,"victory":true,"max_hp_per_floor":[72,72,72,72,72,72,72,72,72,72,72,72,72,72,72,72,72,72,72,72,72,72,72,72,72,72,72,72,72,72,72,72,72,72,75,75,75,78,81,81,81,81,81,84,87,87,90,90,90,93,93,93,93,93,93],"card_choices":[{"not_picked":["Twin Strike","Infernal Blade"],"picked":"Dropkick","floor":1},{"not_picked":["Clothesline","Disarm"],"picked":"Flame Barrier","floor":5},{"not_picked":["Perfected Strike","Pommel Strike"],"picked":"Uppercut","floor":6},{"not_picked":["Clothesline","Corruption"],"picked":"Headbutt","floor":7},{"not_picked":["True Grit","Battle Trance"],"picked":"Barricade","floor":8},{"not_picked":["Shockwave","Perfected Strike"],"picked":"Shrug It Off","floor":11},{"not_picked":["True Grit","Ghostly Armor"],"picked":"Inflame","floor":14},{"not_picked":["Bludgeon","Juggernaut"],"picked":"Reaper","floor":16},{"not_picked":["Rampage+1","Pummel","Burning Pact"],"picked":"SKIP","floor":18},{"not_picked":["Headbutt+1","Clothesline","Perfected Strike+1"],"picked":"SKIP","floor":20},{"not_picked":["Blood for Blood","Flex"],"picked":"Havoc","floor":27},{"not_picked":["Inflame+1","Flex","Perfected Strike"],"picked":"SKIP","floor":29},{"not_picked":["Feel No Pain","Headbutt"],"picked":"Rage","floor":31},{"not_picked":["Fiend Fire","Dark Embrace"],"picked":"Feed","floor":33},{"not_picked":["Heavy Blade","Fire Breathing"],"picked":"Uppercut+1","floor":35},{"not_picked":["Headbutt+1","Thunderclap+1","Rupture+1"],"picked":"SKIP","floor":38},{"not_picked":["Seeing Red+1","Armaments+1","Burning Pact"],"picked":"SKIP","floor":39},{"not_picked":["Cleave+1","Feel No Pain","Power Through"],"picked":"SKIP","floor":40},{"not_picked":["Clothesline","True Grit","Perfected Strike"],"picked":"SKIP","floor":41},{"not_picked":["Twin Strike","Wild Strike+1","Intimidate"],"picked":"SKIP","floor":42},{"not_picked":["Warcry","Clothesline+1"],"picked":"Reaper","floor":44},{"not_picked":["Inflame","Blood for Blood"],"picked":"Combust+1","floor":45},{"not_picked":["Wild Strike","Iron Wave+1","Infernal Blade+1"],"picked":"SKIP","floor":47},{"not_picked":["Armaments+1","Dropkick+1","Feed"],"picked":"SKIP","floor":48},{"not_picked":["Armaments+1","Dropkick+1","Feed"],"picked":"SKIP","floor":48},{"not_picked":["Armaments","Anger","Pummel+1"],"picked":"SKIP","floor":54}],"player_experience":1514724,"relics_obtained":[{"floor":8,"key":"TungstenRod"},{"floor":9,"key":"Torii"},{"floor":11,"key":"Meat on the Bone"},{"floor":22,"key":"Enchiridion"},{"floor":29,"key":"Peace Pipe"},{"floor":31,"key":"Vajra"},{"floor":41,"key":"Ancient Tea Set"},{"floor":43,"key":"Turnip"},{"floor":44,"key":"Art of War"},{"floor":48,"key":"Smiling Mask"},{"floor":54,"key":"Akabeko"}],"event_choices":[{"damage_healed":0,"gold_gain":0,"player_choice":"Entered Light","damage_taken":14,"max_hp_gain":0,"max_hp_loss":0,"event_name":"Shining Light","floor":2,"gold_loss":0,"cards_upgraded":["Strike_R","Defend_R"]},{"cards_removed":["Strike_R"],"damage_healed":0,"gold_gain":0,"player_choice":"Offered Basic","damage_taken":0,"max_hp_gain":0,"max_hp_loss":0,"event_name":"Bonfire Elementals","floor":4,"gold_loss":0},{"damage_healed":0,"gold_gain":0,"player_choice":"Ignored","damage_taken":0,"max_hp_gain":0,"max_hp_loss":0,"event_name":"Liars Game","floor":13,"gold_loss":0},{"damage_healed":0,"gold_gain":0,"player_choice":"Upgrade","damage_taken":0,"max_hp_gain":0,"max_hp_loss":0,"event_name":"Designer","floor":19,"gold_loss":40,"cards_upgraded":["Flame Barrier"]},{"damage_healed":0,"gold_gain":0,"player_choice":"Obtained Book","damage_taken":16,"max_hp_gain":0,"max_hp_loss":0,"event_name":"Cursed Tome","floor":22,"gold_loss":0},{"damage_healed":0,"gold_gain":100,"player_choice":"Pray","damage_taken":0,"max_hp_gain":0,"max_hp_loss":0,"event_name":"Golden Shrine","floor":37,"gold_loss":0}],"is_beta":true,"boss_relics":[{"not_picked":["SlaversCollar","Philosopher\u0027s Stone"],"picked":"Astrolabe"},{"not_picked":["Pandora\u0027s Box","Calling Bell"],"picked":"Snecko Eye"}],"items_purged_floors":[21,24,53],"is_endless":false,"potions_floor_spawned":[5,11,16,29,33,35,39,42,44,48],"ascension_level":0}