{"gold_per_floor":[117,67,67,67,16,16,50,69,69,134,146,146,49,65,65,169,169,186,186,197,147,162,162,195,195,195,195,212,235,50,63,63,163,213,223,239,164,164,177,208,224,224,224,234,334,91,105,132,132,132,132,132,5,5],"floor_reached":54,"playtime":4072,"items_purged":["Perfected Strike"],"score":1070,"play_id":"286d6487-55c8-40b8-bdac-c97ec6e0107e","local_time":"20191004003400","is_ascension_mode":true,"campfire_choices":[{"data":"True Grit","floor":6.0,"key":"SMITH"},{"data":"Body Slam","floor":15.0,"key":"SMITH"},{"data":"Whirlwind","floor":23.0,"key":"SMITH"},{"data":"Feel No Pain","floor":25.0,"key":"SMITH"},{"data":"Dual Wield","floor":27.0,"key":"SMITH"},{"floor":32.0,"key":"RECALL"},{"floor":42,"key":"REST"},{"data":"Juggernaut","floor":49,"key":"SMITH"},{"data":"Demon Form","floor":52,"key":"SMITH"}],"neow_cost":"NONE","seed_source_timestamp":0,"circlet_count":0,"master_deck":["Defend_R","Defend_R","Defend_R","Bash","Ghostly Armor","Immolate","Trip","True Grit+1","Cleave","Shrug It Off","Rage","Evolve","True Grit","Whirlwind+1","Shrug It Off","Body Slam+1","Headbutt","True Grit","Second Wind","Bite","Bite","Bite","Bite+1","Bite","Feel No Pain+1","Corruption","Pommel Strike+1","Dual Wield+1","Barricade","Apotheosis","Battle Trance","Juggernaut+1","Battle Trance","Shrug It Off+1","Ghostly Armor","Demon Form+1","Power Through","Headbutt","Carnage","Ghostly Armor","Disarm+1","Corruption+1","Body Slam","Sentinel","Heavy Blade"],"special_seed":0,"relics":["Burning Blood","NeowsBlessing","Darkstone Periapt","Prayer Wheel","Tiny Chest","Snecko Eye","Singing Bowl","Oddly Smooth Stone","Tiny House","Bottled Tornado","Frozen Egg 2","StoneCalendar","Strange Spoon","Orichalcum"],"potions_floor_usage":[36,36,36,40,50,54],"damage_taken":[{"damage":0.0,"enemies":"Small Slimes","floor":1.0,"turns":1.0},{"damage":0.0,"enemies":"3 Sentries","floor":7.0,"turns":2.0},{"damage":0.0,"enemies":"Jaw Worm","floor":8.0,"turns":1.0},{"damage":23.0,"enemies":"Lagavulin","floor":10.0,"turns":7.0},{"damage":0.0,"enemies":"2 Louse","floor":11.0,"turns":2.0},{"damage":33.0,"enemies":"Lots of Slimes","floor":14.0,"turns":5.0},{"damage":37.0,"enemies":"Hexaghost","floor":16.0,"turns":10.0},{"damage":0.0,"enemies":"3 Byrds","floor":18.0,"turns":2.0},{"damage":17.0,"enemies":"Chosen","floor":20.0,"turns":5.0},{"damage":33.0,"enemies":"3 Cultists","floor":22.0,"turns":6.0},{"damage":20.0,"enemies":"Gremlin Leader","floor":24.0,"turns":5.0},{"damage":0.0,"enemies":"Centurion and Healer","floor":28.0,"turns":6.0},{"damage":0.0,"enemies":"Cultist and Chosen","floor":31.0,"turns":6.0},{"damage":0.0,"enemies":"Champ","floor":33.0,"turns":6.0},{"damage":13,"enemies":"3 Shapes","floor":35,"turns":5},{"damage":65,"enemies":"3 Darklings","floor":36,"turns":6},{"damage":22,"enemies":"Sphere and 2 Shapes","floor":39,"turns":5},{"damage":0,"enemies":"Giant Head","floor":40,"turns":7},{"damage":38,"enemies":"Writhing Mass","floor":41,"turns":5},{"damage":3,"enemies":"Spire Growth","floor":44,"turns":4},{"damage":0,"enemies":"Mind Bloom Boss Battle","floor":45,"turns":5},{"damage":21,"enemies":"Jaw Worm Horde","floor":47,"turns":4},{"damage":0,"enemies":"Nemesis","floor":48,"turns":5},{"damage":22,"enemies":"Time Eater","floor":50,"turns":8},{"damage":110,"enemies":"Shield and Spear","floor":54,"turns":6}],"seed_played":"-8214808167534943444","potions_obtained":[{"floor":1.0,"key":"GamblersBrew"},{"floor":7.0,"key":"Swift Potion"},{"floor":11.0,"key":"LiquidBronze"},{"floor":16.0,"key":"Energy Potion"},{"floor":22.0,"key":"Swift Potion"},{"floor":28.0,"key":"PowerPotion"},{"floor":31.0,"key":"EntropicBrew"},{"floor":33.0,"key":"Fire Potion"},{"floor":34.0,"key":"BloodPotion"},{"floor":40,"key":"Dexterity Potion"},{"floor":45,"key":"SkillPotion"}],"is_trial":false,"path_per_floor":["M","?","?","?","$","R","E","M","T","E","M","$","$","M","R","B",null,"M","?","M","?","M","R","E","R","T","R","M","T","$","M","R","B",null,"M","M","$","?","M","E","M","R","T","M","?","$","M","E","R","B",null,"R","$","E"],"character_chosen":"IRONCLAD","items_purchased":["True Grit","Whirlwind","Shrug It Off","Apotheosis","Body Slam","Strange Spoon","Heavy Blade","EssenceOfSteel"],"campfire_rested":1,"item_purchase_floors":[5,13,13,30,46,46,53,53],"current_hp_per_floor":[80,80,80,80,80,80,80,80,80,63,69,69,69,42,42,11,80,80,56,51,51,31,31,25,25,25,25,45,45,45,62,62,62,67,69,45,45,45,35,56,35,56,56,71,73,73,71,77,77,67,77,77,77,0],"gold":5,"neow_bonus":"THREE_ENEMY_KILL","is_prod":false,"is_daily":false,"chose_seed":false,"campfire_upgraded":7,"win_rate":0,"timestamp":1570174440,"path_taken":["M","?","?","?","$","R","E","?","T","E","M","?","$","M","R","BOSS","M","?","M","?","M","R","E","R","T","R","?","?","$","M","R","BOSS","M","M","?","?","M","E","M","R","T","M","?","?","M","E","R","BOSS","R","$","E"],"build_version":"2019-07-17","purchased_purges":1,"victory":false,"max_hp_per_floor":[80,80,80,80,80,80,80,80,80,80,80,80,80,80,80,80,80,80,56,56,56,56,56,58,58,58,58,60,60,60,62,62,62,67,69,69,69,69,69,69,71,71,71,73,73,73,77,77,77,77,77,77,77,77],"card_choices":[{"not_picked":["Feel No Pain","Warcry"],"picked":"Ghostly Armor","floor":1.0},{"not_picked":["Flame Barrier","Perfected Strike"],"picked":"Cleave","floor":7.0},{"not_picked":["True Grit","Clash"],"picked":"Shrug It Off","floor":8.0},{"not_picked":["Hemokinesis","Second Wind"],"picked":"Rage","floor":10.0},{"not_picked":["Sword Boomerang","Sever Soul"],"picked":"Evolve","floor":11.0},{"not_picked":["Dual Wield","Bloodletting"],"picked":"True Grit","floor":11.0},{"not_picked":["True Grit","Pommel Strike"],"picked":"Body Slam","floor":14.0},{"not_picked":["Corruption","Combust"],"picked":"Headbutt","floor":14.0},{"not_picked":["Bludgeon","Feed"],"picked":"Exhume","floor":16.0},{"not_picked":["Twin Strike","Thunderclap"],"picked":"True Grit","floor":18.0},{"not_picked":["True Grit","Pummel"],"picked":"Second Wind","floor":18.0},{"not_picked":["Combust+1","Battle Trance"],"picked":"Feel No Pain","floor":20.0},{"not_picked":["Power Through","Wild Strike"],"picked":"Corruption","floor":20.0},{"not_picked":["Dual Wield","Cleave"],"picked":"Pommel Strike+1","floor":22.0},{"not_picked":["Warcry","Flex+1"],"picked":"Dual Wield","floor":22.0},{"not_picked":["Disarm","Dropkick+1","True Grit"],"picked":"Singing Bowl","floor":24.0},{"not_picked":["Spot Weakness","Battle Trance"],"picked":"Barricade","floor":28.0},{"not_picked":["Blood for Blood","Rampage","Clash"],"picked":"Singing Bowl","floor":28.0},{"not_picked":["Clash","Flex+1"],"picked":"Battle Trance","floor":31.0},{"not_picked":["Perfected Strike","Fire Breathing","Wild Strike+1"],"picked":"Singing Bowl","floor":31.0},{"not_picked":["Double Tap","Brutality"],"picked":"Juggernaut","floor":33.0},{"not_picked":["True Grit","Twin Strike+1"],"picked":"Battle Trance","floor":34.0},{"not_picked":["Uppercut","Iron Wave","Anger+1"],"picked":"Singing Bowl","floor":35},{"not_picked":["Cleave","Clothesline+1"],"picked":"Shrug It Off+1","floor":35},{"not_picked":["Sever Soul+1","Cleave+1"],"picked":"Ghostly Armor","floor":36},{"not_picked":["Fire Breathing","Warcry"],"picked":"Demon Form","floor":36},{"not_picked":["Thunderclap+1","Dropkick"],"picked":"Power Through","floor":39},{"not_picked":["Heavy Blade","Rupture+1"],"picked":"Headbutt","floor":39},{"not_picked":["Hemokinesis","Blood for Blood"],"picked":"Carnage","floor":40},{"not_picked":["Armaments+1","Pommel Strike","Seeing Red+1"],"picked":"Singing Bowl","floor":41},{"not_picked":["Pommel Strike+1","True Grit"],"picked":"Ghostly Armor","floor":41},{"not_picked":["Warcry","Perfected Strike"],"picked":"Disarm+1","floor":44},{"not_picked":["Headbutt+1","Havoc+1","Sword Boomerang+1"],"picked":"Singing Bowl","floor":44},{"not_picked":["Feed","Warcry"],"picked":"Corruption+1","floor":45},{"not_picked":["Carnage+1","Thunderclap","Searing Blow+1"],"picked":"Singing Bowl","floor":47},{"not_picked":["Flex+1","Anger+1","Armaments+1"],"picked":"Singing Bowl","floor":47},{"not_picked":["Pummel+1","Clash+1"],"picked":"Sentinel","floor":48}],"player_experience":256820,"relics_obtained":[{"floor":7.0,"key":"Darkstone Periapt"},{"floor":9.0,"key":"Prayer Wheel"},{"floor":10.0,"key":"Tiny Chest"},{"floor":24.0,"key":"Singing Bowl"},{"floor":26.0,"key":"Oddly Smooth Stone"},{"floor":40,"key":"Bottled Tornado"},{"floor":43,"key":"Frozen Egg 2"},{"floor":45,"key":"StoneCalendar"},{"floor":48,"key":"Orichalcum"}],"event_choices":[{"cards_removed":["Defend_R"],"damage_healed":0.0,"max_hp_gain":0.0,"max_hp_loss":0.0,"gold_gain":0.0,"event_name":"The Cleric","player_choice":"Card Removal","floor":2.0,"gold_loss":50.0,"damage_taken":0.0},{"damage_healed":0.0,"max_hp_gain":0.0,"max_hp_loss":0.0,"gold_gain":0.0,"cards_transformed":["Strike_R"],"event_name":"Living Wall","player_choice":"Change","floor":3.0,"gold_loss":0.0,"damage_taken":0.0,"cards_obtained":["Immolate"]},{"damage_healed":0.0,"max_hp_gain":0.0,"max_hp_loss":0.0,"gold_gain":0.0,"event_name":"Match and Keep!","player_choice":"2 cards matched","floor":4.0,"gold_loss":0.0,"damage_taken":0.0,"cards_obtained":["Perfected Strike","Trip"]},{"damage_healed":0.0,"max_hp_gain":0.0,"max_hp_loss":24.0,"gold_gain":0.0,"event_name":"Vampires","player_choice":"Became a vampire","floor":19.0,"gold_loss":0.0,"damage_taken":0.0,"cards_obtained":["Bite","Bite","Bite","Bite","Bite"]},{"damage_healed":0.0,"max_hp_gain":0.0,"max_hp_loss":0.0,"gold_gain":0.0,"event_name":"The Joust","player_choice":"Bet on Owner","floor":21.0,"gold_loss":50.0,"damage_taken":0.0},{"cards_removed":["Exhume"],"damage_healed":0,"gold_gain":0,"player_choice":"Removed Skill","damage_taken":0,"max_hp_gain":0,"max_hp_loss":0,"event_name":"Falling","floor":38,"gold_loss":0},{"damage_healed":0,"gold_gain":0,"player_choice":"Fight","damage_taken":0,"max_hp_gain":0,"max_hp_loss":0,"event_name":"MindBloom","floor":45,"gold_loss":0}],"is_beta":false,"boss_relics":[{"not_picked":["Lizard Tail","Runic Dome"],"picked":"Snecko Eye"},{"not_picked":["Black Blood","Runic Pyramid"],"picked":"Tiny House"}],"items_purged_floors":[37],"is_endless":false,"potions_floor_spawned":[1,7,11,16,22,28,31,33,39,40,45,48],"killed_by":"Shield and Spear","ascension_level":4}