{"gold_per_floor":[111,111,111,131,146,146,162,182,251,582,598,633,633,647,647,776,776,794,893,893,893,912,946,946,717,741,741,780,487,487,502,502,631,631,647,102,435,110,127,154,154,188,268,283,283,302,319,344,344,344,344,344,44,76,76],"floor_reached":55,"playtime":3420,"items_purged":["Scrape","Redo","Aggregate"],"score":1120,"play_id":"7e233df2-3fc0-4cda-82ab-ee67e01d5b23","local_time":"20190729010504","is_ascension_mode":true,"campfire_choices":[{"data":"Buffer","floor":6,"key":"SMITH"},{"data":"Defragment","floor":13,"key":"SMITH"},{"data":"Sweeping Beam","floor":15,"key":"SMITH"},{"data":"Leap","floor":27,"key":"SMITH"},{"data":"Loop","floor":30,"key":"SMITH"},{"floor":32,"key":"REST"},{"floor":41,"key":"RECALL"},{"floor":49,"key":"REST"},{"floor":52,"key":"REST"}],"neow_cost":"NONE","seed_source_timestamp":108829661484519,"circlet_count":0,"master_deck":["Zap+1","Ball Lightning","Leap","Buffer+1","Ball Lightning","Sweeping Beam+1","Chill","Compile Driver","Defragment+1","Undo","Amplify","Chill","Genetic Algorithm","Seek","Stack","Hologram+1","Cold Snap+1","Leap+1","Loop+1","Lockon+1","FTL","Master of Strategy","Biased Cognition","Compile Driver+1","Steam+1","Beam Cell+1","Compile Driver","Conserve Battery+1","Sweeping Beam+1"],"relics":["Cracked Core","Pear","Old Coin","Ancient Tea Set","Pandora\u0027s Box","Nilry\u0027s Codex","Gremlin Horn","Strawberry","Happy Flower","Regal Pillow","Omamori","Fusion Hammer","Orichalcum","Cables","Anchor","Ornamental Fan","Du-Vu Doll","Pocketwatch","Bronze Scales"],"potions_floor_usage":[18,28,28,28,33,40,48,54,55,55],"damage_taken":[{"damage":0,"enemies":"Small Slimes","floor":1,"turns":3},{"damage":0,"enemies":"2 Louse","floor":4,"turns":3},{"damage":0,"enemies":"Cultist","floor":5,"turns":3},{"damage":0,"enemies":"2 Fungi Beasts","floor":7,"turns":4},{"damage":3,"enemies":"Blue Slaver","floor":8,"turns":3},{"damage":0,"enemies":"Lagavulin","floor":10,"turns":6},{"damage":12,"enemies":"3 Louse","floor":11,"turns":3},{"damage":0,"enemies":"Gremlin Nob","floor":12,"turns":4},{"damage":0,"enemies":"Lots of Slimes","floor":14,"turns":3},{"damage":5,"enemies":"Slime Boss","floor":16,"turns":8},{"damage":2,"enemies":"2 Thieves","floor":18,"turns":4},{"damage":0,"enemies":"Spheric Guardian","floor":22,"turns":4},{"damage":10,"enemies":"Slavers","floor":23,"turns":4},{"damage":32,"enemies":"Book of Stabbing","floor":28,"turns":6},{"damage":0,"enemies":"Snecko","floor":31,"turns":5},{"damage":0,"enemies":"Collector","floor":33,"turns":11},{"damage":0,"enemies":"Orb Walker","floor":35,"turns":4},{"damage":9,"enemies":"3 Darklings","floor":39,"turns":7},{"damage":0,"enemies":"Nemesis","floor":40,"turns":7},{"damage":0,"enemies":"Giant Head","floor":42,"turns":7},{"damage":0,"enemies":"Sphere and 2 Shapes","floor":44,"turns":5},{"damage":2,"enemies":"4 Shapes","floor":46,"turns":6},{"damage":0,"enemies":"Maw","floor":47,"turns":4},{"damage":0,"enemies":"Reptomancer","floor":48,"turns":5},{"damage":9,"enemies":"Awakened One","floor":50,"turns":12},{"damage":64,"enemies":"Shield and Spear","floor":54,"turns":9},{"damage":31,"enemies":"The Heart","floor":55,"turns":8}],"seed_played":"2589804619736901900","potions_obtained":[{"floor":11,"key":"Weak Potion"},{"floor":12,"key":"Poison Potion"},{"floor":14,"key":"Weak Potion"},{"floor":16,"key":"Strength Potion"},{"floor":18,"key":"SkillPotion"},{"floor":28,"key":"Strength Potion"},{"floor":31,"key":"Block Potion"},{"floor":42,"key":"Energy Potion"},{"floor":54,"key":"SpeedPotion"}],"is_trial":false,"path_per_floor":["M","?","?","M","M","R","M","M","T","E","M","E","R","M","R","B",null,"M","?","?","?","M","E","?","$","T","R","E","$","R","M","R","B",null,"M","$","?","$","M","E","R","E","T","M","?","M","M","E","R","B",null,"R","$","E","B"],"character_chosen":"DEFECT","items_purchased":["Strawberry","Omamori","Loop","Orichalcum","FTL","Master of Strategy","Strength Potion","Cables","FocusPotion","Pocketwatch"],"campfire_rested":3,"item_purchase_floors":[25,29,29,36,36,36,36,38,38,53],"current_hp_per_floor":[75,57,57,57,57,57,57,54,64,64,52,52,52,52,52,47,85,83,83,67,67,67,57,57,64,64,64,32,32,32,32,74,74,92,92,92,92,92,83,83,83,83,83,83,83,81,81,81,92,83,92,92,92,28,0],"gold":76,"neow_bonus":"REMOVE_CARD","is_prod":false,"is_daily":false,"chose_seed":false,"campfire_upgraded":5,"win_rate":0,"timestamp":1564358704,"path_taken":["M","?","?","M","?","R","M","M","T","E","M","E","R","M","R","BOSS","M","?","?","?","M","E","?","$","T","R","E","$","R","?","R","BOSS","M","$","?","$","M","E","R","E","T","M","?","?","?","E","R","BOSS","R","$","E","BOSS"],"build_version":"2019-07-17","purchased_purges":3,"victory":false,"max_hp_per_floor":[75,75,75,75,75,75,75,75,85,85,85,85,85,85,85,85,85,85,85,85,85,85,85,85,92,92,92,92,92,92,92,92,92,92,92,92,92,92,92,92,92,92,92,92,92,92,92,92,92,92,92,92,92,92,92],"card_choices":[{"not_picked":["Go for the Eyes","Gash"],"picked":"Ball Lightning","floor":1},{"not_picked":["Go for the Eyes","Steam"],"picked":"Leap","floor":4},{"not_picked":["Stack","Scrape"],"picked":"Buffer","floor":5},{"not_picked":["Undo","Compile Driver"],"picked":"Ball Lightning","floor":7},{"not_picked":["Force Field","Steam"],"picked":"Sweeping Beam","floor":8},{"not_picked":["Loop","Static Discharge"],"picked":"Chill","floor":10},{"not_picked":["Leap","Go for the Eyes"],"picked":"Compile Driver","floor":11},{"not_picked":["Reboot","Stack"],"picked":"Defragment","floor":12},{"not_picked":["Gash","Self Repair"],"picked":"Undo","floor":14},{"not_picked":["Thunder Strike","Machine Learning"],"picked":"Amplify","floor":16},{"not_picked":["Sunder","Reprogram"],"picked":"Hologram","floor":18},{"not_picked":["Hello World","Leap"],"picked":"Cold Snap+1","floor":22},{"not_picked":["Sweeping Beam","Cold Snap"],"picked":"Leap","floor":23},{"not_picked":["Meteor Strike","Turbo","Compile Driver"],"picked":"SKIP","floor":28},{"not_picked":["Rebound","Chaos","Redo"],"picked":"SKIP","floor":31},{"not_picked":["Redo","Stack"],"picked":"Lockon+1","floor":35},{"not_picked":["Beam Cell","Stack+1"],"picked":"Biased Cognition","floor":39},{"not_picked":["Ball Lightning+1","Recycle"],"picked":"Compile Driver+1","floor":40},{"not_picked":["Auto Shields","Lockon+1"],"picked":"Steam+1","floor":42},{"not_picked":["Thunder Strike","Steam+1"],"picked":"Beam Cell+1","floor":44},{"not_picked":["Aggregate","FTL","Rebound+1"],"picked":"SKIP","floor":46},{"not_picked":["Scrape+1","Rebound+1"],"picked":"Conserve Battery+1","floor":47},{"not_picked":["Barrage+1","Loop+1","Darkness+1"],"picked":"SKIP","floor":48},{"not_picked":["Compile Driver","Barrage"],"picked":"Sweeping Beam+1","floor":54}],"player_experience":1770327,"relics_obtained":[{"floor":9,"key":"Pear"},{"floor":10,"key":"Old Coin"},{"floor":12,"key":"Ancient Tea Set"},{"floor":20,"key":"Nilry\u0027s Codex"},{"floor":23,"key":"Gremlin Horn"},{"floor":26,"key":"Happy Flower"},{"floor":28,"key":"Regal Pillow"},{"floor":40,"key":"Anchor"},{"floor":42,"key":"Ornamental Fan"},{"floor":48,"key":"Du-Vu Doll"},{"floor":54,"key":"Bronze Scales"}],"event_choices":[{"damage_healed":0,"gold_gain":0,"player_choice":"Take Damage","damage_taken":18,"relics_obtained":["Golden Idol"],"max_hp_gain":0,"max_hp_loss":0,"event_name":"Golden Idol","floor":2,"gold_loss":0},{"damage_healed":0,"gold_gain":0,"player_choice":"Forge","damage_taken":0,"max_hp_gain":0,"max_hp_loss":0,"event_name":"Accursed Blacksmith","floor":3,"gold_loss":0,"cards_upgraded":["Zap"]},{"damage_healed":0,"gold_gain":99,"player_choice":"Stole From Cult","damage_taken":0,"max_hp_gain":0,"max_hp_loss":0,"event_name":"Nest","floor":19,"gold_loss":0},{"damage_healed":0,"gold_gain":0,"player_choice":"Obtained Book","damage_taken":16,"max_hp_gain":0,"max_hp_loss":0,"event_name":"Cursed Tome","floor":20,"gold_loss":0},{"damage_healed":0,"gold_gain":0,"player_choice":"Ignored","damage_taken":0,"max_hp_gain":0,"max_hp_loss":0,"event_name":"The Mausoleum","floor":21,"gold_loss":0},{"damage_healed":0,"gold_gain":0,"player_choice":"Upgraded","damage_taken":0,"max_hp_gain":0,"max_hp_loss":0,"event_name":"Upgrade Shrine","floor":24,"gold_loss":0,"cards_upgraded":["Hologram"]},{"damage_healed":0,"gold_gain":333,"player_choice":"Gave Idol","damage_taken":0,"max_hp_gain":0,"max_hp_loss":0,"event_name":"The Moai Head","floor":37,"relics_lost":["Golden Idol"],"gold_loss":0},{"damage_healed":0,"gold_gain":0,"cards_transformed":["Dualcast"],"player_choice":"Transformed","damage_taken":0,"max_hp_gain":0,"max_hp_loss":0,"event_name":"Transmorgrifier","floor":45,"gold_loss":0,"cards_obtained":["Compile Driver"]}],"is_beta":false,"boss_relics":[{"not_picked":["Empty Cage","Calling Bell"],"picked":"Pandora\u0027s Box"},{"not_picked":["Coffee Dripper","Runic Pyramid"],"picked":"Fusion Hammer"}],"items_purged_floors":[25,29,36],"is_endless":false,"potions_floor_spawned":[11,12,14,16,18,28,31,39,42,44,54],"killed_by":"The Heart","ascension_level":3}