{"gold_per_floor":[110,110,110,125,125,157,177,63,63,63,92,117,117,42,42,143,143,161,161,161,92,110,110,110,128,128,148,148,148,160,60,60,161,161,179,189,189,189,209,209,81,81,381,59,0,28,28,41,41,41,41,41,3,3],"floor_reached":54,"playtime":5727,"items_purged":["Strike_G","Strike_G","Normality"],"score":719,"play_id":"01bfa264-b1a8-480b-9b56-924e76af828f","local_time":"20191024212223","is_ascension_mode":false,"campfire_choices":[{"floor":13.0,"key":"RECALL"},{"floor":15.0,"key":"REST"},{"data":"Bouncing Flask","floor":23.0,"key":"SMITH"},{"floor":29.0,"key":"REST"},{"floor":32.0,"key":"REST"},{"floor":40.0,"key":"REST"},{"floor":42.0,"key":"REST"},{"data":"Noxious Fumes","floor":49.0,"key":"SMITH"},{"data":"Crippling Poison","floor":52.0,"key":"SMITH"}],"neow_cost":"NONE","seed_source_timestamp":345628103957900,"circlet_count":0,"master_deck":["Strike_G","Strike_G","Defend_G","Defend_G","Defend_G","Defend_G","Survivor","Neutralize","Poisoned Stab","Quick Slash","Predator","Poisoned Stab","Noxious Fumes+1","Bane","Flying Knee","Envenom+1","Purity","Bouncing Flask+1","Envenom","Backflip","Crippling Poison+1","Noxious Fumes+1","Footwork+1","Acrobatics","Bullet Time","Poisoned Stab+1","Jack Of All Trades","Outmaneuver+1","Deadly Poison","Footwork","Bane+1","Leg Sweep+1","Footwork"],"special_seed":0,"relics":["Ring of the Serpent","NeowsBlessing","Oddly Smooth Stone","Sundial","Snake Skull","Juzu Bracelet","Odd Mushroom","Pen Nib","Cursed Key","Old Coin","OrangePellets","Red Mask","Anchor"],"potions_floor_usage":[],"damage_taken":[{"damage":0.0,"enemies":"Cultist","floor":1.0,"turns":1.0},{"damage":0.0,"enemies":"Jaw Worm","floor":4.0,"turns":1.0},{"damage":0.0,"enemies":"Lagavulin","floor":6.0,"turns":1.0},{"damage":0.0,"enemies":"2 Louse","floor":7.0,"turns":2.0},{"damage":6.0,"enemies":"Gremlin Nob","floor":11.0,"turns":4.0},{"damage":15.0,"enemies":"The Mushroom Lair","floor":12.0,"turns":4.0},{"damage":18.0,"enemies":"The Guardian","floor":16.0,"turns":7.0},{"damage":3.0,"enemies":"Shell Parasite","floor":18.0,"turns":5.0},{"damage":8.0,"enemies":"Spheric Guardian","floor":22.0,"turns":5.0},{"damage":11.0,"enemies":"Snake Plant","floor":25.0,"turns":4.0},{"damage":22.0,"enemies":"Centurion and Healer","floor":27.0,"turns":6.0},{"damage":0.0,"enemies":"Snecko","floor":30.0,"turns":5.0},{"damage":66.0,"enemies":"Automaton","floor":33.0,"turns":13.0},{"damage":4.0,"enemies":"3 Shapes","floor":35.0,"turns":5.0},{"damage":13.0,"enemies":"3 Darklings","floor":36.0,"turns":5.0},{"damage":36.0,"enemies":"Writhing Mass","floor":39.0,"turns":6.0},{"damage":38.0,"enemies":"Giant Head","floor":46.0,"turns":7.0},{"damage":3.0,"enemies":"Maw","floor":48.0,"turns":6.0},{"damage":46.0,"enemies":"Time Eater","floor":50.0,"turns":14.0},{"damage":62,"enemies":"Shield and Spear","floor":54,"turns":6}],"seed_played":"334295804414257136","potions_obtained":[{"floor":1.0,"key":"SteroidPotion"},{"floor":6.0,"key":"Regen Potion"},{"floor":7.0,"key":"Block Potion"},{"floor":11.0,"key":"EssenceOfSteel"},{"floor":22.0,"key":"Weak Potion"},{"floor":25.0,"key":"Block Potion"},{"floor":27.0,"key":"Swift Potion"},{"floor":28.0,"key":"SpeedPotion"},{"floor":28.0,"key":"SmokeBomb"},{"floor":39.0,"key":"Ancient Potion"},{"floor":46.0,"key":"GhostInAJar"},{"floor":48.0,"key":"Explosive Potion"}],"is_trial":false,"path_per_floor":["M","T","?","M","T","E","M","$","T","?","E","?","R","$","R","B",null,"M","?","?","$","M","R","?","M","T","M","?","R","M","$","R","B",null,"M","M","?","?","M","R","$","R","T","$","?","E","?","M","R","B",null,"R","$","E"],"character_chosen":"THE_SILENT","items_purchased":["Noxious Fumes","Bane","Crippling Poison","Deadly Poison","Footwork","OrangePellets","Footwork"],"campfire_rested":5,"item_purchase_floors":[8,8,21,41,41,44,53],"current_hp_per_floor":[70,70,63,63,63,63,63,63,63,63,57,42,42,42,63,60,70,67,67,67,67,59,59,59,48,48,26,26,47,47,47,68,2,70,66,53,53,53,17,38,38,59,59,59,59,21,61,58,58,12,61,61,61,0],"gold":3,"neow_bonus":"THREE_ENEMY_KILL","is_prod":false,"is_daily":false,"chose_seed":false,"campfire_upgraded":3,"win_rate":0,"timestamp":1571973743,"path_taken":["M","?","?","M","?","E","M","$","T","?","E","?","R","?","R","BOSS","M","?","?","$","M","R","?","M","T","M","?","R","M","?","R","BOSS","M","M","?","?","M","R","$","R","T","$","?","E","?","M","R","BOSS","R","$","E"],"build_version":"2019-07-17","purchased_purges":3,"victory":false,"max_hp_per_floor":[70,70,70,70,70,70,70,70,70,70,70,70,70,70,70,70,70,70,70,70,70,70,70,70,70,70,70,70,70,70,70,70,70,70,70,70,70,70,70,70,70,70,70,70,70,70,61,61,61,61,61,61,61,61],"card_choices":[{"not_picked":["Sucker Punch","Expertise"],"picked":"Poisoned Stab","floor":1.0},{"not_picked":["Prepared","Cloak And Dagger"],"picked":"Quick Slash","floor":4.0},{"not_picked":["PiercingWail","Tactician"],"picked":"Predator","floor":6.0},{"not_picked":["Concentrate","Caltrops"],"picked":"Poisoned Stab","floor":7.0},{"not_picked":["Outmaneuver","Deflect","Eviscerate"],"picked":"SKIP","floor":11.0},{"not_picked":["Storm of Steel","Predator"],"picked":"Bouncing Flask","floor":12.0},{"not_picked":["Night Terror","Storm of Steel"],"picked":"Envenom","floor":16.0},{"not_picked":["Flechettes","Flying Knee"],"picked":"Backflip","floor":18.0},{"not_picked":["Quick Slash","Sucker Punch"],"picked":"Noxious Fumes+1","floor":22.0},{"not_picked":["Distraction","Eviscerate+1","Caltrops"],"picked":"SKIP","floor":25.0},{"not_picked":["PiercingWail+1","Quick Slash+1"],"picked":"Footwork+1","floor":27.0},{"not_picked":["Dagger Throw","Finisher+1"],"picked":"Acrobatics","floor":30.0},{"not_picked":["Night Terror","Die Die Die"],"picked":"Bullet Time","floor":33.0},{"not_picked":["Endless Agony","Sucker Punch"],"picked":"Poisoned Stab+1","floor":35.0},{"not_picked":["Poisoned Stab","Sucker Punch+1","Infinite Blades"],"picked":"SKIP","floor":36.0},{"not_picked":["Metamorphosis","Forethought"],"picked":"Jack Of All Trades","floor":38.0},{"not_picked":["Poisoned Stab","Dodge and Roll"],"picked":"Outmaneuver+1","floor":39.0},{"not_picked":["Caltrops+1","Dodge and Roll"],"picked":"Bane+1","floor":46.0},{"not_picked":["Riddle With Holes","Deflect"],"picked":"Leg Sweep+1","floor":48.0}],"player_experience":469964,"relics_obtained":[{"floor":5.0,"key":"Oddly Smooth Stone"},{"floor":6.0,"key":"Sundial"},{"floor":9.0,"key":"Snake Skull"},{"floor":11.0,"key":"Juzu Bracelet"},{"floor":12.0,"key":"Odd Mushroom"},{"floor":26.0,"key":"Pen Nib"},{"floor":43.0,"key":"Old Coin"},{"floor":46.0,"key":"Anchor"}],"event_choices":[{"cards_removed":["Strike_G"],"damage_healed":0.0,"max_hp_gain":0.0,"max_hp_loss":0.0,"gold_gain":0.0,"event_name":"Golden Wing","player_choice":"Card Removal","floor":3.0,"gold_loss":0.0,"damage_taken":7.0},{"damage_healed":0.0,"max_hp_gain":0.0,"max_hp_loss":0.0,"gold_gain":0.0,"event_name":"Match and Keep!","player_choice":"3 cards matched","floor":10.0,"gold_loss":0.0,"damage_taken":0.0,"cards_obtained":["Flying Knee","Envenom","Purity"]},{"damage_healed":0.0,"max_hp_gain":0.0,"max_hp_loss":0.0,"gold_gain":0.0,"event_name":"Match and Keep!","player_choice":"3 cards matched","floor":10.0,"gold_loss":0.0,"damage_taken":0.0,"cards_obtained":["Flying Knee","Envenom","Purity"]},{"damage_healed":0.0,"max_hp_gain":0.0,"max_hp_loss":0.0,"gold_gain":0.0,"event_name":"Mushrooms","player_choice":"Fought Mushrooms","floor":12.0,"gold_loss":0.0,"damage_taken":0.0},{"damage_healed":0.0,"max_hp_gain":0.0,"max_hp_loss":0.0,"gold_gain":0.0,"event_name":"The Mausoleum","player_choice":"Ignored","floor":19.0,"gold_loss":0.0,"damage_taken":0.0},{"damage_healed":0.0,"max_hp_gain":0.0,"max_hp_loss":0.0,"gold_gain":0.0,"event_name":"Beggar","player_choice":"Ignored","floor":20.0,"gold_loss":0.0,"damage_taken":0.0},{"damage_healed":0.0,"max_hp_gain":0.0,"max_hp_loss":0.0,"gold_gain":0.0,"event_name":"Upgrade Shrine","player_choice":"Upgraded","floor":24.0,"gold_loss":0.0,"damage_taken":0.0,"cards_upgraded":["Envenom"]},{"damage_healed":0.0,"max_hp_gain":0.0,"max_hp_loss":0.0,"gold_gain":0.0,"event_name":"Lab","player_choice":"Got Potions","floor":28.0,"gold_loss":0.0,"damage_taken":0.0},{"cards_removed":["Defend_G"],"damage_healed":0.0,"max_hp_gain":0.0,"max_hp_loss":0.0,"gold_gain":0.0,"event_name":"Falling","player_choice":"Removed Skill","floor":37.0,"gold_loss":0.0,"damage_taken":0.0},{"damage_healed":0.0,"max_hp_gain":0.0,"max_hp_loss":0.0,"gold_gain":0.0,"event_name":"SensoryStone","player_choice":"Memory 1","floor":38.0,"gold_loss":0.0,"damage_taken":0.0},{"damage_healed":0.0,"max_hp_gain":0.0,"max_hp_loss":0.0,"gold_gain":0.0,"event_name":"Tomb of Lord Red Mask","player_choice":"Paid","floor":45.0,"gold_loss":59.0,"damage_taken":0.0,"relics_obtained":["Red Mask"]},{"damage_healed":61.0,"max_hp_gain":0.0,"max_hp_loss":9.0,"gold_gain":0.0,"event_name":"The Moai Head","player_choice":"Heal","floor":47.0,"gold_loss":0.0,"damage_taken":0.0}],"is_beta":false,"boss_relics":[{"not_picked":["Pandora\u0027s Box","Runic Pyramid"],"picked":"Ring of the Serpent"},{"not_picked":["Lizard Tail","Velvet Choker"],"picked":"Cursed Key"}],"items_purged_floors":[14,31,44],"is_endless":false,"potions_floor_spawned":[1,6,7,11,22,25,27,39,46,48],"killed_by":"Shield and Spear","ascension_level":0}