{"gold_per_floor":[118,132,132,156,81,142,142,186,186,186,204,220,220,244,244,374,374,397,418,418,418,418,418,432,432,432,432,476,502,3,23,23,142,142,166,41,166,0,0,0,36,36,36,36,75,75,90,115,115,115,115,115,27,67,67],"floor_reached":56,"playtime":3307,"items_purged":["Strike_G","Reflex","Reflex"],"score":1281,"play_id":"b40558e8-71e2-4cbe-bfb3-303c41a39c74","local_time":"20190707125255","is_ascension_mode":false,"campfire_choices":[{"data":"Footwork","floor":7,"key":"SMITH"},{"data":"Deadly Poison","floor":10,"key":"SMITH"},{"data":"Night Terror","floor":13,"key":"SMITH"},{"floor":15,"key":"REST"},{"data":"Burst","floor":23,"key":"SMITH"},{"data":"Venomology","floor":25,"key":"SMITH"},{"data":"Setup","floor":27,"key":"SMITH"},{"data":"Noxious Fumes","floor":32,"key":"SMITH"},{"data":"1","floor":40,"key":"LIFT"},{"data":"2","floor":42,"key":"LIFT"},{"data":"3","floor":46,"key":"LIFT"},{"floor":49,"key":"RECALL"},{"data":"Caltrops","floor":52,"key":"SMITH"}],"neow_cost":"NONE","seed_source_timestamp":78936435331214,"circlet_count":0,"master_deck":["Survivor","Neutralize","Dash","Dagger Spray","Infinite Blades","Backflip","Venomology+1","Footwork+1","Deadly Poison+1","Blur","Night Terror+1","Blur","Burst+1","Caltrops+1","Distraction","Acrobatics+1","Riddle With Holes","Masterful Stab","Setup+1","Riddle With Holes","Backflip","Blur","Ghostly","Ghostly","Ghostly","Ghostly+1","Ghostly","Escape Plan","Noxious Fumes+1","Leg Sweep+1","Infinite Blades+1","Catalyst+1","PiercingWail","Footwork"],"relics":["Orrery","Golden Idol","Tiny Chest","Question Card","Pandora\u0027s Box","Oddly Smooth Stone","War Paint","Pen Nib","Pear","Sozu","Girya","Red Mask","Blue Candle","Darkstone Periapt","Bronze Scales","Paper Crane"],"potions_floor_usage":[4,6,6,6,8,8,8,16,16,28,28,31,33,55,55],"damage_taken":[{"damage":0,"enemies":"2 Louse","floor":1,"turns":2},{"damage":1,"enemies":"Jaw Worm","floor":2,"turns":5},{"damage":0,"enemies":"Cultist","floor":4,"turns":5},{"damage":13,"enemies":"3 Sentries","floor":6,"turns":8},{"damage":22,"enemies":"Gremlin Nob","floor":8,"turns":5},{"damage":4,"enemies":"Large Slime","floor":11,"turns":9},{"damage":6,"enemies":"2 Fungi Beasts","floor":12,"turns":3},{"damage":10,"enemies":"3 Louse","floor":14,"turns":3},{"damage":4,"enemies":"Hexaghost","floor":16,"turns":15},{"damage":3,"enemies":"3 Byrds","floor":18,"turns":4},{"damage":0,"enemies":"Spheric Guardian","floor":19,"turns":3},{"damage":0,"enemies":"Snecko","floor":24,"turns":6},{"damage":3,"enemies":"Slavers","floor":28,"turns":9},{"damage":0,"enemies":"Sentry and Sphere","floor":31,"turns":8},{"damage":1,"enemies":"Champ","floor":33,"turns":16},{"damage":0,"enemies":"3 Shapes","floor":35,"turns":7},{"damage":0,"enemies":"Mind Bloom Boss Battle","floor":37,"turns":9},{"damage":0,"enemies":"Reptomancer","floor":41,"turns":10},{"damage":0,"enemies":"Nemesis","floor":45,"turns":9},{"damage":1,"enemies":"Orb Walker","floor":47,"turns":4},{"damage":1,"enemies":"Jaw Worm Horde","floor":48,"turns":5},{"damage":13,"enemies":"Donu and Deca","floor":50,"turns":10},{"damage":13,"enemies":"Shield and Spear","floor":54,"turns":10},{"damage":9,"enemies":"The Heart","floor":55,"turns":11}],"seed_played":"-3702520563169644256","potions_obtained":[{"floor":1,"key":"Regen Potion"},{"floor":2,"key":"SteroidPotion"},{"floor":6,"key":"Fruit Juice"},{"floor":24,"key":"Block Potion"},{"floor":33,"key":"Energy Potion"}],"is_trial":false,"path_per_floor":["M","M","?","M","$","E","R","E","T","R","M","M","R","M","R","B",null,"M","M","?","?","?","R","M","R","T","R","E","T","$","M","R","B",null,"M","$","?","?","?","R","E","R","T","$","E","R","M","M","R","B",null,"R","$","E","B",null],"character_chosen":"THE_SILENT","items_purchased":["Noxious Fumes","Pear","GhostInAJar","PiercingWail","Footwork"],"campfire_rested":1,"item_purchase_floors":[30,30,30,53,53],"current_hp_per_floor":[70,69,52,66,66,58,58,36,36,36,32,26,26,16,38,34,75,72,72,72,72,37,37,37,37,37,37,34,34,44,44,44,43,47,47,47,47,47,47,47,47,47,47,47,47,47,46,45,45,32,47,47,47,34,25],"gold":67,"neow_bonus":"BOSS_RELIC","is_prod":false,"is_daily":false,"chose_seed":false,"campfire_upgraded":8,"win_rate":0,"timestamp":1562500375,"path_taken":["M","M","?","M","$","E","R","E","T","R","M","M","R","M","R","BOSS","M","M","?","?","?","R","M","R","T","R","E","?","$","?","R","BOSS","M","$","?","?","?","R","E","R","T","?","E","R","M","M","R","BOSS","R","$","E","BOSS"],"build_version":"2019-07-05","purchased_purges":3,"victory":true,"max_hp_per_floor":[70,70,70,70,70,75,75,75,75,75,75,75,75,75,75,75,75,75,75,75,75,37,37,37,37,37,37,37,37,47,47,47,47,47,47,47,47,47,47,47,47,47,47,47,47,47,47,47,47,47,47,47,47,47,47],"card_choices":[{"not_picked":["Flechettes","Escape Plan"],"picked":"Dash","floor":0},{"not_picked":["Poisoned Stab","Underhanded Strike"],"picked":"Dagger Spray","floor":0},{"not_picked":["Deflect","Blur"],"picked":"Infinite Blades","floor":0},{"not_picked":["Deflect","Bane"],"picked":"Backflip","floor":0},{"not_picked":["Reflex","Underhanded Strike"],"picked":"Venomology","floor":1},{"not_picked":["Bane","Well Laid Plans"],"picked":"Footwork","floor":2},{"not_picked":["Dagger Spray","Eviscerate"],"picked":"Deadly Poison","floor":4},{"not_picked":["Poisoned Stab","All Out Attack"],"picked":"Blur","floor":6},{"not_picked":["Dagger Throw","Poisoned Stab","Terror"],"picked":"SKIP","floor":8},{"not_picked":["Slice","Bane","Masterful Stab"],"picked":"Night Terror","floor":11},{"not_picked":["Bouncing Flask","Flying Knee","Dagger Spray","Prepared"],"picked":"SKIP","floor":12},{"not_picked":["Prepared","Slice","Sucker Punch"],"picked":"Blur","floor":14},{"not_picked":["Phantasmal Killer","Tools of the Trade","Venomology"],"picked":"Burst","floor":16},{"not_picked":["Finisher","Flying Knee+1","Flechettes"],"picked":"Backflip","floor":18},{"not_picked":["Poisoned Stab","Finisher","Acrobatics"],"picked":"Blur","floor":19},{"not_picked":["Cloak And Dagger","Catalyst","Riddle With Holes+1","Accuracy"],"picked":"SKIP","floor":24},{"not_picked":["Backflip","Bane+1","Flying Knee"],"picked":"Escape Plan","floor":28},{"not_picked":["Dodge and Roll","Skewer+1","Flying Knee+1"],"picked":"Leg Sweep+1","floor":31},{"not_picked":["Prepared","Dagger Spray","Underhanded Strike+1","Flying Knee"],"picked":"SKIP","floor":35},{"not_picked":["Tactician+1","Deflect+1","Blade Dance"],"picked":"Infinite Blades+1","floor":41},{"not_picked":["Quick Slash+1","Prepared+1","Catalyst","Reflex+1"],"picked":"SKIP","floor":45},{"not_picked":["Underhanded Strike","Quick Slash","PiercingWail","Dagger Spray"],"picked":"SKIP","floor":47},{"not_picked":["Backflip","Bane+1","Leg Sweep"],"picked":"Catalyst+1","floor":48},{"not_picked":["Footwork","Quick Slash","Setup+1","Bane+1"],"picked":"SKIP","floor":54}],"player_experience":1677535,"relics_obtained":[{"floor":6,"key":"Tiny Chest"},{"floor":8,"key":"Question Card"},{"floor":26,"key":"Oddly Smooth Stone"},{"floor":28,"key":"War Paint"},{"floor":29,"key":"Pen Nib"},{"floor":37,"key":"Girya"},{"floor":41,"key":"Blue Candle"},{"floor":43,"key":"Darkstone Periapt"},{"floor":45,"key":"Bronze Scales"},{"floor":54,"key":"Paper Crane"}],"event_choices":[{"damage_healed":0,"gold_gain":0,"player_choice":"Take Damage","damage_taken":17,"relics_obtained":["Golden Idol"],"max_hp_gain":0,"max_hp_loss":0,"event_name":"Golden Idol","floor":3,"gold_loss":0},{"damage_healed":0,"gold_gain":0,"player_choice":"Ignored","damage_taken":0,"max_hp_gain":0,"max_hp_loss":0,"event_name":"The Mausoleum","floor":20,"gold_loss":0},{"damage_healed":0,"gold_gain":0,"player_choice":"Ignored","damage_taken":0,"max_hp_gain":0,"max_hp_loss":0,"event_name":"Vampires","floor":21,"gold_loss":0},{"damage_healed":0,"gold_gain":0,"player_choice":"Became a Ghost","damage_taken":0,"max_hp_gain":0,"max_hp_loss":38,"event_name":"Ghosts","floor":22,"gold_loss":0,"cards_obtained":["Ghostly","Ghostly","Ghostly","Ghostly","Ghostly"]},{"damage_healed":0,"gold_gain":0,"player_choice":"Fight","damage_taken":0,"max_hp_gain":0,"max_hp_loss":0,"event_name":"MindBloom","floor":37,"gold_loss":0},{"damage_healed":0,"gold_gain":0,"player_choice":"Paid","damage_taken":0,"relics_obtained":["Red Mask"],"max_hp_gain":0,"max_hp_loss":0,"event_name":"Tomb of Lord Red Mask","floor":38,"gold_loss":166},{"damage_healed":0,"gold_gain":0,"player_choice":"Memory 1","damage_taken":0,"max_hp_gain":0,"max_hp_loss":0,"event_name":"SensoryStone","floor":39,"gold_loss":0}],"is_beta":false,"boss_relics":[{"not_picked":["Lizard Tail","White Beast Statue"],"picked":"Pandora\u0027s Box"},{"not_picked":["Velvet Choker","Calling Bell"],"picked":"Sozu"}],"items_purged_floors":[5,30,36],"is_endless":false,"potions_floor_spawned":[1,2,6,24,33,37,41,54],"ascension_level":0}