{"gold_per_floor":[115,215,226,242,257,257,288,288,312,329,346,373,7,25,25,125,125,111,23,48,67,86,115,115,146,146,1,1,17,17,17],"floor_reached":31,"playtime":1360,"items_purged":["Strike_B","Strike_B"],"score":416,"play_id":"0289c186-4643-4a70-8909-c463c4c30740","local_time":"20191020152712","is_ascension_mode":true,"campfire_choices":[{"data":"Ball Lightning","floor":6.0,"key":"SMITH"},{"data":"Sweeping Beam","floor":8.0,"key":"SMITH"},{"floor":15.0,"key":"REST"},{"floor":24,"key":"REST"}],"neow_cost":"NONE","seed_source_timestamp":0,"circlet_count":0,"master_deck":["Strike_B","Strike_B","Defend_B","Defend_B","Defend_B","Defend_B","Zap","Dualcast","Sweeping Beam+1","Ball Lightning+1","Go for the Eyes","Compile Driver","Gash","Conserve Battery","Leap","Static Discharge","Gash","Steam","Ball Lightning","Hyperbeam","Gash","Auto Shields","Coolheaded","Capacitor","All For One","Auto Shields","Darkness","Go for the Eyes","Rainbow","Beam Cell"],"special_seed":0,"relics":["FrozenCore","Bag of Preparation","Blood Vial","Juzu Bracelet","Centennial Puzzle","Red Mask","Nunchaku","Dream Catcher","Mercury Hourglass"],"potions_floor_usage":[23],"damage_taken":[{"damage":0.0,"enemies":"Cultist","floor":1.0,"turns":4.0},{"damage":1.0,"enemies":"2 Louse","floor":3.0,"turns":3.0},{"damage":0.0,"enemies":"Small Slimes","floor":4.0,"turns":2.0},{"damage":1.0,"enemies":"Looter","floor":5.0,"turns":3.0},{"damage":16.0,"enemies":"Gremlin Nob","floor":7.0,"turns":3.0},{"damage":7.0,"enemies":"Exordium Thugs","floor":10.0,"turns":4.0},{"damage":20.0,"enemies":"Gremlin Gang","floor":11.0,"turns":2.0},{"damage":13.0,"enemies":"Lagavulin","floor":12.0,"turns":7.0},{"damage":1.0,"enemies":"Blue Slaver","floor":14.0,"turns":3.0},{"damage":12.0,"enemies":"Hexaghost","floor":16.0,"turns":7.0},{"damage":20.0,"enemies":"2 Thieves","floor":18.0,"turns":4.0},{"damage":4.0,"enemies":"Masked Bandits","floor":20.0,"turns":3.0},{"damage":0.0,"enemies":"Spheric Guardian","floor":21.0,"turns":3.0},{"damage":26.0,"enemies":"Chosen and Byrds","floor":22.0,"turns":6.0},{"damage":28,"enemies":"Slavers","floor":23,"turns":5},{"damage":23,"enemies":"Gremlin Leader","floor":25,"turns":7},{"damage":2,"enemies":"3 Cultists","floor":29,"turns":5},{"damage":8,"enemies":"Snake Plant","floor":31,"turns":2}],"seed_played":"782968558045829243","potions_obtained":[{"floor":1.0,"key":"Dexterity Potion"},{"floor":4.0,"key":"Weak Potion"},{"floor":5.0,"key":"AttackPotion"},{"floor":14.0,"key":"PowerPotion"},{"floor":22.0,"key":"Dexterity Potion"},{"floor":23,"key":"Strength Potion"},{"floor":25,"key":"Block Potion"}],"is_trial":false,"path_per_floor":["M","?","M","M","M","R","E","R","T","M","M","E","$","M","R","B",null,"M","$","?","M","M","E","R","E","T","$","?","M","$","M"],"character_chosen":"DEFECT","items_purchased":["Static Discharge","Gash","Steam","Centennial Puzzle","Gash","Auto Shields","Go for the Eyes"],"campfire_rested":2,"item_purchase_floors":[13,13,13,13,19,19,27],"current_hp_per_floor":[75,75,74,74,73,73,57,57,57,52,34,23,23,24,48,38,71,53,53,51,53,29,3,27,6,6,6,6,6,6,0],"gold":17,"neow_bonus":"TEN_PERCENT_HP_BONUS","is_prod":false,"is_daily":false,"chose_seed":false,"campfire_upgraded":2,"win_rate":0,"timestamp":1571610432,"path_taken":["M","?","M","M","M","R","E","R","T","M","?","E","$","M","R","BOSS","M","$","?","M","M","E","R","E","T","$","?","M","?","M"],"build_version":"2019-07-17","purchased_purges":2,"victory":false,"max_hp_per_floor":[82,82,82,82,82,82,82,82,82,82,82,82,82,82,82,82,82,82,82,82,82,82,82,82,82,82,82,82,82,82,82],"card_choices":[{"not_picked":["Scrape","Conserve Battery"],"picked":"Sweeping Beam","floor":1.0},{"not_picked":["Turbo","Heatsinks"],"picked":"Ball Lightning","floor":3.0},{"not_picked":["Redo","Hologram"],"picked":"Go for the Eyes","floor":4.0},{"not_picked":["Stack","Hologram","Redo"],"picked":"SKIP","floor":5.0},{"not_picked":["Force Field","Conserve Battery"],"picked":"Compile Driver","floor":7.0},{"not_picked":["Skim","Heatsinks"],"picked":"Gash","floor":10.0},{"not_picked":["Thunder Strike","Rip and Tear"],"picked":"Conserve Battery","floor":11.0},{"not_picked":["Streamline","Beam Cell"],"picked":"Leap","floor":12.0},{"not_picked":["Skim","Streamline"],"picked":"Ball Lightning","floor":14.0},{"not_picked":["Meteor Strike","Amplify"],"picked":"Hyperbeam","floor":16.0},{"not_picked":["Redo","Streamline","Leap+1"],"picked":"SKIP","floor":18.0},{"not_picked":["Undo","Rebound"],"picked":"Coolheaded","floor":20.0},{"not_picked":["Barrage+1","Streamline"],"picked":"Capacitor","floor":21.0},{"not_picked":["Genetic Algorithm","Stack"],"picked":"All For One","floor":22.0},{"not_picked":["Sweeping Beam+1","Fusion"],"picked":"Auto Shields","floor":23},{"not_picked":["Amplify","Sweeping Beam"],"picked":"Darkness","floor":25},{"not_picked":["Redo","Chaos"],"picked":"Beam Cell","floor":29}],"player_experience":397547,"relics_obtained":[{"floor":7.0,"key":"Bag of Preparation"},{"floor":9.0,"key":"Blood Vial"},{"floor":12.0,"key":"Juzu Bracelet"},{"floor":20.0,"key":"Red Mask"},{"floor":23,"key":"Nunchaku"},{"floor":25,"key":"Dream Catcher"},{"floor":26,"key":"Mercury Hourglass"}],"event_choices":[{"damage_healed":0.0,"max_hp_gain":0.0,"max_hp_loss":0.0,"gold_gain":100.0,"event_name":"Wheel of Change","player_choice":"Gold","floor":2.0,"gold_loss":0.0,"damage_taken":0.0},{"damage_healed":0.0,"max_hp_gain":0.0,"max_hp_loss":0.0,"gold_gain":0.0,"event_name":"Masked Bandits","player_choice":"Fought Bandits","floor":20.0,"gold_loss":0.0,"damage_taken":0.0},{"damage_healed":0,"gold_gain":0,"player_choice":"1 cards matched","damage_taken":0,"max_hp_gain":0,"max_hp_loss":0,"event_name":"Match and Keep!","floor":28,"gold_loss":0,"cards_obtained":["Rainbow"]}],"is_beta":false,"boss_relics":[{"not_picked":["Busted Crown","Snecko Eye"],"picked":"FrozenCore"}],"items_purged_floors":[13,27],"is_endless":false,"potions_floor_spawned":[1,4,5,14,22,23,25],"killed_by":"Snake Plant","ascension_level":9}