{"gold_per_floor":[216,25,35,45,65,130,130,160,160,177,177,177,177,190,190,287,287,304,304,323,323,323,323,323],"floor_reached":24,"playtime":829,"items_purged":[],"score":334,"play_id":"8e42a03f-a018-47a2-b881-6acbe1de5024","local_time":"20191023185230","is_ascension_mode":true,"campfire_choices":[{"floor":7,"key":"REST"},{"floor":11,"key":"REST"},{"floor":13,"key":"REST"},{"data":"Streamline","floor":15,"key":"SMITH"},{"data":"Genetic Algorithm","floor":23,"key":"SMITH"}],"neow_cost":"NONE","seed_source_timestamp":522461189930800,"circlet_count":0,"master_deck":["AscendersBane","Strike_B","Strike_B","Strike_B","Strike_B","Defend_B","Defend_B","Defend_B","Defend_B","Zap","Dualcast","Go for the Eyes","Cold Snap","Streamline+1","Barrage","Genetic Algorithm+1","Leap","Ball Lightning","Barrage","Compile Driver","All For One","Chill","Coolheaded","Ghostly","Ghostly","Ghostly","Ghostly","Ghostly"],"relics":["Cracked Core","OrangePellets","Tiny Chest","Happy Flower","Boot","Sozu","Cables"],"potions_floor_usage":[6,10,16],"damage_taken":[{"damage":1,"enemies":"Cultist","floor":1,"turns":3},{"damage":8,"enemies":"2 Louse","floor":3,"turns":3},{"damage":8,"enemies":"Small Slimes","floor":4,"turns":4},{"damage":6,"enemies":"3 Louse","floor":5,"turns":3},{"damage":24,"enemies":"Gremlin Nob","floor":6,"turns":4},{"damage":39,"enemies":"Lagavulin","floor":8,"turns":8},{"damage":2,"enemies":"2 Fungi Beasts","floor":10,"turns":2},{"damage":11,"enemies":"Large Slime","floor":14,"turns":5},{"damage":2,"enemies":"Hexaghost","floor":16,"turns":8},{"damage":16,"enemies":"2 Thieves","floor":18,"turns":4},{"damage":4,"enemies":"Spheric Guardian","floor":20,"turns":3},{"damage":41,"enemies":"Gremlin Leader","floor":24,"turns":5}],"seed_played":"-153897240313770825","potions_obtained":[{"floor":1,"key":"FearPotion"},{"floor":5,"key":"SteroidPotion"},{"floor":8,"key":"FocusPotion"},{"floor":10,"key":"AttackPotion"}],"is_trial":false,"path_per_floor":["M","$","M","M","M","E","R","E","T","M","R","?","R","M","R","B",null,"M","T","M","?","?","R","E"],"character_chosen":"DEFECT","items_purchased":["OrangePellets"],"campfire_rested":3,"item_purchase_floors":[2],"current_hp_per_floor":[67,67,59,51,45,21,43,4,4,2,24,24,46,35,35,33,65,49,49,45,37,37,37,0],"gold":323,"neow_bonus":"HUNDRED_GOLD","is_prod":false,"is_daily":false,"chose_seed":false,"campfire_upgraded":2,"win_rate":0,"timestamp":1571881950,"path_taken":["M","$","M","M","?","E","R","E","T","M","R","?","R","M","R","BOSS","M","?","M","?","?","R","E"],"build_version":"2019-07-17","purchased_purges":0,"victory":false,"max_hp_per_floor":[75,75,75,75,75,75,75,75,75,75,75,75,75,75,75,75,75,75,75,75,37,37,37,37],"card_choices":[{"not_picked":["Loop","Conserve Battery"],"picked":"Go for the Eyes","floor":1},{"not_picked":["Gash","Reinforced Body"],"picked":"Cold Snap","floor":3},{"not_picked":["Hologram","Thunder Strike"],"picked":"Streamline","floor":4},{"not_picked":["Rebound","Stack"],"picked":"Barrage","floor":5},{"not_picked":["Recycle","Creative AI"],"picked":"Genetic Algorithm","floor":6},{"not_picked":["Redo","Chaos"],"picked":"Leap","floor":8},{"not_picked":["Beam Cell","Steam"],"picked":"Ball Lightning","floor":10},{"not_picked":["Conserve Battery","Streamline"],"picked":"Compile Driver","floor":14},{"not_picked":["Amplify","Reboot"],"picked":"All For One","floor":16},{"not_picked":["Redo","Barrage"],"picked":"Chill","floor":18},{"not_picked":["Recycle","Redo+1"],"picked":"Coolheaded","floor":20}],"player_experience":431482,"relics_obtained":[{"floor":6,"key":"Tiny Chest"},{"floor":8,"key":"Happy Flower"},{"floor":9,"key":"Boot"},{"floor":19,"key":"Cables"}],"event_choices":[{"damage_healed":0,"gold_gain":0,"player_choice":"1 cards matched","damage_taken":0,"max_hp_gain":0,"max_hp_loss":0,"event_name":"Match and Keep!","floor":12,"gold_loss":0,"cards_obtained":["Barrage"]},{"damage_healed":0,"gold_gain":0,"player_choice":"Became a Ghost","damage_taken":0,"max_hp_gain":0,"max_hp_loss":38,"event_name":"Ghosts","floor":21,"gold_loss":0,"cards_obtained":["Ghostly","Ghostly","Ghostly","Ghostly","Ghostly"]},{"damage_healed":0,"gold_gain":0,"player_choice":"Ignored","damage_taken":0,"max_hp_gain":0,"max_hp_loss":0,"event_name":"Vampires","floor":22,"gold_loss":0}],"is_beta":false,"boss_relics":[{"not_picked":["Philosopher\u0027s Stone","Runic Pyramid"],"picked":"Sozu"}],"items_purged_floors":[],"is_endless":false,"potions_floor_spawned":[1,5,8,10],"killed_by":"Gremlin Leader","ascension_level":10}