{"gold_per_floor":[116,116,116,131,148,177,177,252,252,252,271,288,318,318,318,418,418,433,358,358,358,372,403,403],"floor_reached":24,"playtime":988,"items_purged":[],"score":239,"play_id":"0e0c7247-1813-419f-8fa9-d080af4857a5","local_time":"20180721140521","is_ascension_mode":false,"campfire_choices":[{"data":"Limit Break","floor":7,"key":"SMITH"},{"data":"Inflame","floor":10,"key":"SMITH"},{"data":"Heavy Blade","floor":15,"key":"SMITH"}],"neow_cost":"NONE","seed_source_timestamp":602196640329984,"circlet_count":0,"master_deck":["Strike_R","Strike_R","Strike_R","Defend_R","Defend_R","Defend_R","Bash+1","Inflame+1","Armaments","Clothesline","Limit Break+1","Heavy Blade+1","Armaments","Juggernaut","Jack Of All Trades","Shockwave","Clumsy","Double Tap","Iron Wave","Decay","Ghostly","Ghostly","Ghostly","Ghostly","Ghostly","Infernal Blade","Shrug It Off"],"relics":["Burning Blood","Meat on the Bone","Happy Flower","White Beast Statue","Orichalcum"],"potions_floor_usage":[16,22,23,23,23,24],"damage_taken":[{"damage":1,"enemies":"Jaw Worm","floor":1,"turns":4},{"damage":1,"enemies":"Cultist","floor":4,"turns":4},{"damage":2,"enemies":"Small Slimes","floor":5,"turns":5},{"damage":28,"enemies":"3 Sentries","floor":6,"turns":11},{"damage":8,"enemies":"2 Fungi Beasts","floor":11,"turns":4},{"damage":20,"enemies":"Gremlin Gang","floor":12,"turns":5},{"damage":51,"enemies":"The Guardian","floor":16,"turns":10},{"damage":37,"enemies":"Spheric Guardian","floor":18,"turns":6},{"damage":34,"enemies":"3 Byrds","floor":22,"turns":10},{"damage":27,"enemies":"Book of Stabbing","floor":23,"turns":7},{"damage":30,"enemies":"Cultist and Chosen","floor":24,"turns":8}],"seed_played":"4106086860546406377","potions_obtained":[{"floor":6,"key":"SpeedPotion"},{"floor":11,"key":"Swift Potion"},{"floor":16,"key":"Block Potion"},{"floor":18,"key":"Poison Potion"},{"floor":22,"key":"Regen Potion"},{"floor":23,"key":"AttackPotion"}],"is_trial":false,"path_per_floor":["M","?","?","M","M","E","R","?","T","R","M","M","?","?","R","B",null,"M","?","?","?","M","E"],"character_chosen":"IRONCLAD","items_purchased":[],"campfire_rested":0,"item_purchase_floors":[],"current_hp_per_floor":[80,80,80,80,80,58,58,47,47,47,57,55,55,55,55,22,80,49,49,49,40,24,30,0],"gold":403,"neow_bonus":"UPGRADE_CARD","is_prod":false,"is_daily":false,"chose_seed":false,"campfire_upgraded":3,"win_rate":0,"timestamp":1532171121,"path_taken":["M","?","?","M","M","E","R","?","T","R","M","M","?","?","R","BOSS","M","?","?","?","M","E","M"],"build_version":"2018-07-19v2","purchased_purges":0,"victory":false,"max_hp_per_floor":[80,80,80,80,80,80,80,80,80,80,80,80,80,80,80,80,80,80,80,80,40,40,40,40],"card_choices":[{"not_picked":["Shrug It Off","True Grit"],"picked":"Inflame","floor":1},{"not_picked":["Thunderclap","Perfected Strike"],"picked":"Armaments","floor":4},{"not_picked":["Anger","Perfected Strike"],"picked":"Clothesline","floor":5},{"not_picked":["Cleave","True Grit"],"picked":"Limit Break","floor":6},{"not_picked":["Dual Wield","Clash"],"picked":"Heavy Blade","floor":11},{"not_picked":["Anger","Perfected Strike"],"picked":"Armaments","floor":12},{"not_picked":["Impervious","Fiend Fire"],"picked":"Double Tap","floor":16},{"not_picked":["Power Through+1","Pommel Strike"],"picked":"Iron Wave","floor":18},{"not_picked":["Corruption","Anger"],"picked":"Infernal Blade","floor":22},{"not_picked":["Metallicize","Thunderclap"],"picked":"Shrug It Off","floor":23}],"player_experience":136687,"relics_obtained":[{"floor":6,"key":"Meat on the Bone"},{"floor":9,"key":"Happy Flower"},{"floor":23,"key":"Orichalcum"}],"event_choices":[{"event_name":"Bonfire Elementals","player_choice":"BASIC","floor":2,"damage_taken":0},{"event_name":"Purifier","player_choice":"One Purge","floor":3,"damage_taken":0},{"event_name":"World of Goop","player_choice":"Gather Gold","floor":8,"damage_taken":0},{"event_name":"Dead Adventurer","player_choice":"Searched \u00272\u0027 times","floor":13,"damage_taken":0},{"event_name":"Match and Keep!","player_choice":"4 cards matched","floor":14,"damage_taken":0},{"event_name":"Beggar","player_choice":"Gave Gold","floor":19,"damage_taken":0},{"event_name":"Forgotten Altar","player_choice":"Smashed Altar","floor":20,"damage_taken":0},{"event_name":"Ghosts","player_choice":"Became a Ghost","floor":21,"damage_taken":0}],"is_beta":false,"boss_relics":[{"not_picked":["Eternal Feather","Calling Bell"],"picked":"White Beast Statue"}],"items_purged_floors":[],"is_endless":false,"potions_floor_spawned":[6,11,16,18,22,23],"killed_by":"Cultist and Chosen","ascension_level":0}