{"gold_per_floor":[360,38,53,71,71,71,81,115,115,115,141,141,153,20,20,122,122,88,37,48,58,58,58,93,93,117,146,157,157,232,249,249,346,346,356,136,151,169,58,58,70,70,93,93,123,23,53,70,70,70],"floor_reached":50,"playtime":2639,"items_purged":["Strike_R","Strike_R","Strike_R"],"score":700,"play_id":"c1f48503-b451-4bc1-83de-da63aad2a4f3","local_time":"20190517234327","is_ascension_mode":false,"campfire_choices":[{"data":"Metallicize","floor":6,"key":"SMITH"},{"data":"Dual Wield","floor":15,"key":"SMITH"},{"data":"Brutality","floor":23,"key":"SMITH"},{"data":"Inflame","floor":25,"key":"SMITH"},{"floor":40,"key":"REST"},{"data":"Replay:Many Hands","floor":44,"key":"SMITH"},{"floor":49,"key":"REST"}],"neow_cost":"TEN_PERCENT_HP_LOSS","seed_source_timestamp":213806799453866,"circlet_count":0,"master_deck":["Strike_R","Defend_R","Defend_R+1","Defend_R","Defend_R","Bash","Clothesline+1","Cleave","Metallicize+1","Dual Wield+1","Flame Barrier","Shrug It Off","Brutality+1","Self Repair+1","Blood for Blood","Turbo+1","Fiend Fire","True Grit+1","Inflame+1","Feel No Pain","Limit Break","Disarm","Burning Pact+1","Replay:Many Hands+1","Replay:Many Hands","Dual Wield+1","Rupture+1","Offering","Offering"],"relics":["Happy Flower","Dodecahedron","Bronze Scales","Iron Core","Ginger","Ooze Armor","ReplayTheSpireMod:Ring of Exchange","Shuriken","Dream Catcher","TheAbacus","BargainBundle","Red Skull","Gremlin Horn","Singing Bowl"],"potions_floor_usage":[16,16,21,24,24,24,45,48,50,50],"damage_taken":[{"damage":15,"enemies":"Jaw Worm","floor":1,"turns":4},{"damage":0,"enemies":"Cultist","floor":3,"turns":4},{"damage":0,"enemies":"Small Slimes","floor":4,"turns":3},{"damage":4,"enemies":"Blue Slaver","floor":7,"turns":5},{"damage":16,"enemies":"Gremlin Nob","floor":8,"turns":6},{"damage":20,"enemies":"Lagavulin","floor":11,"turns":10},{"damage":12,"enemies":"Exordium Thugs","floor":13,"turns":5},{"damage":7,"enemies":"Slime Boss","floor":16,"turns":9},{"damage":16,"enemies":"2 Thieves","floor":18,"turns":5},{"damage":0,"enemies":"3 Byrds","floor":20,"turns":2},{"damage":8,"enemies":"Snake Plant","floor":21,"turns":2},{"damage":15,"enemies":"Gremlin Leader","floor":24,"turns":6},{"damage":30,"enemies":"Slavers","floor":27,"turns":5},{"damage":19,"enemies":"Centurion and Healer","floor":28,"turns":13},{"damage":38,"enemies":"3 Cultists","floor":31,"turns":6},{"damage":21,"enemies":"Pondfish","floor":33,"turns":12},{"damage":12,"enemies":"3 Darklings","floor":35,"turns":5},{"damage":28,"enemies":"3 Shapes","floor":37,"turns":5},{"damage":24,"enemies":"Spire Growth","floor":38,"turns":6},{"damage":8,"enemies":"Maw","floor":41,"turns":7},{"damage":74,"enemies":"Reptomancer","floor":45,"turns":5},{"damage":25,"enemies":"R_Hoarder","floor":47,"turns":5},{"damage":4,"enemies":"Transient","floor":48,"turns":5},{"damage":46,"enemies":"Donu and Deca","floor":50,"turns":2}],"seed_played":"-358535699831408056","potions_obtained":[{"floor":8,"key":"Explosive Potion"},{"floor":11,"key":"Adrenaline Potion"},{"floor":13,"key":"SkillPotion"},{"floor":16,"key":"Regen Potion"},{"floor":21,"key":"Poison Potion"},{"floor":32,"key":"Languid Potion"},{"floor":32,"key":"AttackPotion"},{"floor":33,"key":"Poison Potion"},{"floor":45,"key":"Fire Potion"}],"is_trial":false,"path_per_floor":["M","$","M","M","?","R","M","E","T","?","E","?","M","$","R","B",null,"M","$","M","M","?","R","E","R","T","E","M","?","?","M","R","B",null,"M","$","M","M","$","R","M","?","T","R","E","$","E","M","R","B"],"character_chosen":"IRONCLAD","items_purchased":["Happy Flower","Cleave","Metallicize","Turbo+1","Adrenaline Potion","BargainBundle","Disarm","Dexterity Potion","Flashbang","Replay:Many Hands","Offering"],"campfire_rested":2,"item_purchase_floors":[2,2,2,14,19,36,36,36,36,39,46],"current_hp_per_floor":[63,63,69,72,58,58,60,50,50,50,50,50,58,58,58,61,72,66,66,66,58,58,58,68,68,68,48,72,59,52,44,44,23,77,75,75,57,43,43,66,77,77,77,77,33,33,10,8,34,0],"gold":70,"neow_bonus":"TWO_FIFTY_GOLD","is_prod":false,"is_daily":false,"chose_seed":false,"campfire_upgraded":5,"win_rate":0,"timestamp":1558133007,"path_taken":["M","$","M","M","?","R","M","E","T","?","E","?","M","$","R","BOSS","M","$","M","M","?","R","E","R","T","E","?","?","?","M","R","BOSS","M","$","M","?","$","R","M","?","T","R","E","?","E","M","R","BOSS"],"build_version":"2019-01-23","purchased_purges":3,"victory":false,"max_hp_per_floor":[72,72,72,72,72,72,72,72,72,72,72,72,72,72,72,72,72,72,72,72,72,72,72,72,72,72,72,72,77,77,77,77,77,77,77,77,77,77,77,77,77,77,77,77,77,77,79,81,83,83],"card_choices":[{"not_picked":["ReplayTheSpireMod:Limb From Limb","Thunderclap"],"picked":"Clothesline","floor":1},{"not_picked":["Pummel","True Grit"],"picked":"Dual Wield","floor":3},{"not_picked":["Intimidate","Seeing Red"],"picked":"Flame Barrier","floor":4},{"not_picked":["Reckless Charge","Shockwave"],"picked":"Shrug It Off","floor":7},{"not_picked":["Havoc","Pommel Strike"],"picked":"Brutality","floor":8},{"not_picked":["Combust","Feel No Pain","Run Through"],"picked":"SKIP","floor":11},{"not_picked":["Thunderclap","Armaments"],"picked":"Blood for Blood","floor":13},{"not_picked":["Berserk","Dark Embrace"],"picked":"Fiend Fire","floor":16},{"not_picked":["Intimidate","Rampage","Wild Strike"],"picked":"SKIP","floor":18},{"not_picked":["Dropkick","Rampage","Infernal Blade+1"],"picked":"SKIP","floor":20},{"not_picked":["Sword Boomerang","Intimidate"],"picked":"True Grit+1","floor":21},{"not_picked":["Brutality","Bloodletting"],"picked":"Inflame","floor":24},{"not_picked":["Cleave","Fire Breathing","Pommel Strike"],"picked":"SKIP","floor":27},{"not_picked":["Thunderclap+1","Metallicize"],"picked":"Feel No Pain","floor":28},{"not_picked":["Cleave","Clash+1","Pommel Strike"],"picked":"SKIP","floor":31},{"not_picked":["Dark Embrace","Exhume"],"picked":"Limit Break","floor":33},{"not_picked":["Wild Strike","True Grit","Twin Strike"],"picked":"SKIP","floor":35},{"not_picked":["ReplayTheSpireMod:LeadingStrike","Power Through+1","Twin Strike+1"],"picked":"SKIP","floor":37},{"not_picked":["Entrench","Havoc+1"],"picked":"Burning Pact+1","floor":38},{"not_picked":["Disarm+1","Abandon"],"picked":"Dual Wield+1","floor":40},{"not_picked":["Iron Wave+1","Battle Trance+1"],"picked":"Rupture+1","floor":41},{"not_picked":["Heavy Blade","Evolve","Cleave+1"],"picked":"SKIP","floor":45},{"not_picked":["Warcry","Clothesline","Pommel Strike"],"picked":"Singing Bowl","floor":47},{"not_picked":["Anger+1","Abandon","Power Through"],"picked":"Singing Bowl","floor":48},{"not_picked":["Run Through+1","Pommel Strike+1","Twin Strike+1"],"picked":"Singing Bowl","floor":49}],"player_experience":1456804,"relics_obtained":[{"floor":8,"key":"Dodecahedron"},{"floor":9,"key":"Bronze Scales"},{"floor":11,"key":"Ginger"},{"floor":22,"key":"ReplayTheSpireMod:Ring of Exchange"},{"floor":24,"key":"Shuriken"},{"floor":27,"key":"Dream Catcher"},{"floor":43,"key":"Red Skull"},{"floor":45,"key":"Gremlin Horn"},{"floor":47,"key":"Singing Bowl"}],"event_choices":[{"damage_healed":0,"gold_gain":0,"player_choice":"Entered Light","damage_taken":14,"max_hp_gain":0,"max_hp_loss":0,"event_name":"Shining Light","floor":5,"gold_loss":0,"cards_upgraded":["Defend_R","Clothesline"]},{"damage_healed":0,"gold_gain":0,"player_choice":"Ignored","damage_taken":0,"max_hp_gain":0,"max_hp_loss":0,"event_name":"NoteForYourself","floor":12,"gold_loss":0},{"damage_healed":0,"gold_gain":0,"player_choice":"Shed Blood","damage_taken":18,"max_hp_gain":5,"max_hp_loss":0,"event_name":"Forgotten Altar","floor":29,"gold_loss":0},{"damage_healed":0,"gold_gain":75,"player_choice":"Touch","damage_taken":7,"max_hp_gain":0,"max_hp_loss":0,"event_name":"FaceTrader","floor":30,"gold_loss":0},{"cards_removed":["Strike_R"],"damage_healed":0,"gold_gain":0,"player_choice":"Purged","damage_taken":0,"max_hp_gain":0,"max_hp_loss":0,"event_name":"Purifier","floor":42,"gold_loss":0}],"is_beta":false,"boss_relics":[{"not_picked":["ChewingGum","Replay:Grab Bag"],"picked":"Ooze Armor"},{"not_picked":["Lizard Tail","Ring of Chaos"],"picked":"TheAbacus"}],"items_purged_floors":[2,14,36],"is_endless":false,"potions_floor_spawned":[8,11,13,16,20,21,33,45,47],"killed_by":"Donu and Deca","ascension_level":0}