{"gold_per_floor":[111,111,36,54,54,92,106,137,137,158,158,233,274,290,290,415,415,434,83,103,128,128,172,190,210,210,210,248,248,281,296,296,415,415,431,731,68,89,109,149,149,45,72,105,130,146,146,0,0,0,0,0,0,44,44],"floor_reached":55,"playtime":2879,"items_purged":["Defend_B","Strike_B","Strike_B","Strike_B"],"score":1032,"play_id":"b8195145-2e36-44c1-946f-07700d82227e","local_time":"20190630173250","is_ascension_mode":false,"campfire_choices":[{"floor":11,"key":"REST"},{"data":"Sweeping Beam","floor":15,"key":"SMITH"},{"data":"Noxious Fumes","floor":27,"key":"SMITH"},{"data":"Body Slam","floor":29,"key":"SMITH"},{"data":"Zap","floor":32,"key":"SMITH"},{"floor":47,"key":"RECALL"},{"data":"Burst","floor":49,"key":"SMITH"},{"floor":52,"key":"DIG"}],"neow_cost":"NONE","seed_source_timestamp":160190865620591,"circlet_count":0,"master_deck":["Defend_B","Defend_B","Defend_B","Zap+1","Dualcast","Cold Snap","Sweeping Beam+1","Beam Cell+1","Doom and Gloom","Ball Lightning","Gash","Steam","Auto Shields","All For One+1","Beam Cell+1","Good Instincts+1","Body Slam+1","Offering","Noxious Fumes+1","Burst+1","Steam+1","Blind","Coolheaded","True Grit+1","Calculated Gamble"],"relics":["Cracked Core","NeowsBlessing","Golden Idol","Bottled Flame","Nunchaku","Unceasing Top","Blood Vial","Nuclear Battery","PrismaticShard","Mercury Hourglass","Pen Nib","Whetstone","Omamori","Centennial Puzzle","Runic Pyramid","Old Coin","Bag of Preparation","Calipers","Smiling Mask","WarpedTongs","Shovel","Red Mask","Letter Opener","Bronze Scales"],"potions_floor_usage":[13,13,16,24,33,40,55,55,55],"damage_taken":[{"damage":0,"enemies":"2 Louse","floor":1,"turns":1},{"damage":0,"enemies":"Small Slimes","floor":4,"turns":1},{"damage":0,"enemies":"Gremlin Nob","floor":6,"turns":1},{"damage":1,"enemies":"Jaw Worm","floor":7,"turns":2},{"damage":25,"enemies":"3 Sentries","floor":8,"turns":6},{"damage":6,"enemies":"Looter","floor":10,"turns":3},{"damage":11,"enemies":"Lagavulin","floor":13,"turns":4},{"damage":0,"enemies":"2 Fungi Beasts","floor":14,"turns":2},{"damage":0,"enemies":"Hexaghost","floor":16,"turns":7},{"damage":0,"enemies":"3 Byrds","floor":18,"turns":4},{"damage":0,"enemies":"2 Thieves","floor":20,"turns":2},{"damage":4,"enemies":"Snecko","floor":21,"turns":4},{"damage":6,"enemies":"Slavers","floor":23,"turns":4},{"damage":4,"enemies":"Snake Plant","floor":24,"turns":3},{"damage":1,"enemies":"Shelled Parasite and Fungi","floor":25,"turns":3},{"damage":0,"enemies":"Gremlin Leader","floor":28,"turns":3},{"damage":6,"enemies":"Book of Stabbing","floor":30,"turns":2},{"damage":0,"enemies":"3 Cultists","floor":31,"turns":3},{"damage":25,"enemies":"Collector","floor":33,"turns":4},{"damage":6,"enemies":"3 Darklings","floor":35,"turns":1},{"damage":0,"enemies":"3 Shapes","floor":38,"turns":2},{"damage":9,"enemies":"Jaw Worm Horde","floor":39,"turns":2},{"damage":12,"enemies":"Giant Head","floor":40,"turns":4},{"damage":6,"enemies":"Nemesis","floor":44,"turns":3},{"damage":6,"enemies":"Writhing Mass","floor":45,"turns":2},{"damage":0,"enemies":"Sphere and 2 Shapes","floor":46,"turns":3},{"damage":6,"enemies":"Awakened One","floor":50,"turns":11},{"damage":6,"enemies":"Shield and Spear","floor":54,"turns":5},{"damage":72,"enemies":"The Heart","floor":55,"turns":6}],"seed_played":"-3653994985271170362","potions_obtained":[{"floor":4,"key":"Block Potion"},{"floor":8,"key":"Swift Potion"},{"floor":10,"key":"FearPotion"},{"floor":16,"key":"FearPotion"},{"floor":18,"key":"Weak Potion"},{"floor":25,"key":"Weak Potion"},{"floor":33,"key":"SkillPotion"},{"floor":38,"key":"Energy Potion"},{"floor":46,"key":"Explosive Potion"}],"is_trial":false,"path_per_floor":["M","?","$","M","?","E","M","E","T","M","R","?","E","M","R","B",null,"M","$","M","M","?","E","M","M","T","R","E","R","E","M","R","B",null,"M","?","$","M","M","E","?","$","T","E","M","M","R","?","R","B",null,"R","$","E","B"],"character_chosen":"DEFECT","items_purchased":["PrismaticShard","Strength Potion","Bag of Preparation","Calipers","Blind","Coolheaded"],"campfire_rested":1,"item_purchase_floors":[19,19,37,37,37,42],"current_hp_per_floor":[75,68,68,68,50,50,49,24,24,18,40,29,18,20,20,22,75,75,75,75,71,71,67,65,66,66,66,68,68,64,66,66,43,75,69,69,69,71,64,54,54,54,54,50,46,48,48,48,48,44,75,75,75,69,0],"gold":44,"neow_bonus":"THREE_ENEMY_KILL","is_prod":false,"is_daily":false,"chose_seed":false,"campfire_upgraded":5,"win_rate":0,"timestamp":1561912370,"path_taken":["M","?","$","M","?","E","M","E","T","?","R","?","E","M","R","BOSS","M","$","M","M","?","E","M","M","T","R","E","R","E","?","R","BOSS","M","?","$","?","M","E","?","$","T","E","M","?","R","?","R","BOSS","R","$","E","BOSS"],"build_version":"2019-01-23","purchased_purges":4,"victory":false,"max_hp_per_floor":[75,75,75,75,75,75,75,75,75,75,75,75,75,75,75,75,75,75,75,75,75,75,75,75,75,75,75,75,75,75,75,75,75,75,75,75,75,75,75,75,75,75,75,75,75,75,75,75,75,75,75,75,75,75,75],"card_choices":[{"not_picked":["Beam Cell","Self Repair"],"picked":"Cold Snap","floor":1},{"not_picked":["Steam Power","Capacitor"],"picked":"Sweeping Beam","floor":4},{"not_picked":["Blizzard","Tempest"],"picked":"Beam Cell","floor":6},{"not_picked":["Gash","Go for the Eyes"],"picked":"Doom and Gloom","floor":7},{"not_picked":["Turbo","Rip and Tear"],"picked":"Ball Lightning","floor":8},{"not_picked":["Beam Cell","White Noise"],"picked":"Gash","floor":10},{"not_picked":["Hyperbeam","Chaos"],"picked":"Steam","floor":13},{"not_picked":["Heatsinks","Cold Snap"],"picked":"Auto Shields","floor":14},{"not_picked":["Rainbow","Meteor Strike"],"picked":"All For One","floor":16},{"not_picked":["Barrage+1","FTL"],"picked":"Beam Cell+1","floor":18},{"not_picked":["Leg Sweep","Deflect"],"picked":"Good Instincts+1","floor":20},{"not_picked":["Deadly Poison","Perfected Strike","Dagger Spray"],"picked":"SKIP","floor":21},{"not_picked":["Slice","Defragment"],"picked":"Body Slam","floor":23},{"not_picked":["Outmaneuver","Chaos"],"picked":"Offering","floor":24},{"not_picked":["Warcry+1","Choke+1"],"picked":"Noxious Fumes","floor":25},{"not_picked":["Quick Slash+1","Deflect","Escape Plan"],"picked":"SKIP","floor":28},{"not_picked":["Heavy Blade","PanicButton","Quick Slash"],"picked":"SKIP","floor":30},{"not_picked":["Panacea","Turbo","Bane"],"picked":"SKIP","floor":31},{"not_picked":["Berserk","Mayhem"],"picked":"Burst","floor":33},{"not_picked":["Slice","Skewer+1"],"picked":"Steam+1","floor":35},{"not_picked":["Bane+1","Escape Plan","Enlightenment+1"],"picked":"SKIP","floor":38},{"not_picked":["Catalyst","Sweeping Beam","Beam Cell"],"picked":"SKIP","floor":39},{"not_picked":["Cloak And Dagger","True Grit","Ball Lightning+1"],"picked":"SKIP","floor":40},{"not_picked":["Pummel","Flex","Warcry+1"],"picked":"SKIP","floor":44},{"not_picked":["Corruption+1","PiercingWail","Deep Breath+1"],"picked":"SKIP","floor":45},{"not_picked":["Chaos+1","Rainbow"],"picked":"True Grit+1","floor":46},{"not_picked":["Barrage","Sucker Punch"],"picked":"Calculated Gamble","floor":54}],"player_experience":1661228,"relics_obtained":[{"floor":6,"key":"Bottled Flame"},{"floor":8,"key":"Nunchaku"},{"floor":9,"key":"Unceasing Top"},{"floor":13,"key":"Blood Vial"},{"floor":22,"key":"Mercury Hourglass"},{"floor":23,"key":"Pen Nib"},{"floor":26,"key":"Whetstone"},{"floor":28,"key":"Omamori"},{"floor":30,"key":"Centennial Puzzle"},{"floor":40,"key":"Smiling Mask"},{"floor":44,"key":"Shovel"},{"floor":52,"key":"Letter Opener"},{"floor":54,"key":"Bronze Scales"}],"event_choices":[{"cards_removed":["Strike_B"],"damage_healed":0,"gold_gain":0,"player_choice":"Card Removal","damage_taken":7,"max_hp_gain":0,"max_hp_loss":0,"event_name":"Golden Wing","floor":2,"gold_loss":0},{"damage_healed":0,"gold_gain":0,"player_choice":"Take Damage","damage_taken":18,"relics_obtained":["Golden Idol"],"max_hp_gain":0,"max_hp_loss":0,"event_name":"Golden Idol","floor":5,"gold_loss":0},{"damage_healed":0,"gold_gain":75,"player_choice":"Gather Gold","damage_taken":11,"max_hp_gain":0,"max_hp_loss":0,"event_name":"World of Goop","floor":12,"gold_loss":0},{"damage_healed":0,"gold_gain":0,"player_choice":"Relic","damage_taken":0,"max_hp_gain":0,"max_hp_loss":0,"event_name":"Wheel of Change","floor":22,"gold_loss":0},{"damage_healed":0,"gold_gain":0,"player_choice":"Gave Potion","damage_taken":0,"relics_obtained":["Old Coin"],"max_hp_gain":0,"max_hp_loss":0,"event_name":"WeMeetAgain","floor":36,"gold_loss":0},{"damage_healed":0,"gold_gain":0,"player_choice":"Rummage","damage_taken":0,"relics_obtained":["WarpedTongs"],"max_hp_gain":0,"max_hp_loss":0,"event_name":"Accursed Blacksmith","floor":41,"gold_loss":0,"cards_obtained":["Pain"]},{"damage_healed":0,"gold_gain":0,"player_choice":"Paid","damage_taken":0,"relics_obtained":["Red Mask"],"max_hp_gain":0,"max_hp_loss":0,"event_name":"Tomb of Lord Red Mask","floor":48,"gold_loss":146}],"is_beta":false,"boss_relics":[{"not_picked":["White Beast Statue","FrozenCore"],"picked":"Nuclear Battery"},{"not_picked":["Lizard Tail","Pandora\u0027s Box"],"picked":"Runic Pyramid"}],"items_purged_floors":[3,19,37,42],"is_endless":false,"potions_floor_spawned":[4,8,10,16,18,23,25,33,38,39,46],"killed_by":"The Heart","ascension_level":0}