{"gold_per_floor":[361,361,377,377,387,387,405,78,104,139,159,159,194,194,194,292,292,305,318,318,167,181,215,215,248,248,267,217,227,83,111,111,216,216,236,196,31,43,61,61,79,105,105,105,139,139,149,149,149,149,149,149,19,53,53],"floor_reached":55,"playtime":2354,"items_purged":["Defend_B","Decay"],"score":832,"play_id":"1aca999d-982e-4b4f-b99b-dddb807b0377","local_time":"20190726001843","is_ascension_mode":true,"campfire_choices":[{"data":"Sweeping Beam","floor":6,"key":"SMITH"},{"data":"Zap","floor":12,"key":"SMITH"},{"data":"Leap","floor":15,"key":"SMITH"},{"floor":24,"key":"REST"},{"data":"Capacitor","floor":32,"key":"SMITH"},{"data":"Machine Learning","floor":40,"key":"SMITH"},{"data":"Thunder Strike","floor":44,"key":"SMITH"},{"floor":49,"key":"RECALL"},{"data":"Leap","floor":52,"key":"SMITH"}],"neow_cost":"PERCENT_DAMAGE","seed_source_timestamp":614067422741254,"circlet_count":0,"master_deck":["Defend_B+1","Defend_B","Zap+1","Dualcast","Ball Lightning+1","Sweeping Beam+1","Leap+1","Genetic Algorithm","Gash","Ball Lightning+1","Ball Lightning+1","Lockon+1","Thunder Strike+1","Glacier+1","Ball Lightning","Capacitor+1","Leap+1","Go for the Eyes+1","BootSequence","Melter+1","Reboot+1","Self Repair+1","Master of Strategy","Machine Learning+1","Beam Cell+1","Dark Shackles","Defragment","Coolheaded+1"],"relics":["Cracked Core","Pantograph","Lantern","Regal Pillow","Anchor","Velvet Choker","Dead Branch","Bottled Tornado","Pear","Bag of Marbles","Bag of Preparation","Astrolabe","Whetstone","Boot","Dodecahedron"],"potions_floor_usage":[10,23,25,25,31,31,39,45,45,55,55,55],"damage_taken":[{"damage":0,"enemies":"Small Slimes","floor":1,"turns":3},{"damage":0,"enemies":"2 Louse","floor":3,"turns":1},{"damage":0,"enemies":"Cultist","floor":5,"turns":3},{"damage":0,"enemies":"Looter","floor":7,"turns":4},{"damage":9,"enemies":"3 Sentries","floor":10,"turns":5},{"damage":5,"enemies":"Exordium Thugs","floor":11,"turns":3},{"damage":2,"enemies":"Gremlin Nob","floor":13,"turns":3},{"damage":19,"enemies":"The Guardian","floor":16,"turns":7},{"damage":10,"enemies":"2 Thieves","floor":18,"turns":3},{"damage":0,"enemies":"Spheric Guardian","floor":19,"turns":3},{"damage":4,"enemies":"Shelled Parasite and Fungi","floor":22,"turns":5},{"damage":24,"enemies":"Gremlin Leader","floor":23,"turns":5},{"damage":4,"enemies":"Slavers","floor":25,"turns":4},{"damage":16,"enemies":"Snake Plant","floor":27,"turns":3},{"damage":1,"enemies":"Snecko","floor":29,"turns":5},{"damage":15,"enemies":"Gremlin Leader","floor":31,"turns":5},{"damage":61,"enemies":"Champ","floor":33,"turns":9},{"damage":7,"enemies":"3 Shapes","floor":35,"turns":3},{"damage":0,"enemies":"Orb Walker","floor":38,"turns":2},{"damage":8,"enemies":"Maw","floor":39,"turns":7},{"damage":5,"enemies":"Spire Growth","floor":41,"turns":6},{"damage":19,"enemies":"Giant Head","floor":42,"turns":9},{"damage":9,"enemies":"Reptomancer","floor":45,"turns":6},{"damage":1,"enemies":"Writhing Mass","floor":47,"turns":5},{"damage":7,"enemies":"Time Eater","floor":50,"turns":9},{"damage":76,"enemies":"Shield and Spear","floor":54,"turns":8},{"damage":53,"enemies":"The Heart","floor":55,"turns":3}],"seed_played":"-3122369709227145572","potions_obtained":[{"floor":1,"key":"SpeedPotion"},{"floor":5,"key":"Explosive Potion"},{"floor":7,"key":"FearPotion"},{"floor":23,"key":"Strength Potion"},{"floor":25,"key":"Dexterity Potion"},{"floor":29,"key":"Swift Potion"},{"floor":31,"key":"GamblersBrew"},{"floor":33,"key":"FocusPotion"},{"floor":39,"key":"Block Potion"},{"floor":45,"key":"Fire Potion"},{"floor":47,"key":"SkillPotion"}],"is_trial":false,"path_per_floor":["M","?","M","?","M","R","M","$","T","E","M","R","E","?","R","B",null,"M","M","?","$","M","E","R","E","T","M","?","M","$","E","R","B",null,"M","?","$","M","M","R","M","E","T","R","E","?","M","?","R","B",null,"R","$","E","B"],"character_chosen":"DEFECT","items_purchased":["Pantograph","Strength Potion","Bag of Marbles","Master of Strategy","Defragment","Weak Potion"],"campfire_rested":1,"item_purchase_floors":[8,21,30,37,53,53],"current_hp_per_floor":[54,47,47,47,47,47,47,47,47,38,33,33,31,31,31,37,75,65,65,65,65,61,37,74,70,80,64,64,63,63,48,48,12,85,85,85,85,85,85,85,85,76,76,76,67,57,66,66,66,81,81,81,81,15,0],"gold":53,"neow_bonus":"TWO_FIFTY_GOLD","is_prod":false,"is_daily":false,"chose_seed":false,"campfire_upgraded":7,"win_rate":0,"timestamp":1564096723,"path_taken":["M","?","M","?","?","R","M","$","T","E","M","R","E","?","R","BOSS","M","M","?","$","M","E","R","E","T","?","?","?","?","E","R","BOSS","M","?","$","M","M","R","?","E","T","R","E","?","M","?","R","BOSS","R","$","E","BOSS"],"build_version":"2019-07-17","purchased_purges":2,"victory":false,"max_hp_per_floor":[75,75,75,75,75,75,75,75,75,75,75,75,75,75,75,75,75,75,75,75,75,75,75,75,75,85,85,85,85,85,85,85,85,85,85,85,85,85,85,85,85,85,85,85,85,85,85,81,81,81,81,81,81,81,81],"card_choices":[{"not_picked":["Capacitor","Heatsinks"],"picked":"Ball Lightning","floor":1},{"not_picked":["Darkness","Auto Shields"],"picked":"Sweeping Beam","floor":3},{"not_picked":["Storm","Steam"],"picked":"Genetic Algorithm","floor":5},{"not_picked":["Barrage","Aggregate"],"picked":"Gash","floor":7},{"not_picked":["Meteor Strike","Reprogram"],"picked":"Ball Lightning","floor":10},{"not_picked":["Force Field","Steam"],"picked":"Ball Lightning","floor":11},{"not_picked":["Steam","Cold Snap"],"picked":"Lockon","floor":13},{"not_picked":["Buffer","Meteor Strike"],"picked":"Thunder Strike","floor":16},{"not_picked":["Hologram","Force Field"],"picked":"Glacier+1","floor":18},{"not_picked":["Rebound","Hologram"],"picked":"Ball Lightning","floor":19},{"not_picked":["White Noise","Beam Cell"],"picked":"Capacitor","floor":22},{"not_picked":["FTL+1","BootSequence"],"picked":"Leap","floor":23},{"not_picked":["Cold Snap","All For One","Ball Lightning"],"picked":"SKIP","floor":25},{"not_picked":["Barrage","Compile Driver","Rebound"],"picked":"SKIP","floor":27},{"not_picked":["Lockon","BootSequence"],"picked":"Go for the Eyes+1","floor":29},{"not_picked":["Ball Lightning+1","Beam Cell"],"picked":"BootSequence","floor":31},{"not_picked":["Hologram","FTL+1","Barrage"],"picked":"SKIP","floor":35},{"not_picked":["Genetic Algorithm","Recycle+1","Ball Lightning"],"picked":"SKIP","floor":38},{"not_picked":["Stack","Self Repair"],"picked":"Machine Learning","floor":39},{"not_picked":["Rip and Tear+1","Static Discharge","Loop"],"picked":"SKIP","floor":41},{"not_picked":["Gash","White Noise"],"picked":"Beam Cell+1","floor":42},{"not_picked":["Leap","Steam","Capacitor"],"picked":"SKIP","floor":45},{"not_picked":["Jack Of All Trades","Transmutation"],"picked":"Dark Shackles","floor":46},{"not_picked":["Conserve Battery","Hologram","Ball Lightning"],"picked":"SKIP","floor":47},{"not_picked":["Seek","Lockon+1"],"picked":"Coolheaded+1","floor":54}],"player_experience":1744751,"relics_obtained":[{"floor":9,"key":"Lantern"},{"floor":10,"key":"Regal Pillow"},{"floor":13,"key":"Anchor"},{"floor":23,"key":"Dead Branch"},{"floor":25,"key":"Bottled Tornado"},{"floor":26,"key":"Pear"},{"floor":31,"key":"Bag of Preparation"},{"floor":42,"key":"Whetstone"},{"floor":45,"key":"Boot"},{"floor":54,"key":"Dodecahedron"}],"event_choices":[{"cards_removed":["Strike_B"],"damage_healed":0,"gold_gain":0,"player_choice":"Card Removal","damage_taken":7,"max_hp_gain":0,"max_hp_loss":0,"event_name":"Golden Wing","floor":2,"gold_loss":0},{"damage_healed":0,"gold_gain":0,"cards_transformed":["Strike_B"],"player_choice":"Transformed","damage_taken":0,"max_hp_gain":0,"max_hp_loss":0,"event_name":"Transmorgrifier","floor":4,"gold_loss":0,"cards_obtained":["Leap"]},{"damage_healed":0,"gold_gain":0,"player_choice":"Forge","damage_taken":0,"max_hp_gain":0,"max_hp_loss":0,"event_name":"Accursed Blacksmith","floor":14,"gold_loss":0,"cards_upgraded":["Lockon"]},{"damage_healed":0,"gold_gain":0,"player_choice":"Cursed","damage_taken":0,"max_hp_gain":0,"max_hp_loss":0,"event_name":"Wheel of Change","floor":20,"gold_loss":0,"cards_obtained":["Decay"]},{"damage_healed":0,"gold_gain":0,"player_choice":"Bet on Owner","damage_taken":0,"max_hp_gain":0,"max_hp_loss":0,"event_name":"The Joust","floor":28,"gold_loss":50},{"damage_healed":0,"gold_gain":0,"player_choice":"Upgraded Two","damage_taken":0,"max_hp_gain":0,"max_hp_loss":0,"event_name":"Designer","floor":36,"gold_loss":40,"cards_upgraded":["Ball Lightning","Defend_B"]},{"damage_healed":0,"gold_gain":0,"player_choice":"Memory 3","damage_taken":10,"max_hp_gain":0,"max_hp_loss":0,"event_name":"SensoryStone","floor":46,"gold_loss":0},{"damage_healed":0,"gold_gain":0,"player_choice":"Max HP","damage_taken":0,"max_hp_gain":0,"max_hp_loss":4,"event_name":"Winding Halls","floor":48,"gold_loss":0}],"is_beta":false,"boss_relics":[{"not_picked":["Ectoplasm","Eternal Feather"],"picked":"Velvet Choker"},{"not_picked":["Runic Dome","Orrery"],"picked":"Astrolabe"}],"items_purged_floors":[8,21],"is_endless":false,"potions_floor_spawned":[1,5,7,23,25,29,31,33,39,45,47],"killed_by":"The Heart","ascension_level":1}