{"gold_per_floor":[110,130,130,50,68,68,86,86,86,104,135,135,155,155,155,251,251,220,232,45,62,80,80,80,99,125,51,51,51,64,0,0,0],"floor_reached":33,"playtime":4441,"items_purged":[],"score":274,"play_id":"e49af00b-ddbd-4eb0-876f-dbe14c27f927","local_time":"20191006033253","is_ascension_mode":false,"campfire_choices":[{"data":"Metallicize","floor":6,"key":"SMITH"},{"data":"Defend_R","floor":8,"key":"SMITH"},{"data":"Feed","floor":12,"key":"SMITH"},{"data":"Defend_R","floor":15,"key":"SMITH"},{"floor":23,"key":"REST"},{"floor":29,"key":"REST"},{"floor":32,"key":"REST"}],"neow_cost":"NONE","seed_source_timestamp":191639801214300,"circlet_count":0,"master_deck":["Strike_R","Strike_R","Strike_R","Defend_R","Defend_R","Defend_R+1","Defend_R+1","Pommel Strike","Warcry","Metallicize+1","Clash","Feed+1","Havoc","Feed","Armaments","Dual Wield","Clash","Good Instincts","Pummel","Burning Pact+1","Carnage","Rampage","Reaper"],"relics":["Burning Blood","Bronze Scales","Mummified Hand","Paper Frog","Empty Cage","MutagenicStrength","Anchor","Nilry\u0027s Codex"],"potions_floor_usage":[11,11,16,21],"damage_taken":[{"damage":1,"enemies":"Cultist","floor":1,"turns":3},{"damage":2,"enemies":"2 Louse","floor":2,"turns":2},{"damage":2,"enemies":"Small Slimes","floor":5,"turns":4},{"damage":14,"enemies":"3 Louse","floor":7,"turns":3},{"damage":0,"enemies":"Blue Slaver","floor":10,"turns":4},{"damage":7,"enemies":"3 Sentries","floor":11,"turns":9},{"damage":2,"enemies":"Looter","floor":13,"turns":2},{"damage":42,"enemies":"The Guardian","floor":16,"turns":12},{"damage":32,"enemies":"2 Thieves","floor":18,"turns":5},{"damage":16,"enemies":"Spheric Guardian","floor":19,"turns":4},{"damage":7,"enemies":"Cultist and Chosen","floor":21,"turns":6},{"damage":21,"enemies":"Shelled Parasite and Fungi","floor":22,"turns":7},{"damage":28,"enemies":"Snecko","floor":25,"turns":5},{"damage":28,"enemies":"Cultist and Chosen","floor":30,"turns":7},{"damage":93,"enemies":"Collector","floor":33,"turns":8}],"seed_played":"7764063638730325405","potions_obtained":[{"floor":1,"key":"SkillPotion"},{"floor":10,"key":"EssenceOfSteel"},{"floor":13,"key":"LiquidBronze"},{"floor":19,"key":"Explosive Potion"},{"floor":30,"key":"Explosive Potion"}],"is_trial":false,"path_per_floor":["M","M","?","$","M","R","M","R","T","M","E","R","M","?","R","B",null,"M","M","$","M","M","R","?","M","T","$","?","R","M","?","R","B"],"character_chosen":"IRONCLAD","items_purchased":["Metallicize","Clash","Good Instincts","Pummel","Rampage"],"campfire_rested":3,"item_purchase_floors":[4,20,20,20,27],"current_hp_per_floor":[80,80,80,80,80,80,72,72,72,78,77,77,80,85,85,49,85,63,53,53,55,43,71,71,53,53,53,37,66,47,47,77,0],"gold":0,"neow_bonus":"RANDOM_COMMON_RELIC","is_prod":false,"is_daily":false,"chose_seed":false,"campfire_upgraded":4,"win_rate":0,"timestamp":1570354373,"path_taken":["M","M","?","$","M","R","M","R","T","M","E","R","M","?","R","BOSS","M","M","$","M","M","R","?","M","T","$","?","R","M","?","R","BOSS"],"build_version":"2019-07-17","purchased_purges":0,"victory":false,"max_hp_per_floor":[80,80,80,80,80,80,80,80,80,80,80,80,80,85,85,85,85,89,89,89,92,95,95,95,99,99,99,99,99,102,102,102,102],"card_choices":[{"not_picked":["Searing Blow","True Grit"],"picked":"Pommel Strike","floor":1},{"not_picked":["Anger","Pommel Strike"],"picked":"Warcry","floor":2},{"not_picked":["Clash","Body Slam","Thunderclap"],"picked":"SKIP","floor":5},{"not_picked":["Clothesline","Warcry","Feel No Pain"],"picked":"SKIP","floor":7},{"not_picked":["Dropkick","Anger"],"picked":"Clash","floor":10},{"not_picked":["Intimidate","Inflame"],"picked":"Feed","floor":11},{"not_picked":["Clash","Seeing Red"],"picked":"Havoc","floor":13},{"not_picked":["Offering","Juggernaut"],"picked":"Feed","floor":16},{"not_picked":["True Grit","Pummel"],"picked":"Armaments","floor":18},{"not_picked":["Cleave+1","Sword Boomerang"],"picked":"Dual Wield","floor":19},{"not_picked":["True Grit+1","Thunderclap"],"picked":"Burning Pact+1","floor":21},{"not_picked":["Thunderclap+1","Cleave+1"],"picked":"Carnage","floor":22},{"not_picked":["Perfected Strike+1","Searing Blow","Iron Wave+1"],"picked":"SKIP","floor":25},{"not_picked":["Warcry","Havoc"],"picked":"Reaper","floor":30}],"player_experience":366357,"relics_obtained":[{"floor":9,"key":"Mummified Hand"},{"floor":11,"key":"Paper Frog"},{"floor":26,"key":"Anchor"},{"floor":28,"key":"Nilry\u0027s Codex"}],"event_choices":[{"cards_removed":["Bash"],"damage_healed":0,"gold_gain":0,"player_choice":"Forget","damage_taken":0,"max_hp_gain":0,"max_hp_loss":0,"event_name":"Living Wall","floor":3,"gold_loss":0},{"damage_healed":0,"gold_gain":0,"player_choice":"Donut","damage_taken":0,"max_hp_gain":5,"max_hp_loss":0,"event_name":"Big Fish","floor":14,"gold_loss":0},{"damage_healed":0,"gold_gain":0,"player_choice":"Inject Mutagens","damage_taken":0,"relics_obtained":["MutagenicStrength"],"max_hp_gain":0,"max_hp_loss":0,"event_name":"Drug Dealer","floor":24,"gold_loss":0},{"damage_healed":0,"gold_gain":0,"player_choice":"Obtained Book","damage_taken":16,"max_hp_gain":0,"max_hp_loss":0,"event_name":"Cursed Tome","floor":28,"gold_loss":0},{"damage_healed":0,"gold_gain":0,"player_choice":"Paid Fearfully","damage_taken":0,"max_hp_gain":0,"max_hp_loss":0,"event_name":"Masked Bandits","floor":31,"gold_loss":64}],"is_beta":false,"boss_relics":[{"not_picked":["Astrolabe","Runic Dome"],"picked":"Empty Cage"}],"items_purged_floors":[],"is_endless":false,"potions_floor_spawned":[1,10,13,19,30],"killed_by":"Collector","ascension_level":0}