{"gold_per_floor":[17,17,17,32,48,48,61,61,61,96,21,21,55,69,69,192,192,207,223,223,247,285,285,360,393,417,436,450,24,24,43,43,168,168,189,249,249,267,292,325,325,325,325,325,341,375,597,5,5,5,5,5,5,46,46],"floor_reached":56,"playtime":3091,"items_purged":["Strike_G","Strike_G","Neutralize"],"score":1386,"play_id":"12f4c45b-7615-422a-99d4-c0fbcf902b36","local_time":"20191021165642","is_ascension_mode":true,"campfire_choices":[{"floor":6,"key":"DIG"},{"floor":8,"key":"DIG"},{"data":"Caltrops","floor":15,"key":"SMITH"},{"data":"Tactician","floor":23,"key":"SMITH"},{"floor":30,"key":"DIG"},{"data":"Catalyst","floor":32,"key":"SMITH"},{"data":"Strike_G","floor":41,"key":"PURGE"},{"floor":44,"key":"REST"},{"floor":49,"key":"RECALL"},{"floor":52,"key":"DIG"}],"neow_cost":"NO_GOLD","seed_source_timestamp":892134828987100,"circlet_count":0,"master_deck":["Defend_G","Defend_G","Defend_G","Survivor","Dagger Spray+1","Prepared","Underhanded Strike+1","Predator+1","Crippling Poison","Caltrops+1","Tactician+1","Acrobatics","Dodge and Roll+1","Adrenaline","Calculated Gamble+1","Crippling Poison+1","Dagger Throw+1","Backflip","Adrenaline","Escape Plan","Backstab+1","Poisoned Stab+1","Catalyst+1","Burst","Flechettes+1","Reflex+1","Panache","Backflip","Catalyst+1","Deadly Poison+1","Well Laid Plans","Catalyst"],"relics":["Ring of the Snake","Shovel","Prayer Wheel","Dream Catcher","Gremlin Horn","Peace Pipe","Golden Idol","Pantograph","Empty Cage","Red Mask","Molten Egg 2","Oddly Smooth Stone","Centennial Puzzle","Sling","Letter Opener","Fusion Hammer","StoneCalendar","Whetstone","White Beast Statue","FossilizedHelix","Shuriken","Anchor"],"potions_floor_usage":[14,16,19,33,33,33,36,38,40,40,54,55],"damage_taken":[{"damage":5,"enemies":"Small Slimes","floor":1,"turns":5},{"damage":0,"enemies":"2 Louse","floor":4,"turns":2},{"damage":0,"enemies":"Cultist","floor":5,"turns":4},{"damage":1,"enemies":"Red Slaver","floor":7,"turns":2},{"damage":16,"enemies":"Gremlin Nob","floor":10,"turns":5},{"damage":31,"enemies":"Lagavulin","floor":13,"turns":7},{"damage":3,"enemies":"Exordium Wildlife","floor":14,"turns":5},{"damage":23,"enemies":"The Guardian","floor":16,"turns":13},{"damage":19,"enemies":"Chosen","floor":18,"turns":6},{"damage":0,"enemies":"2 Thieves","floor":19,"turns":3},{"damage":1,"enemies":"3 Cultists","floor":21,"turns":4},{"damage":1,"enemies":"Masked Bandits","floor":22,"turns":3},{"damage":5,"enemies":"Gremlin Leader","floor":25,"turns":6},{"damage":9,"enemies":"Snake Plant","floor":27,"turns":4},{"damage":0,"enemies":"Centurion and Healer","floor":28,"turns":8},{"damage":0,"enemies":"Cultist and Chosen","floor":31,"turns":5},{"damage":14,"enemies":"Champ","floor":33,"turns":9},{"damage":0,"enemies":"3 Shapes","floor":35,"turns":1},{"damage":23,"enemies":"2 Orb Walkers","floor":36,"turns":4},{"damage":17,"enemies":"3 Darklings","floor":38,"turns":5},{"damage":14,"enemies":"Maw","floor":39,"turns":3},{"damage":0,"enemies":"Reptomancer","floor":40,"turns":2},{"damage":0,"enemies":"Writhing Mass","floor":45,"turns":4},{"damage":0,"enemies":"Giant Head","floor":46,"turns":4},{"damage":28,"enemies":"Awakened One","floor":50,"turns":8},{"damage":0,"enemies":"Shield and Spear","floor":54,"turns":5},{"damage":22,"enemies":"The Heart","floor":55,"turns":5}],"seed_played":"-2874206207025066566","potions_obtained":[{"floor":4,"key":"Explosive Potion"},{"floor":10,"key":"Fruit Juice"},{"floor":13,"key":"DuplicationPotion"},{"floor":14,"key":"Ancient Potion"},{"floor":18,"key":"SkillPotion"},{"floor":19,"key":"GamblersBrew"},{"floor":20,"key":"EntropicBrew"},{"floor":20,"key":"PowerPotion"},{"floor":36,"key":"SteroidPotion"},{"floor":39,"key":"SteroidPotion"},{"floor":40,"key":"SkillPotion"},{"floor":54,"key":"SpeedPotion"}],"is_trial":false,"path_per_floor":["M","?","?","M","M","R","M","R","T","E","$","?","E","M","R","B",null,"M","M","?","M","?","R","?","E","T","M","M","$","R","M","R","B",null,"M","?","?","M","M","E","R","?","T","R","M","E","?","$","R","B",null,"R","$","E","B",null],"character_chosen":"THE_SILENT","items_purchased":["Centennial Puzzle","Backstab+1","Sling","Well Laid Plans","FossilizedHelix","Catalyst"],"campfire_rested":1,"item_purchase_floors":[29,29,29,48,48,48],"current_hp_per_floor":[65,65,65,65,65,65,64,64,64,48,48,48,17,19,19,21,70,51,51,51,50,49,49,42,37,37,28,28,28,28,28,28,39,70,70,47,47,42,28,28,28,28,28,49,49,49,49,49,49,42,70,70,70,70,48],"gold":46,"neow_bonus":"ONE_RARE_RELIC","is_prod":false,"is_daily":false,"chose_seed":false,"campfire_upgraded":3,"win_rate":0,"timestamp":1571673402,"path_taken":["M","?","?","?","M","R","M","R","T","E","?","?","E","M","R","BOSS","M","M","?","?","?","R","?","E","T","M","?","$","R","M","R","BOSS","M","?","?","M","M","E","R","?","T","R","M","E","?","?","R","BOSS","R","$","E","BOSS"],"build_version":"2019-10-18","purchased_purges":3,"victory":true,"max_hp_per_floor":[70,70,70,70,70,70,70,70,70,70,70,65,65,70,70,70,70,70,70,70,70,70,70,70,70,70,70,70,70,70,70,70,70,70,70,70,70,70,70,70,70,70,70,70,70,70,70,70,70,70,70,70,70,70,70],"card_choices":[{"not_picked":["Backflip","Finisher"],"picked":"Dagger Spray","floor":1},{"not_picked":["Calculated Gamble","Reflex"],"picked":"Underhanded Strike","floor":4},{"not_picked":["Dagger Spray","Blur"],"picked":"Predator","floor":5},{"not_picked":["Blade Dance","Finisher"],"picked":"Crippling Poison","floor":7},{"not_picked":["Heel Hook","Slice","Quick Slash"],"picked":"SKIP","floor":7},{"not_picked":["Backflip","Bane"],"picked":"Caltrops","floor":10},{"not_picked":["Night Terror","Backflip"],"picked":"Tactician","floor":13},{"not_picked":["Caltrops","Poisoned Stab","Quick Slash"],"picked":"SKIP","floor":14},{"not_picked":["Dagger Spray","Blade Dance","Crippling Poison"],"picked":"SKIP","floor":14},{"not_picked":["Quick Slash+1","Prepared"],"picked":"Acrobatics","floor":18},{"not_picked":["Skewer","Masterful Stab"],"picked":"Dodge and Roll+1","floor":18},{"not_picked":["Poisoned Stab","PiercingWail"],"picked":"Adrenaline","floor":19},{"not_picked":["Dodge and Roll","Riddle With Holes+1"],"picked":"Calculated Gamble+1","floor":19},{"not_picked":["Flying Knee","Quick Slash"],"picked":"Crippling Poison+1","floor":21},{"not_picked":["Underhanded Strike","Quick Slash","Poisoned Stab"],"picked":"SKIP","floor":21},{"not_picked":["Crippling Poison","Acrobatics","Masterful Stab"],"picked":"SKIP","floor":25},{"not_picked":["Leg Sweep","Accuracy"],"picked":"Dagger Throw+1","floor":27},{"not_picked":["Dodge and Roll","Bouncing Flask+1"],"picked":"Backflip","floor":27},{"not_picked":["Prepared","Heel Hook+1"],"picked":"Adrenaline","floor":28},{"not_picked":["Outmaneuver","Backflip"],"picked":"Escape Plan","floor":28},{"not_picked":["Slice+1","Cloak And Dagger"],"picked":"Poisoned Stab+1","floor":31},{"not_picked":["Phantasmal Killer","Eviscerate+1"],"picked":"Catalyst","floor":31},{"not_picked":["Night Terror","Doppelganger"],"picked":"Burst","floor":33},{"not_picked":["Flying Knee+1","Acrobatics"],"picked":"Flechettes+1","floor":35},{"not_picked":["Calculated Gamble+1","Flechettes+1","Outmaneuver+1"],"picked":"SKIP","floor":35},{"not_picked":["Predator+1","Flechettes+1"],"picked":"Reflex+1","floor":36},{"not_picked":["Dark Shackles","Enlightenment"],"picked":"Panache","floor":37},{"not_picked":["Dagger Throw+1","Dagger Spray+1","Flying Knee+1"],"picked":"SKIP","floor":38},{"not_picked":["Quick Slash+1","Dagger Throw+1","Backflip"],"picked":"SKIP","floor":38},{"not_picked":["Quick Slash+1","Dagger Throw+1"],"picked":"Backflip","floor":38},{"not_picked":["Dagger Throw+1","Dagger Spray+1","Flying Knee+1"],"picked":"SKIP","floor":38},{"not_picked":["Bane+1","Dodge and Roll+1","Flying Knee+1"],"picked":"SKIP","floor":39},{"not_picked":["Deadly Poison+1","Heel Hook+1","Underhanded Strike+1"],"picked":"SKIP","floor":39},{"not_picked":["Distraction+1","Dodge and Roll+1","Prepared"],"picked":"SKIP","floor":40},{"not_picked":["Expertise+1","Endless Agony+1"],"picked":"Catalyst+1","floor":45},{"not_picked":["Deadly Poison+1","Flechettes+1","Outmaneuver+1"],"picked":"SKIP","floor":45},{"not_picked":["Flechettes+1","Outmaneuver+1"],"picked":"Deadly Poison+1","floor":45},{"not_picked":["Masterful Stab+1","Underhanded Strike+1","Terror+1"],"picked":"SKIP","floor":46},{"not_picked":["Infinite Blades","Blade Dance","Sucker Punch+1"],"picked":"SKIP","floor":54}],"player_experience":1665359,"relics_obtained":[{"floor":6,"key":"Prayer Wheel"},{"floor":8,"key":"Dream Catcher"},{"floor":9,"key":"Gremlin Horn"},{"floor":10,"key":"Peace Pipe"},{"floor":13,"key":"Pantograph"},{"floor":22,"key":"Red Mask"},{"floor":25,"key":"Molten Egg 2"},{"floor":26,"key":"Oddly Smooth Stone"},{"floor":30,"key":"Letter Opener"},{"floor":36,"key":"StoneCalendar"},{"floor":40,"key":"Whetstone"},{"floor":46,"key":"White Beast Statue"},{"floor":52,"key":"Shuriken"},{"floor":54,"key":"Anchor"}],"event_choices":[{"damage_healed":0,"gold_gain":0,"player_choice":"Grow","damage_taken":0,"max_hp_gain":0,"max_hp_loss":0,"event_name":"Living Wall","floor":2,"gold_loss":0,"cards_upgraded":["Dagger Spray"]},{"damage_healed":0,"gold_gain":0,"cards_transformed":["Strike_G"],"player_choice":"Transformed","damage_taken":0,"max_hp_gain":0,"max_hp_loss":0,"event_name":"Transmorgrifier","floor":3,"gold_loss":0,"cards_obtained":["Prepared"]},{"damage_healed":0,"gold_gain":0,"player_choice":"Lose Max HP","damage_taken":0,"relics_obtained":["Golden Idol"],"max_hp_gain":0,"max_hp_loss":5,"event_name":"Golden Idol","floor":12,"gold_loss":0},{"damage_healed":0,"gold_gain":0,"player_choice":"Got Potions","damage_taken":0,"max_hp_gain":0,"max_hp_loss":0,"event_name":"Lab","floor":20,"gold_loss":0},{"damage_healed":0,"gold_gain":0,"player_choice":"Fought Bandits","damage_taken":0,"max_hp_gain":0,"max_hp_loss":0,"event_name":"Masked Bandits","floor":22,"gold_loss":0},{"damage_healed":0,"gold_gain":75,"player_choice":"Touch","damage_taken":7,"max_hp_gain":0,"max_hp_loss":0,"event_name":"FaceTrader","floor":24,"gold_loss":0},{"damage_healed":0,"gold_gain":0,"player_choice":"Fight","damage_taken":0,"max_hp_gain":0,"max_hp_loss":0,"event_name":"Mysterious Sphere","floor":36,"gold_loss":0},{"damage_healed":0,"gold_gain":0,"player_choice":"Memory 1","damage_taken":0,"max_hp_gain":0,"max_hp_loss":0,"event_name":"SensoryStone","floor":37,"gold_loss":0},{"cards_removed":["Defend_G"],"damage_healed":0,"gold_gain":0,"player_choice":"Removed Skill","damage_taken":0,"max_hp_gain":0,"max_hp_loss":0,"event_name":"Falling","floor":42,"gold_loss":0},{"damage_healed":0,"gold_gain":222,"player_choice":"Wore Mask","damage_taken":0,"max_hp_gain":0,"max_hp_loss":0,"event_name":"Tomb of Lord Red Mask","floor":47,"gold_loss":0}],"is_beta":true,"boss_relics":[{"not_picked":["Velvet Choker","Philosopher\u0027s Stone"],"picked":"Empty Cage"},{"not_picked":["Tiny House","Snecko Eye"],"picked":"Fusion Hammer"}],"items_purged_floors":[11,29,48],"is_endless":false,"potions_floor_spawned":[4,10,13,14,18,19,31,33,36,39,40,54],"ascension_level":1}