{"gold_per_floor":[117,134,134,17,17,45,45,76,76,91,26,26,26,40,40,141,141,158,173,187,11,22,22,50,50,132,132,148,183,194,229,229,330,330,340,357,357,77,97,127,127,153,153,187,187,204,204,68,68,68,68,68,13,42,42],"floor_reached":56,"playtime":2929,"items_purged":["Strike_B","Defend_B","Defend_B"],"score":1534,"play_id":"78fca607-dbe7-4609-b8ba-ab7bf228bd59","local_time":"20190816001607","is_ascension_mode":true,"campfire_choices":[{"data":"Darkness","floor":7,"key":"SMITH"},{"floor":12,"key":"REST"},{"data":"1","floor":15,"key":"LIFT"},{"floor":23,"key":"REST"},{"data":"2","floor":25,"key":"LIFT"},{"floor":27,"key":"REST"},{"floor":32,"key":"REST"},{"data":"3","floor":41,"key":"LIFT"},{"floor":47,"key":"RECALL"},{"data":"Coolheaded","floor":49,"key":"SMITH"},{"data":"Seek","floor":52,"key":"SMITH"}],"neow_cost":"NONE","seed_source_timestamp":52742182336600,"circlet_count":0,"master_deck":["Strike_B","Strike_B","Strike_B","Defend_B+1","Defend_B","Zap","Dualcast","Conserve Battery","Ball Lightning","Capacitor+1","Consume+1","Darkness+1","Coolheaded+1","Self Repair","Defragment+1","FTL","Machine Learning","Conserve Battery","Self Repair+1","Compile Driver","Echo Form","Glacier+1","Coolheaded+1","Electrodynamics","BootSequence","Fusion+1","Seek+1","Compile Driver+1","Recycle+1","Double Energy+1","Sweeping Beam","Lockon","Capacitor+1"],"relics":["Cracked Core","Girya","Bottled Lightning","The Courier","Symbiotic Virus","Sozu","Vajra","War Paint","Pear","Pen Nib","Potion Belt","Runic Pyramid","ClockworkSouvenir","Blood Vial","Torii","Kunai","Pantograph","Emotion Chip"],"potions_floor_usage":[14,18,29],"damage_taken":[{"damage":1,"enemies":"Cultist","floor":1,"turns":3},{"damage":2,"enemies":"Jaw Worm","floor":2,"turns":3},{"damage":36,"enemies":"3 Sentries","floor":6,"turns":7},{"damage":20,"enemies":"Lagavulin","floor":8,"turns":5},{"damage":4,"enemies":"Small Slimes","floor":10,"turns":3},{"damage":24,"enemies":"Gremlin Gang","floor":14,"turns":4},{"damage":0,"enemies":"Slime Boss","floor":16,"turns":5},{"damage":15,"enemies":"Shell Parasite","floor":18,"turns":5},{"damage":3,"enemies":"3 Byrds","floor":19,"turns":3},{"damage":55,"enemies":"Cultist and Chosen","floor":20,"turns":5},{"damage":16,"enemies":"Chosen and Byrds","floor":22,"turns":5},{"damage":34,"enemies":"Gremlin Leader","floor":24,"turns":8},{"damage":16,"enemies":"Centurion and Healer","floor":28,"turns":6},{"damage":24,"enemies":"Book of Stabbing","floor":29,"turns":4},{"damage":26,"enemies":"Snake Plant","floor":30,"turns":3},{"damage":58,"enemies":"Gremlin Leader","floor":31,"turns":8},{"damage":44,"enemies":"Automaton","floor":33,"turns":9},{"damage":23,"enemies":"Orb Walker","floor":35,"turns":4},{"damage":1,"enemies":"3 Shapes","floor":36,"turns":4},{"damage":54,"enemies":"Writhing Mass","floor":39,"turns":5},{"damage":23,"enemies":"Reptomancer","floor":40,"turns":7},{"damage":18,"enemies":"Giant Head","floor":42,"turns":8},{"damage":15,"enemies":"Reptomancer","floor":44,"turns":7},{"damage":0,"enemies":"Sphere and 2 Shapes","floor":46,"turns":5},{"damage":50,"enemies":"Awakened One","floor":50,"turns":11},{"damage":31,"enemies":"Shield and Spear","floor":54,"turns":6},{"damage":48,"enemies":"The Heart","floor":55,"turns":10}],"seed_played":"-147122901495946172","potions_obtained":[{"floor":2,"key":"LiquidBronze"},{"floor":10,"key":"Fire Potion"},{"floor":16,"key":"Explosive Potion"}],"is_trial":false,"path_per_floor":["M","M","T","$","?","E","R","E","T","M","$","R","?","M","R","B",null,"M","M","M","$","M","R","E","R","T","R","M","E","M","E","R","B",null,"M","M","?","$","M","E","R","E","T","E","?","M","R","$","R","B",null,"R","$","E","B",null],"character_chosen":"DEFECT","items_purchased":["Capacitor","Consume","Defragment","Vajra","ClockworkSouvenir","Beam Cell","Sweeping Beam","Lockon"],"campfire_rested":4,"item_purchase_floors":[4,4,11,21,38,38,48,53],"current_hp_per_floor":[81,79,79,79,72,36,36,16,16,12,12,36,36,19,19,19,82,74,71,23,23,24,48,31,31,41,68,86,69,60,22,49,22,92,86,92,92,92,62,66,66,84,84,88,88,92,92,92,92,59,92,92,92,92,54],"gold":42,"neow_bonus":"TEN_PERCENT_HP_BONUS","is_prod":false,"is_daily":false,"chose_seed":false,"campfire_upgraded":3,"win_rate":0,"timestamp":1565910967,"path_taken":["M","M","?","$","?","E","R","E","T","M","$","R","?","M","R","BOSS","M","?","M","$","M","R","E","R","T","R","M","E","M","E","R","BOSS","M","M","?","$","?","E","R","E","T","E","?","M","R","$","R","BOSS","R","$","E","BOSS"],"build_version":"2019-07-17","purchased_purges":3,"victory":true,"max_hp_per_floor":[82,82,82,82,82,82,82,82,82,82,82,82,82,82,82,82,82,82,82,82,82,82,82,82,82,92,92,92,92,92,92,92,92,92,92,92,92,92,92,92,92,92,92,92,92,92,92,92,92,92,92,92,92,92,92],"card_choices":[{"not_picked":["Stack","Turbo"],"picked":"Conserve Battery","floor":1},{"not_picked":["Capacitor","Leap"],"picked":"Ball Lightning","floor":2},{"not_picked":["Chill","Rebound"],"picked":"Darkness","floor":6},{"not_picked":["Loop","Blizzard"],"picked":"Coolheaded","floor":8},{"not_picked":["Fission","Hologram"],"picked":"Self Repair","floor":10},{"not_picked":["Aggregate","Beam Cell"],"picked":"FTL","floor":14},{"not_picked":["Amplify","Creative AI"],"picked":"Machine Learning","floor":16},{"not_picked":["Rebound","Steam Power"],"picked":"Conserve Battery","floor":18},{"not_picked":["Darkness","Auto Shields","Gash"],"picked":"SKIP","floor":19},{"not_picked":["Beam Cell","Rebound"],"picked":"Self Repair+1","floor":20},{"not_picked":["Gash+1","Redo"],"picked":"Compile Driver","floor":22},{"not_picked":["Go for the Eyes","FTL"],"picked":"Echo Form","floor":24},{"not_picked":["BootSequence+1","Stack","FTL"],"picked":"SKIP","floor":28},{"not_picked":["Hologram","Steam Power","Steam"],"picked":"SKIP","floor":29},{"not_picked":["FTL","Hologram"],"picked":"Glacier+1","floor":30},{"not_picked":["Aggregate+1","Skim"],"picked":"Coolheaded+1","floor":31},{"not_picked":["Buffer","Thunder Strike"],"picked":"Electrodynamics","floor":33},{"not_picked":["Streamline+1","Compile Driver"],"picked":"BootSequence","floor":35},{"not_picked":["Gash","Chill","Barrage"],"picked":"SKIP","floor":36},{"not_picked":["Conserve Battery+1","Scrape+1"],"picked":"Fusion+1","floor":39},{"not_picked":["Leap+1","Coolheaded"],"picked":"Seek","floor":40},{"not_picked":["Recycle+1","Steam Power+1"],"picked":"Compile Driver+1","floor":42},{"not_picked":["Beam Cell","Amplify"],"picked":"Recycle+1","floor":44},{"not_picked":["Steam","Ball Lightning+1"],"picked":"Double Energy+1","floor":46},{"not_picked":["Hello World","Undo"],"picked":"Capacitor+1","floor":54}],"player_experience":1794088,"relics_obtained":[{"floor":6,"key":"Bottled Lightning"},{"floor":8,"key":"The Courier"},{"floor":9,"key":"Symbiotic Virus"},{"floor":24,"key":"War Paint"},{"floor":26,"key":"Pear"},{"floor":29,"key":"Pen Nib"},{"floor":31,"key":"Potion Belt"},{"floor":40,"key":"Blood Vial"},{"floor":42,"key":"Torii"},{"floor":43,"key":"Kunai"},{"floor":44,"key":"Pantograph"},{"floor":54,"key":"Emotion Chip"}],"event_choices":[{"damage_healed":0,"gold_gain":0,"player_choice":"Success","damage_taken":7,"relics_obtained":["Girya"],"max_hp_gain":0,"max_hp_loss":0,"event_name":"Scrap Ooze","floor":5,"gold_loss":0},{"damage_healed":0,"gold_gain":0,"player_choice":"Forge","damage_taken":0,"max_hp_gain":0,"max_hp_loss":0,"event_name":"Accursed Blacksmith","floor":13,"gold_loss":0,"cards_upgraded":["Defragment"]},{"damage_healed":0,"gold_gain":0,"player_choice":"Upgraded","damage_taken":0,"max_hp_gain":0,"max_hp_loss":0,"event_name":"Upgrade Shrine","floor":37,"gold_loss":0,"cards_upgraded":["Capacitor"]},{"cards_removed":["Beam Cell"],"damage_healed":0,"gold_gain":0,"player_choice":"Removed Attack","damage_taken":0,"max_hp_gain":0,"max_hp_loss":0,"event_name":"Falling","floor":45,"gold_loss":0}],"is_beta":false,"boss_relics":[{"not_picked":["Pandora\u0027s Box","Fusion Hammer"],"picked":"Sozu"},{"not_picked":["FrozenCore","Philosopher\u0027s Stone"],"picked":"Runic Pyramid"}],"items_purged_floors":[21,38,48],"is_endless":false,"potions_floor_spawned":[2,10,16,18,19,22,30,40,42,44],"ascension_level":4}