{"gold_per_floor":[118,43,57,57,68,100,175,29,29,58,68,68,68,82,82,177,177,192,225,100,118,72,102,102,302,328,363,363,379,379,379,379,477,477,497,514,514,526,376,376,201,215,239,255,255,267,267,287,287,287],"floor_reached":50,"playtime":2357,"items_purged":["Strike_R","Strike_R","Defend_R","Defend_R","Defend_R"],"score":490,"play_id":"b1fc9d90-a145-44f7-a7ae-6128d0b79e5d","local_time":"20180719212513","is_ascension_mode":false,"campfire_choices":[{"floor":15,"key":"REST"},{"floor":24,"key":"REST"},{"data":"Hemokinesis","floor":28,"key":"SMITH"},{"floor":30,"key":"REST"},{"data":"Armaments","floor":32,"key":"SMITH"},{"floor":40,"key":"REST"},{"data":"Barricade","floor":45,"key":"SMITH"},{"floor":49,"key":"REST"}],"neow_cost":"NONE","seed_source_timestamp":454418030075136,"circlet_count":0,"master_deck":["Strike_R","Strike_R","Bash","Dropkick","Cleave","Iron Wave","Hemokinesis+1","True Grit","Spot Weakness","Shrug It Off","Double Tap","Flex","Iron Wave","Armaments+1","Shrug It Off+1","Barricade+1","Infernal Blade+1","Rage+1","Uppercut","Body Slam+1","Panacea+1","Feel No Pain"],"relics":["Runic Pyramid","Matryoshka","Omamori","Gremlin Horn","Regal Pillow","Potion Belt","Bronze Scales","Cursed Key","Red Mask","Kunai","Strawberry","Toxic Egg 2","Runic Cube","Bag of Preparation"],"potions_floor_usage":[10,16,21,23,23,29,42,44,48],"damage_taken":[{"damage":10,"enemies":"Small Slimes","floor":1,"turns":4},{"damage":1,"enemies":"Cultist","floor":3,"turns":3},{"damage":0,"enemies":"2 Louse","floor":5,"turns":2},{"damage":5,"enemies":"Gremlin Nob","floor":6,"turns":4},{"damage":10,"enemies":"Lagavulin","floor":10,"turns":6},{"damage":12,"enemies":"Blue Slaver","floor":11,"turns":3},{"damage":3,"enemies":"Large Slime","floor":14,"turns":3},{"damage":18,"enemies":"Slime Boss","floor":16,"turns":7},{"damage":3,"enemies":"Chosen","floor":18,"turns":3},{"damage":3,"floor":19,"turns":2},{"damage":25,"enemies":"3 Byrds","floor":21,"turns":3},{"damage":28,"enemies":"Slavers","floor":23,"turns":4},{"damage":22,"enemies":"Book of Stabbing","floor":27,"turns":5},{"damage":6,"enemies":"Snake Plant","floor":29,"turns":3},{"damage":62,"enemies":"Collector","floor":33,"turns":10},{"damage":2,"enemies":"3 Shapes","floor":35,"turns":3},{"damage":4,"enemies":"Flame Bruiser 1 Orb","floor":36,"turns":3},{"damage":33,"enemies":"Spire Growth","floor":38,"turns":5},{"damage":22,"enemies":"Transient","floor":42,"turns":5},{"damage":2,"enemies":"Flame Bruiser 2 Orb","floor":44,"turns":4},{"damage":52,"enemies":"4 Shapes","floor":46,"turns":6},{"damage":0,"enemies":"Maw","floor":48,"turns":7},{"damage":66,"enemies":"Time Eater","floor":50,"turns":8}],"seed_played":"965993675016383397","potions_obtained":[{"floor":5,"key":"Weak Potion"},{"floor":6,"key":"Swift Potion"},{"floor":10,"key":"Energy Potion"},{"floor":18,"key":"Ancient Potion"},{"floor":19,"key":"AttackPotion"},{"floor":27,"key":"Poison Potion"},{"floor":29,"key":"Swift Potion"},{"floor":36,"key":"Swift Potion"},{"floor":42,"key":"Block Potion"},{"floor":46,"key":"BloodPotion"}],"is_trial":false,"path_per_floor":["M","$","M","?","M","E","?","$","T","E","M","$","T","M","R","B",null,"M","?","$","M","$","E","R","?","T","E","R","M","R","?","R","B",null,"M","M","?","M","$","R","$","M","T","M","R","M","?","M","R"],"character_chosen":"IRONCLAD","items_purchased":["True Grit","Armaments"],"campfire_rested":5,"item_purchase_floors":[8,22],"current_hp_per_floor":[70,70,69,62,62,57,46,46,46,36,24,24,24,21,60,42,80,77,74,74,49,49,21,60,60,67,45,45,39,80,80,80,18,87,85,81,81,48,48,87,87,65,65,63,63,11,11,19,60,0],"gold":287,"neow_bonus":"BOSS_RELIC","is_prod":false,"is_daily":false,"chose_seed":false,"campfire_upgraded":3,"win_rate":0.0,"timestamp":1532024713,"path_taken":["M","$","M","?","?","E","?","$","T","E","M","$","?","M","R","BOSS","M","?","$","M","$","E","R","?","T","E","R","M","R","?","R","BOSS","M","M","?","M","$","R","$","M","T","M","R","M","?","M","R","BOSS"],"build_version":"2018-07-12","purchased_purges":5,"victory":false,"max_hp_per_floor":[80,80,80,80,80,80,80,80,80,80,80,80,80,80,80,80,80,80,80,80,80,80,80,80,80,87,87,87,87,87,87,87,87,87,87,87,87,87,87,87,87,87,87,87,87,87,87,87,87,87],"card_choices":[{"not_picked":["Clothesline","Shockwave"],"picked":"Dropkick","floor":1},{"not_picked":["Intimidate","Rupture"],"picked":"Cleave","floor":3},{"not_picked":["True Grit","Cleave"],"picked":"Iron Wave","floor":5},{"not_picked":["Sever Soul","Clash"],"picked":"Hemokinesis","floor":6},{"not_picked":["Twin Strike","Carnage"],"picked":"Spot Weakness","floor":10},{"not_picked":["Dual Wield","Clash","Fire Breathing"],"picked":"SKIP","floor":11},{"not_picked":["Clash","Pommel Strike"],"picked":"Shrug It Off","floor":14},{"not_picked":["Juggernaut","Reaper"],"picked":"Double Tap","floor":16},{"not_picked":["Warcry","Blood for Blood+1"],"picked":"Flex","floor":18},{"not_picked":["Burning Pact","Headbutt"],"picked":"Iron Wave","floor":19},{"not_picked":["Clothesline","Disarm","Headbutt"],"picked":"SKIP","floor":21},{"not_picked":["Perfected Strike+1","Body Slam"],"picked":"Shrug It Off+1","floor":23},{"not_picked":["Impervious","Flex","Disarm"],"picked":"SKIP","floor":27},{"not_picked":["Power Through+1","Clash","Armaments+1"],"picked":"SKIP","floor":29},{"not_picked":["Feed","Offering+1"],"picked":"Barricade","floor":33},{"not_picked":["Rampage+1","Clash+1"],"picked":"Infernal Blade+1","floor":35},{"not_picked":["Infernal Blade+1","Pommel Strike+1"],"picked":"Rage+1","floor":36},{"not_picked":["Clash+1","Fire Breathing","Infernal Blade+1"],"picked":"SKIP","floor":38},{"not_picked":["Clash+1","Dual Wield+1","Clothesline"],"picked":"SKIP","floor":42},{"not_picked":["Headbutt","Spot Weakness+1","Clothesline+1"],"picked":"SKIP","floor":44},{"not_picked":["Clash+1","Twin Strike+1"],"picked":"Body Slam+1","floor":46},{"not_picked":["Jack Of All Trades+1","Sadistic Nature"],"picked":"Panacea+1","floor":47},{"not_picked":["Ghostly Armor+1","Corruption"],"picked":"Feel No Pain","floor":48}],"player_experience":102649,"relics_obtained":[{"floor":6,"key":"Matryoshka"},{"floor":9,"key":"Omamori"},{"floor":9,"key":"Gremlin Horn"},{"floor":10,"key":"Regal Pillow"},{"floor":13,"key":"Potion Belt"},{"floor":13,"key":"Bronze Scales"},{"floor":19,"key":"Red Mask"},{"floor":23,"key":"Kunai"},{"floor":26,"key":"Strawberry"},{"floor":27,"key":"Toxic Egg 2"},{"floor":43,"key":"Bag of Preparation"}],"event_choices":[{"event_name":"Golden Wing","player_choice":"Card Removal","floor":4,"damage_taken":0},{"event_name":"World of Goop","player_choice":"Gather Gold","floor":7,"damage_taken":0},{"event_name":"Masked Bandits","player_choice":"Fought over 192 gold","floor":19,"damage_taken":0},{"event_name":"Wheel of Change","player_choice":"Gold","floor":25,"damage_taken":0},{"event_name":"Ghosts","player_choice":"Ignored","floor":31,"damage_taken":0},{"event_name":"Transmorgrifier","player_choice":"Transform","floor":37,"damage_taken":0},{"event_name":"SensoryStone","player_choice":"Memory 1","floor":47,"damage_taken":0}],"boss_relics":[{"not_picked":["Lizard Tail","Coffee Dripper"],"picked":"Cursed Key"},{"not_picked":["Fusion Hammer","Philosopher\u0027s Stone"],"picked":"Runic Cube"}],"items_purged_floors":[2,8,20,39,41],"is_endless":false,"potions_floor_spawned":[5,6,10,18,19,27,29,36,42,46],"killed_by":"Time Eater","ascension_level":0}