{"gold_per_floor":[360,360,17,28,41,76,76,76,100,134,147,202,234,108,108,207,207,219,219,235,254,59,88,88,123,123,123,48,62,95,32,32,137,137,157,157,173,173,199,234,81,115,167,201,11,25,38,58,58,58,58,58,21,54,54],"floor_reached":55,"playtime":3015,"items_purged":["Shame","Strike_R","Strike_R","Strike_R"],"score":1447,"play_id":"3af26691-345d-4af5-9f5c-f04326cb3578","local_time":"20191020222957","is_ascension_mode":true,"campfire_choices":[{"floor":7.0,"key":"REST"},{"data":"Heavy Blade","floor":15.0,"key":"SMITH"},{"floor":24.0,"key":"REST"},{"floor":27.0,"key":"RECALL"},{"floor":32.0,"key":"REST"},{"data":"1","floor":49.0,"key":"LIFT"},{"data":"2","floor":52.0,"key":"LIFT"}],"neow_cost":"CURSE","seed_source_timestamp":0,"circlet_count":0,"master_deck":["AscendersBane","Strike_R","Defend_R","Defend_R","Defend_R","Defend_R","Bash","Rampage","Cleave+1","Spot Weakness","Carnage+1","Ghostly Armor","Heavy Blade+1","Flame Barrier","Offering","Shrug It Off","RitualDagger","Armaments","Inflame","Double Tap","Pommel Strike","Shrug It Off+1","Reaper","Heavy Blade+1","Armaments","Feed","Clothesline+1","Madness","Madness","Disarm","Exhume","Inflame","Spot Weakness","Brutality","Power Through"],"special_seed":0,"relics":["Burning Blood","Happy Flower","Membership Card","Bronze Scales","Du-Vu Doll","Dream Catcher","Centennial Puzzle","Tiny Chest","Regal Pillow","Oddly Smooth Stone","Fusion Hammer","Matryoshka","Pen Nib","Art of War","Omamori","Shuriken","Snecko Eye","PreservedInsect","Mango","Whetstone","Girya","Potion Belt","Vajra","Bag of Marbles","Ice Cream","OrangePellets","Ginger"],"potions_floor_usage":[55,55,55,55,55],"damage_taken":[{"damage":20.0,"enemies":"Jaw Worm","floor":1.0,"turns":5.0},{"damage":0.0,"enemies":"2 Louse","floor":4.0,"turns":3.0},{"damage":0.0,"enemies":"Cultist","floor":5.0,"turns":4.0},{"damage":25.0,"enemies":"Lagavulin","floor":6.0,"turns":6.0},{"damage":10.0,"enemies":"3 Sentries","floor":10.0,"turns":5.0},{"damage":8.0,"enemies":"Blue Slaver","floor":11.0,"turns":3.0},{"damage":18.0,"enemies":"Gremlin Nob","floor":13.0,"turns":3.0},{"damage":0.0,"enemies":"Slime Boss","floor":16.0,"turns":6.0},{"damage":8.0,"enemies":"Shell Parasite","floor":18.0,"turns":3.0},{"damage":6.0,"enemies":"Chosen","floor":20.0,"turns":4.0},{"damage":12.0,"enemies":"Snecko","floor":21.0,"turns":4.0},{"damage":27.0,"enemies":"Gremlin Leader","floor":23.0,"turns":7.0},{"damage":20.0,"enemies":"Slavers","floor":25.0,"turns":5.0},{"damage":6.0,"enemies":"Cultist and Chosen","floor":29.0,"turns":4.0},{"damage":1.0,"enemies":"Book of Stabbing","floor":30.0,"turns":3.0},{"damage":39.0,"enemies":"Automaton","floor":33.0,"turns":8.0},{"damage":0.0,"enemies":"3 Shapes","floor":35.0,"turns":2.0},{"damage":6.0,"enemies":"Orb Walker","floor":37.0,"turns":3.0},{"damage":13.0,"enemies":"Giant Head","floor":40.0,"turns":5.0},{"damage":32.0,"enemies":"Reptomancer","floor":42.0,"turns":6.0},{"damage":6.0,"enemies":"Nemesis","floor":44.0,"turns":3.0},{"damage":19.0,"enemies":"Transient","floor":46.0,"turns":5.0},{"damage":0.0,"enemies":"Jaw Worm Horde","floor":47.0,"turns":3.0},{"damage":13.0,"enemies":"3 Darklings","floor":48.0,"turns":6.0},{"damage":83.0,"enemies":"Awakened One","floor":50.0,"turns":11.0},{"damage":97.0,"enemies":"Shield and Spear","floor":54.0,"turns":4.0},{"damage":77,"enemies":"The Heart","floor":55,"turns":5}],"seed_played":"8345526597463820244","potions_obtained":[{"floor":4.0,"key":"Poison Potion"},{"floor":6.0,"key":"Dexterity Potion"},{"floor":10.0,"key":"SteroidPotion"},{"floor":16.0,"key":"GamblersBrew"},{"floor":20.0,"key":"SkillPotion"},{"floor":25.0,"key":"FearPotion"},{"floor":35.0,"key":"Block Potion"},{"floor":40.0,"key":"SmokeBomb"},{"floor":46.0,"key":"Block Potion"},{"floor":48.0,"key":"Fire Potion"}],"is_trial":false,"path_per_floor":["M","?","$","M","M","E","R","?","T","E","M","T","E","$","R","B",null,"M","?","M","M","$","E","R","E","T","R","?","M","E","$","R","B",null,"M","?","M","T","T","E","$","E","T","E","$","M","M","M","R","B",null,"R","$","E","B"],"character_chosen":"IRONCLAD","items_purchased":["Membership Card","Cleave","Bronze Scales","Oddly Smooth Stone","Inflame","Double Tap","Matryoshka","Potion Belt","OrangePellets","Spot Weakness","Strength Potion","Explosive Potion","SteroidPotion","Ancient Potion"],"campfire_rested":3,"item_purchase_floors":[3,3,3,14,22,22,22,41,45,45,45,45,45,53],"current_hp_per_floor":[58,40,40,46,52,33,57,57,57,53,51,51,39,39,39,45,71,69,63,63,57,57,36,75,61,61,61,61,61,66,66,80,71,78,80,70,73,87,87,80,80,97,97,97,97,84,100,100,100,42,88,88,88,48,0],"gold":54,"neow_bonus":"TWO_FIFTY_GOLD","is_prod":false,"is_daily":false,"chose_seed":false,"campfire_upgraded":1,"win_rate":0,"timestamp":1571635797,"path_taken":["M","?","$","M","M","E","R","?","T","E","M","?","E","$","R","BOSS","M","?","M","M","$","E","R","E","T","R","?","M","E","$","R","BOSS","M","?","M","?","?","E","$","E","T","E","$","M","M","?","R","BOSS","R","$","E","BOSS"],"build_version":"2019-07-17","purchased_purges":4,"victory":false,"max_hp_per_floor":[80,80,80,80,80,80,80,80,80,80,80,80,80,80,80,80,80,80,80,80,80,80,80,80,80,80,80,80,80,80,80,80,80,80,80,80,83,97,97,97,97,97,97,97,97,97,100,100,100,103,103,103,103,106,106],"card_choices":[{"not_picked":["Perfected Strike","Heavy Blade"],"picked":"Rampage","floor":1.0},{"not_picked":["Clash","Flex"],"picked":"Spot Weakness","floor":4.0},{"not_picked":["Power Through","Armaments"],"picked":"Carnage","floor":5.0},{"not_picked":["Anger","Carnage"],"picked":"Ghostly Armor","floor":6.0},{"not_picked":["Battle Trance","Clash"],"picked":"Heavy Blade","floor":10.0},{"not_picked":["Armaments","Cleave"],"picked":"Flame Barrier","floor":11.0},{"not_picked":["Sentinel","Warcry","Perfected Strike"],"picked":"SKIP","floor":13.0},{"not_picked":["Fiend Fire","Immolate"],"picked":"Offering","floor":16.0},{"not_picked":["Infernal Blade+1","Thunderclap"],"picked":"Shrug It Off","floor":18.0},{"not_picked":["Iron Wave","Cleave+1"],"picked":"Armaments","floor":20.0},{"not_picked":["Feel No Pain","Body Slam","Sword Boomerang"],"picked":"SKIP","floor":21.0},{"not_picked":["Body Slam","Thunderclap"],"picked":"Pommel Strike","floor":23.0},{"not_picked":["Cleave+1","Infernal Blade"],"picked":"Shrug It Off+1","floor":24.0},{"not_picked":["Impervious","Headbutt"],"picked":"Reaper","floor":25.0},{"not_picked":["Body Slam","Ghostly Armor+1"],"picked":"Heavy Blade+1","floor":29.0},{"not_picked":["Double Tap","Clash","Havoc"],"picked":"SKIP","floor":30.0},{"not_picked":["Wild Strike+1","Infernal Blade"],"picked":"Armaments","floor":32.0},{"not_picked":["Impervious","Bludgeon"],"picked":"Feed","floor":33.0},{"not_picked":["Perfected Strike","Cleave+1"],"picked":"Clothesline","floor":35.0},{"not_picked":["Twin Strike+1","Bloodletting+1","Body Slam+1"],"picked":"SKIP","floor":37.0},{"not_picked":["Armaments+1","Body Slam"],"picked":"Disarm","floor":40.0},{"not_picked":["Power Through+1","Thunderclap"],"picked":"Exhume","floor":42.0},{"not_picked":["Shrug It Off+1","Fire Breathing+1"],"picked":"Inflame","floor":44.0},{"not_picked":["Headbutt","Heavy Blade","Flex+1"],"picked":"SKIP","floor":46.0},{"not_picked":["Rampage","Cleave"],"picked":"Brutality","floor":47.0},{"not_picked":["Havoc+1","Body Slam","Flex+1"],"picked":"SKIP","floor":48.0},{"not_picked":["Searing Blow+1","Burning Pact+1"],"picked":"Power Through","floor":54.0}],"player_experience":410494,"relics_obtained":[{"floor":6.0,"key":"Du-Vu Doll"},{"floor":9.0,"key":"Dream Catcher"},{"floor":10.0,"key":"Centennial Puzzle"},{"floor":12.0,"key":"Tiny Chest"},{"floor":13.0,"key":"Regal Pillow"},{"floor":23.0,"key":"Pen Nib"},{"floor":25.0,"key":"Art of War"},{"floor":26.0,"key":"Omamori"},{"floor":30.0,"key":"Shuriken"},{"floor":38.0,"key":"PreservedInsect"},{"floor":38.0,"key":"Mango"},{"floor":39.0,"key":"Whetstone"},{"floor":40.0,"key":"Girya"},{"floor":42.0,"key":"Vajra"},{"floor":43.0,"key":"Bag of Marbles"},{"floor":44.0,"key":"Ice Cream"},{"floor":54.0,"key":"Ginger"}],"event_choices":[{"damage_healed":0.0,"max_hp_gain":0.0,"max_hp_loss":0.0,"gold_gain":0.0,"event_name":"Scrap Ooze","player_choice":"Success","floor":2.0,"gold_loss":0.0,"damage_taken":18.0,"relics_obtained":["Happy Flower"]},{"damage_healed":0.0,"max_hp_gain":0.0,"max_hp_loss":0.0,"gold_gain":0.0,"event_name":"Living Wall","player_choice":"Grow","floor":8.0,"gold_loss":0.0,"damage_taken":0.0,"cards_upgraded":["Cleave"]},{"damage_healed":0.0,"max_hp_gain":0.0,"max_hp_loss":0.0,"gold_gain":0.0,"event_name":"Nest","player_choice":"Joined the Cult","floor":19.0,"gold_loss":0.0,"damage_taken":6.0,"cards_obtained":["RitualDagger"]},{"cards_removed":["Strike_R"],"damage_healed":0.0,"max_hp_gain":0.0,"max_hp_loss":0.0,"gold_gain":0.0,"event_name":"Beggar","player_choice":"Gave Gold","floor":28.0,"gold_loss":75.0,"damage_taken":0.0},{"damage_healed":0.0,"max_hp_gain":0.0,"max_hp_loss":0.0,"gold_gain":0.0,"event_name":"Winding Halls","player_choice":"Embrace Madness","floor":36.0,"gold_loss":0.0,"damage_taken":10.0,"cards_obtained":["Madness","Madness"]}],"is_beta":false,"boss_relics":[{"not_picked":["Tiny House","Calling Bell"],"picked":"Fusion Hammer"},{"not_picked":["Black Star","Orrery"],"picked":"Snecko Eye"}],"items_purged_floors":[3,14,31,41],"is_endless":false,"potions_floor_spawned":[4,6,10,16,20,21,25,35,40,46,48,54],"killed_by":"The Heart","ascension_level":10}