{"gold_per_floor":[115,115,115,132,147,172,172,204,273,285,317,317,317,342,342,442,442,455,171,190,53,53,79,79,79,131,151,181,56,73,83,83,187,187,205,218,118,118,131,143,143,143,143,170,170,181,208,226,226,226,226,226,50,77,77],"floor_reached":56,"playtime":5732,"items_purged":["Strike_R","Strike_R","Clash","Strike_R+1"],"score":1625,"play_id":"d0a5abb9-1276-4334-bf47-18d0f7e2ecaa","local_time":"20191014171616","is_ascension_mode":true,"campfire_choices":[{"data":"Sword Boomerang","floor":7.0,"key":"SMITH"},{"data":"Limit Break","floor":12.0,"key":"SMITH"},{"data":"True Grit","floor":15.0,"key":"SMITH"},{"data":"True Grit","floor":24.0,"key":"SMITH"},{"data":"Uppercut","floor":32.0,"key":"SMITH"},{"data":"Demon Form","floor":42,"key":"SMITH"},{"data":"Heavy Blade","floor":45,"key":"SMITH"},{"floor":49,"key":"RECALL"},{"data":"Disarm","floor":52,"key":"SMITH"}],"neow_cost":"NONE","seed_source_timestamp":0,"circlet_count":0,"master_deck":["Strike_R+1","Defend_R+1","Defend_R+1","Defend_R+1","Defend_R+1","Bash+1","Demon Form+1","Sword Boomerang+1","True Grit+1","Burning Pact","Limit Break+1","Pommel Strike","True Grit+1","Metallicize","Reaper","Combust+1","Uppercut+1","Pommel Strike","Battle Trance","Thunderclap","Power Through+1","Disarm+1","Shrug It Off","Offering","Clothesline","Heavy Blade+1","Seeing Red+1","Pommel Strike+1","Seeing Red+1","Exhume","Flex+1","Feel No Pain"],"special_seed":0,"relics":["Burning Blood","Turnip","Bronze Scales","Sundial","The Courier","Paper Frog","Runic Pyramid","Singing Bowl","Happy Flower","Oddly Smooth Stone","Unceasing Top","Coffee Dripper","Red Skull","Ancient Tea Set","Bag of Marbles"],"potions_floor_usage":[55,55,55,55,55,55],"damage_taken":[{"damage":10.0,"enemies":"Small Slimes","floor":1.0,"turns":4.0},{"damage":0.0,"enemies":"2 Louse","floor":4.0,"turns":2.0},{"damage":11.0,"enemies":"Cultist","floor":5.0,"turns":4.0},{"damage":6.0,"enemies":"Lagavulin","floor":6.0,"turns":6.0},{"damage":22.0,"enemies":"Gremlin Nob","floor":8.0,"turns":4.0},{"damage":1.0,"enemies":"Exordium Wildlife","floor":10.0,"turns":4.0},{"damage":18.0,"enemies":"Lagavulin","floor":11.0,"turns":6.0},{"damage":31.0,"enemies":"3 Sentries","floor":14.0,"turns":7.0},{"damage":19.0,"enemies":"Hexaghost","floor":16.0,"turns":6.0},{"damage":11.0,"enemies":"Chosen","floor":18.0,"turns":6.0},{"damage":39.0,"enemies":"Spheric Guardian","floor":20.0,"turns":8.0},{"damage":59.0,"enemies":"Book of Stabbing","floor":23.0,"turns":7.0},{"damage":32.0,"enemies":"3 Cultists","floor":27.0,"turns":6.0},{"damage":57.0,"enemies":"Gremlin Leader","floor":28.0,"turns":6.0},{"damage":8.0,"enemies":"Sentry and Sphere","floor":30.0,"turns":8.0},{"damage":3.0,"enemies":"Centurion and Healer","floor":31.0,"turns":8.0},{"damage":63.0,"enemies":"Automaton","floor":33.0,"turns":8.0},{"damage":6.0,"enemies":"Orb Walker","floor":35.0,"turns":5.0},{"damage":13.0,"enemies":"3 Darklings","floor":36.0,"turns":6.0},{"damage":22,"enemies":"Sphere and 2 Shapes","floor":39,"turns":8},{"damage":31,"enemies":"4 Shapes","floor":40,"turns":7},{"damage":6,"enemies":"Giant Head","floor":44,"turns":7},{"damage":30,"enemies":"Transient","floor":46,"turns":5},{"damage":17,"enemies":"Nemesis","floor":47,"turns":7},{"damage":21,"enemies":"Sphere and 2 Shapes","floor":48,"turns":4},{"damage":53,"enemies":"Awakened One","floor":50,"turns":12},{"damage":68,"enemies":"Shield and Spear","floor":54,"turns":8},{"damage":125,"enemies":"The Heart","floor":55,"turns":9}],"seed_played":"-1949055797100172548","potions_obtained":[{"floor":5.0,"key":"Fruit Juice"},{"floor":10.0,"key":"Regen Potion"},{"floor":14.0,"key":"SteroidPotion"},{"floor":16.0,"key":"Ancient Potion"},{"floor":18.0,"key":"Dexterity Potion"},{"floor":28.0,"key":"EntropicBrew"},{"floor":30.0,"key":"PowerPotion"},{"floor":35.0,"key":"BloodPotion"},{"floor":40,"key":"GamblersBrew"}],"is_trial":false,"path_per_floor":["M","?","?","M","M","E","R","E","T","M","E","R","?","E","R","B",null,"M","$","M","$","?","E","R","?","T","M","E","$","M","M","R","B",null,"M","M","$","?","M","M","?","R","T","E","R","M","E","M","R","B",null,"R","$","E","B",null],"character_chosen":"IRONCLAD","items_purchased":["Singing Bowl","Uppercut","Battle Trance","BloodPotion","Disarm","Feel No Pain"],"campfire_rested":0,"item_purchase_floors":[19,19,21,29,29,53],"current_hp_per_floor":[68,68,68,74,69,74,74,58,58,63,51,51,51,41,41,28,71,78,78,65,65,65,32,32,32,32,38,19,19,49,89,89,39,77,89,91,91,91,80,70,70,70,70,70,70,46,42,75,75,93,93,93,93,61,19],"gold":77,"neow_bonus":"ONE_RANDOM_RARE_CARD","is_prod":false,"is_daily":false,"chose_seed":false,"campfire_upgraded":8,"win_rate":0,"timestamp":1571098576,"path_taken":["M","?","?","?","M","E","R","E","T","M","E","R","?","E","R","BOSS","M","?","M","$","?","E","R","?","T","M","E","$","M","M","R","BOSS","M","?","$","?","?","M","?","R","T","E","R","M","E","M","R","BOSS","R","$","E","BOSS"],"build_version":"2019-07-17","purchased_purges":4,"victory":true,"max_hp_per_floor":[80,80,80,80,80,85,85,85,85,85,85,85,85,85,85,85,85,85,85,85,85,85,87,87,87,87,87,87,87,87,89,89,89,89,89,91,91,91,91,93,93,93,93,93,93,93,93,93,93,93,93,93,93,95,95],"card_choices":[{"not_picked":["Spot Weakness","Havoc"],"picked":"Sword Boomerang","floor":1.0},{"not_picked":["Sentinel","Burning Pact","Warcry"],"picked":"SKIP","floor":4.0},{"not_picked":["Havoc","Body Slam"],"picked":"Iron Wave","floor":5.0},{"not_picked":["Havoc","Perfected Strike"],"picked":"Burning Pact","floor":6.0},{"not_picked":["Pummel","Metallicize"],"picked":"Limit Break","floor":8.0},{"not_picked":["True Grit","Feel No Pain"],"picked":"Pommel Strike","floor":10.0},{"not_picked":["Heavy Blade","Entrench"],"picked":"True Grit","floor":11.0},{"not_picked":["Fiend Fire","Clash"],"picked":"Metallicize","floor":14.0},{"not_picked":["Berserk","Brutality"],"picked":"Reaper","floor":16.0},{"not_picked":["Carnage","Perfected Strike"],"picked":"Combust+1","floor":18.0},{"not_picked":["Flex+1","Havoc"],"picked":"Pommel Strike","floor":20.0},{"not_picked":["Fire Breathing+1","Perfected Strike","Anger+1"],"picked":"Singing Bowl","floor":23.0},{"not_picked":["Spot Weakness","Entrench"],"picked":"Thunderclap","floor":27.0},{"not_picked":["Cleave","Rampage"],"picked":"Power Through+1","floor":28.0},{"not_picked":["Pommel Strike","Cleave+1"],"picked":"Shrug It Off","floor":30.0},{"not_picked":["Sword Boomerang","Dual Wield+1","Iron Wave"],"picked":"Singing Bowl","floor":31.0},{"not_picked":["Demon Form","Bludgeon"],"picked":"Offering","floor":33.0},{"not_picked":["Cleave","Searing Blow+1"],"picked":"Clothesline","floor":35.0},{"not_picked":["Thunderclap","Clothesline+1","Wild Strike"],"picked":"Singing Bowl","floor":36.0},{"not_picked":["Perfected Strike+1","Iron Wave"],"picked":"Seeing Red+1","floor":39},{"not_picked":["Heavy Blade","Cleave","Sever Soul+1"],"picked":"Singing Bowl","floor":40},{"not_picked":["Blood for Blood","Sword Boomerang"],"picked":"Pommel Strike+1","floor":44},{"not_picked":["Heavy Blade","Iron Wave"],"picked":"Seeing Red+1","floor":46},{"not_picked":["Havoc","Hemokinesis"],"picked":"Exhume","floor":47},{"not_picked":["Perfected Strike+1","Heavy Blade+1"],"picked":"Flex+1","floor":48},{"not_picked":["Rampage","Fiend Fire","Hemokinesis"],"picked":"Singing Bowl","floor":54}],"player_experience":328750,"relics_obtained":[{"floor":6.0,"key":"Turnip"},{"floor":8.0,"key":"Bronze Scales"},{"floor":9.0,"key":"Sundial"},{"floor":11.0,"key":"The Courier"},{"floor":14.0,"key":"Paper Frog"},{"floor":23.0,"key":"Happy Flower"},{"floor":26.0,"key":"Oddly Smooth Stone"},{"floor":28.0,"key":"Unceasing Top"},{"floor":44,"key":"Red Skull"},{"floor":47,"key":"Ancient Tea Set"},{"floor":54,"key":"Bag of Marbles"}],"event_choices":[{"damage_healed":0.0,"max_hp_gain":0.0,"max_hp_loss":0.0,"gold_gain":0.0,"event_name":"Living Wall","player_choice":"Grow","floor":2.0,"gold_loss":0.0,"damage_taken":0.0,"cards_upgraded":["Bash"]},{"damage_healed":0.0,"max_hp_gain":0.0,"max_hp_loss":0.0,"gold_gain":0.0,"event_name":"Match and Keep!","player_choice":"1 cards matched","floor":3.0,"gold_loss":0.0,"damage_taken":0.0,"cards_obtained":["True Grit"]},{"damage_healed":0.0,"max_hp_gain":0.0,"max_hp_loss":0.0,"gold_gain":0.0,"cards_transformed":["Strike_R"],"event_name":"Transmorgrifier","player_choice":"Transformed","floor":13.0,"gold_loss":0.0,"damage_taken":0.0,"cards_obtained":["Clash"]},{"damage_healed":0.0,"max_hp_gain":0.0,"max_hp_loss":0.0,"gold_gain":0.0,"event_name":"Back to Basics","player_choice":"Simplicity","floor":22.0,"gold_loss":0.0,"damage_taken":0.0,"cards_upgraded":["Strike_R","Strike_R","Defend_R","Defend_R","Defend_R","Defend_R"]},{"damage_healed":0.0,"max_hp_gain":0.0,"max_hp_loss":0.0,"gold_gain":0.0,"event_name":"N\u0027loth","player_choice":"Ignored","floor":25.0,"gold_loss":0.0,"damage_taken":0.0},{"damage_healed":0.0,"max_hp_gain":0.0,"max_hp_loss":0.0,"gold_gain":0.0,"cards_transformed":["Iron Wave"],"event_name":"Transmorgrifier","player_choice":"Transformed","floor":38.0,"gold_loss":0.0,"damage_taken":0.0,"cards_obtained":["Heavy Blade"]},{"damage_healed":0,"gold_gain":0,"player_choice":"Ignored","damage_taken":0,"max_hp_gain":0,"max_hp_loss":0,"event_name":"Tomb of Lord Red Mask","floor":41,"gold_loss":0}],"is_beta":false,"boss_relics":[{"not_picked":["Calling Bell","Black Star"],"picked":"Runic Pyramid"},{"not_picked":["Busted Crown","Empty Cage"],"picked":"Coffee Dripper"}],"items_purged_floors":[19,21,37,53],"is_endless":false,"potions_floor_spawned":[5,10,14,16,18,20,28,30,35,36,40,44],"ascension_level":7}