{"gold_per_floor":[114,189,189,202,45,74,91,14,37,57,91,91,126,126,126,228,228,245,257,532,552,552,616,648,648,694,707,741,753,785,805,805,905,905,917,930,930,930,947,979,990,1038,1038,1072,1086,1118,1129,550,550,550,550,550,33,63,63],"floor_reached":56,"playtime":3188,"items_purged":["Defend_R","Rampage"],"score":1567,"play_id":"e73097d1-4345-4c92-9d53-528c2860c4dd","local_time":"20190612223259","is_ascension_mode":false,"campfire_choices":[{"data":"Corruption","floor":12,"key":"SMITH"},{"data":"Inflame","floor":15,"key":"SMITH"},{"data":"Offering","floor":25,"key":"SMITH"},{"data":"Battle Trance","floor":32,"key":"SMITH"},{"floor":49,"key":"RECALL"},{"data":"Dual Wield","floor":52,"key":"SMITH"}],"neow_cost":"TEN_PERCENT_HP_LOSS","seed_source_timestamp":44344581503490,"circlet_count":0,"master_deck":["Bash","Inflame+1","Shockwave","Corruption+1","Dropkick","Spot Weakness","Seeing Red","Shockwave","Offering+1","Sentinel+1","Regret","Disarm","Shrug It Off+1","Battle Trance+1","Feed","Reaper","Disarm","Perfected Strike","Dual Wield+1","Madness","Madness","Ghostly Armor","Limit Break","True Grit+1","Headbutt","Shrug It Off+1","Flame Barrier+1","Armaments+1","Secret Technique+1","Feel No Pain","Apotheosis+1","Battle Trance+1"],"relics":["Burning Blood","Dead Branch","Juzu Bracelet","Bronze Scales","Charon\u0027s Ashes","Blue Candle","Vajra","Empty Cage","Nilry\u0027s Codex","Tiny Chest","Red Mask","Oddly Smooth Stone","Orichalcum","Pandora\u0027s Box","Strawberry","Pocketwatch","Pear","Self Forming Clay","Toxic Egg 2","Toolbox","Kunai","Centennial Puzzle"],"potions_floor_usage":[10,28,29,30,44,55,55],"damage_taken":[{"damage":0,"enemies":"Small Slimes","floor":1,"turns":3},{"damage":1,"enemies":"Jaw Worm","floor":4,"turns":4},{"damage":11,"enemies":"Gremlin Nob","floor":6,"turns":3},{"damage":0,"enemies":"Cultist","floor":7,"turns":4},{"damage":0,"enemies":"Lots of Slimes","floor":10,"turns":3},{"damage":4,"enemies":"Lagavulin","floor":11,"turns":6},{"damage":0,"enemies":"Gremlin Nob","floor":13,"turns":2},{"damage":0,"enemies":"Slime Boss","floor":16,"turns":3},{"damage":6,"enemies":"Chosen","floor":18,"turns":3},{"damage":6,"enemies":"3 Byrds","floor":19,"turns":2},{"damage":6,"enemies":"Snake Plant","floor":21,"turns":1},{"damage":6,"enemies":"Slavers","floor":23,"turns":1},{"damage":7,"enemies":"Masked Bandits","floor":24,"turns":2},{"damage":6,"enemies":"Snecko","floor":27,"turns":1},{"damage":7,"enemies":"Book of Stabbing","floor":28,"turns":3},{"damage":2,"enemies":"Centurion and Healer","floor":29,"turns":2},{"damage":27,"enemies":"Slavers","floor":30,"turns":3},{"damage":6,"enemies":"3 Cultists","floor":31,"turns":2},{"damage":7,"enemies":"Champ","floor":33,"turns":5},{"damage":0,"enemies":"3 Shapes","floor":35,"turns":1},{"damage":0,"enemies":"3 Darklings","floor":36,"turns":1},{"damage":10,"enemies":"Writhing Mass","floor":39,"turns":4},{"damage":17,"enemies":"Giant Head","floor":40,"turns":3},{"damage":7,"enemies":"Transient","floor":41,"turns":5},{"damage":15,"enemies":"2 Orb Walkers","floor":42,"turns":2},{"damage":13,"enemies":"Reptomancer","floor":44,"turns":2},{"damage":7,"enemies":"Sphere and 2 Shapes","floor":45,"turns":3},{"damage":26,"enemies":"Nemesis","floor":46,"turns":3},{"damage":16,"enemies":"Spire Growth","floor":47,"turns":4},{"damage":21,"enemies":"Awakened One","floor":50,"turns":5},{"damage":20,"enemies":"Shield and Spear","floor":54,"turns":3},{"damage":26,"enemies":"The Heart","floor":55,"turns":6}],"seed_played":"5397285193788746383","potions_obtained":[{"floor":1,"key":"Swift Potion"},{"floor":11,"key":"SkillPotion"},{"floor":19,"key":"SkillPotion"},{"floor":27,"key":"BloodPotion"},{"floor":28,"key":"SteroidPotion"},{"floor":29,"key":"Dexterity Potion"},{"floor":31,"key":"SteroidPotion"},{"floor":39,"key":"Explosive Potion"},{"floor":44,"key":"Regen Potion"},{"floor":46,"key":"Weak Potion"}],"is_trial":false,"path_per_floor":["M","?","?","M","$","E","M","$","T","M","E","R","E","?","R","B",null,"M","M","?","M","?","E","?","R","T","M","E","M","E","M","R","B",null,"M","M","?","?","M","E","M","?","T","E","M","E","M","$","R","B",null,"R","$","E","B",null],"character_chosen":"IRONCLAD","items_purchased":["Corruption","Seeing Red","Flame Barrier+1","Armaments+1","Secret Technique+1","Toolbox","Kunai","Feel No Pain","Apotheosis+1"],"campfire_rested":0,"item_purchase_floors":[5,8,48,48,48,48,53,53,53],"current_hp_per_floor":[72,61,61,66,66,61,67,67,67,72,72,72,72,60,60,66,72,72,72,72,72,56,56,55,55,55,55,54,58,44,44,44,43,72,72,72,63,63,70,83,83,74,84,93,95,96,96,96,96,96,96,96,96,99,92],"gold":63,"neow_bonus":"ONE_RARE_RELIC","is_prod":false,"is_daily":false,"chose_seed":false,"campfire_upgraded":5,"win_rate":0,"timestamp":1560375179,"path_taken":["M","?","?","?","$","E","M","?","T","M","E","R","E","?","R","BOSS","M","M","?","M","?","E","?","R","T","M","E","M","E","M","R","BOSS","M","M","?","?","M","E","M","?","T","E","M","E","M","$","R","BOSS","R","$","E","BOSS"],"build_version":"2019-01-23","purchased_purges":2,"victory":true,"max_hp_per_floor":[72,72,72,72,72,72,72,72,72,72,72,72,72,72,72,72,72,72,72,72,72,72,72,72,72,72,72,72,72,72,72,72,72,72,72,72,72,72,72,83,83,83,93,93,96,96,96,96,96,96,96,96,96,99,99],"card_choices":[{"not_picked":["Battle Trance","Twin Strike"],"picked":"Inflame","floor":1},{"not_picked":["Reckless Charge","Clothesline"],"picked":"Shockwave","floor":4},{"not_picked":["Pommel Strike","Iron Wave"],"picked":"Dropkick","floor":6},{"not_picked":["Sword Boomerang","Havoc"],"picked":"Spot Weakness","floor":7},{"not_picked":["Armaments","Perfected Strike","Bludgeon"],"picked":"SKIP","floor":10},{"not_picked":["Perfected Strike","Combust","Anger"],"picked":"SKIP","floor":11},{"not_picked":["Rage","Metallicize"],"picked":"Shockwave","floor":13},{"not_picked":["Reaper","Bludgeon"],"picked":"Offering","floor":16},{"not_picked":["True Grit","Battle Trance"],"picked":"Sentinel+1","floor":18},{"not_picked":["Flex+1","Carnage+1","Spot Weakness"],"picked":"SKIP","floor":19},{"not_picked":["Heavy Blade","Headbutt","Clothesline"],"picked":"SKIP","floor":21},{"not_picked":["Wild Strike+1","Power Through"],"picked":"Disarm","floor":23},{"not_picked":["Dropkick","Battle Trance"],"picked":"Shrug It Off+1","floor":27},{"not_picked":["Body Slam","Searing Blow","Inflame"],"picked":"SKIP","floor":28},{"not_picked":["Infernal Blade","Headbutt+1","Clash"],"picked":"SKIP","floor":29},{"not_picked":["True Grit","Cleave","Heavy Blade"],"picked":"SKIP","floor":30},{"not_picked":["Burning Pact","Limit Break"],"picked":"Battle Trance","floor":31},{"not_picked":["Immolate","Barricade"],"picked":"Feed","floor":33},{"not_picked":["Flame Barrier","Sever Soul+1"],"picked":"Dual Wield","floor":35},{"not_picked":["Corruption+1","Clothesline","Heavy Blade"],"picked":"SKIP","floor":36},{"not_picked":["Armaments","Searing Blow","Corruption+1"],"picked":"SKIP","floor":39},{"not_picked":["Rampage+1","Flex","Combust"],"picked":"SKIP","floor":40},{"not_picked":["Sword Boomerang","Heavy Blade"],"picked":"Ghostly Armor","floor":41},{"not_picked":["Iron Wave","Cleave"],"picked":"Limit Break","floor":42},{"not_picked":["Carnage","Infernal Blade+1"],"picked":"True Grit+1","floor":44},{"not_picked":["Havoc+1","Shrug It Off"],"picked":"Headbutt","floor":45},{"not_picked":["Headbutt+1","Clash+1"],"picked":"Shrug It Off","floor":46},{"not_picked":["Carnage","Heavy Blade","Clothesline"],"picked":"SKIP","floor":47},{"not_picked":["Blood for Blood","Perfected Strike"],"picked":"Battle Trance+1","floor":54}],"player_experience":1594754,"relics_obtained":[{"floor":6,"key":"Juzu Bracelet"},{"floor":9,"key":"Bronze Scales"},{"floor":11,"key":"Charon\u0027s Ashes"},{"floor":13,"key":"Blue Candle"},{"floor":22,"key":"Nilry\u0027s Codex"},{"floor":23,"key":"Tiny Chest"},{"floor":24,"key":"Red Mask"},{"floor":28,"key":"Oddly Smooth Stone"},{"floor":30,"key":"Orichalcum"},{"floor":40,"key":"Strawberry"},{"floor":42,"key":"Pocketwatch"},{"floor":43,"key":"Pear"},{"floor":44,"key":"Self Forming Clay"},{"floor":46,"key":"Toxic Egg 2"},{"floor":54,"key":"Centennial Puzzle"}],"event_choices":[{"damage_healed":0,"gold_gain":75,"player_choice":"Gather Gold","damage_taken":11,"max_hp_gain":0,"max_hp_loss":0,"event_name":"World of Goop","floor":2,"gold_loss":0},{"cards_removed":["Strike_R"],"damage_healed":0,"gold_gain":0,"player_choice":"Offered Basic","damage_taken":0,"max_hp_gain":0,"max_hp_loss":0,"event_name":"Bonfire Elementals","floor":3,"gold_loss":0},{"damage_healed":0,"gold_gain":0,"player_choice":"Success","damage_taken":12,"relics_obtained":["Vajra"],"max_hp_gain":0,"max_hp_loss":0,"event_name":"Scrap Ooze","floor":14,"gold_loss":0},{"damage_healed":0,"gold_gain":275,"player_choice":"Desecrate","damage_taken":0,"max_hp_gain":0,"max_hp_loss":0,"event_name":"Golden Shrine","floor":20,"gold_loss":0,"cards_obtained":["Regret"]},{"damage_healed":0,"gold_gain":0,"player_choice":"Obtained Book","damage_taken":16,"max_hp_gain":0,"max_hp_loss":0,"event_name":"Cursed Tome","floor":22,"gold_loss":0},{"damage_healed":0,"gold_gain":0,"player_choice":"Fought Bandits","damage_taken":0,"max_hp_gain":0,"max_hp_loss":0,"event_name":"Masked Bandits","floor":24,"gold_loss":0},{"damage_healed":0,"gold_gain":0,"player_choice":"Embrace Madness","damage_taken":9,"max_hp_gain":0,"max_hp_loss":0,"event_name":"Winding Halls","floor":37,"gold_loss":0,"cards_obtained":["Madness","Madness"]},{"cards_removed":["Shrug It Off"],"damage_healed":0,"gold_gain":0,"player_choice":"Removed Skill","damage_taken":0,"max_hp_gain":0,"max_hp_loss":0,"event_name":"Falling","floor":38,"gold_loss":0},{"damage_healed":0,"gold_gain":0,"player_choice":"Fight","damage_taken":0,"max_hp_gain":0,"max_hp_loss":0,"event_name":"Mysterious Sphere","floor":42,"gold_loss":0}],"is_beta":false,"boss_relics":[{"not_picked":["Ectoplasm","Sozu"],"picked":"Empty Cage"},{"not_picked":["Tiny House","Lizard Tail"],"picked":"Pandora\u0027s Box"}],"items_purged_floors":[5,48],"is_endless":false,"potions_floor_spawned":[1,11,19,27,28,29,31,39,42,44,46,47],"ascension_level":0}