{"gold_per_floor":[117,192,142,153,163,189,202,202,225,239,252,263,188,213,213,308,308,325,354,364,380,21,21,21,56,56,67,98,98,108,139,139,240,240,250,37,57,57,57,90,90,125,177,210,210,227,34,34,34,34],"floor_reached":50,"playtime":2337,"items_purged":["Strike_B","Strike_B"],"score":625,"play_id":"fd6a04d6-9974-476f-9ed9-e105d8b86cb4","local_time":"20190706163534","is_ascension_mode":false,"campfire_choices":[{"data":"Doom and Gloom","floor":8,"key":"SMITH"},{"floor":15,"key":"REST"},{"data":"Beam Cell","floor":23,"key":"SMITH"},{"floor":29,"key":"REST"},{"data":"Go for the Eyes","floor":32,"key":"SMITH"},{"data":"Machine Learning","floor":41,"key":"SMITH"},{"floor":49,"key":"RECALL"}],"neow_cost":"NONE","seed_source_timestamp":6874783735817,"circlet_count":0,"master_deck":["Strike_B","Defend_B","Defend_B","Defend_B","Defend_B","Zap","Dualcast","Coolheaded+1","Doom and Gloom+1","Ball Lightning","Recycle","Ball Lightning","Sweeping Beam","Genetic Algorithm","Go for the Eyes+1","Beam Cell+1","Machine Learning+1","Hologram+1","Capacitor","Self Repair","Barrage","Fusion+1","Steam Power+1","Master of Strategy+1"],"relics":["Cracked Core","Centennial Puzzle","Bronze Scales","Vajra","Juzu Bracelet","Busted Crown","Red Mask","Gremlin Horn","Boot","Pantograph","Bag of Marbles","Art of War","Inserter","Bag of Preparation","Symbiotic Virus","Dream Catcher","Toxic Egg 2","Turnip"],"potions_floor_usage":[6,16,16,30,40,50],"damage_taken":[{"damage":6,"enemies":"Jaw Worm","floor":1,"turns":2},{"damage":2,"enemies":"Small Slimes","floor":4,"turns":2},{"damage":0,"enemies":"2 Louse","floor":5,"turns":1},{"damage":1,"enemies":"Gremlin Nob","floor":6,"turns":4},{"damage":12,"enemies":"Blue Slaver","floor":7,"turns":2},{"damage":0,"enemies":"Exordium Wildlife","floor":10,"turns":2},{"damage":0,"enemies":"Lots of Slimes","floor":11,"turns":1},{"damage":3,"enemies":"Red Slaver","floor":12,"turns":3},{"damage":15,"enemies":"3 Sentries","floor":14,"turns":5},{"damage":27,"enemies":"The Guardian","floor":16,"turns":9},{"damage":3,"enemies":"Spheric Guardian","floor":18,"turns":3},{"damage":0,"enemies":"Masked Bandits","floor":19,"turns":2},{"damage":12,"enemies":"2 Thieves","floor":20,"turns":3},{"damage":0,"enemies":"Sentry and Sphere","floor":21,"turns":3},{"damage":21,"enemies":"Slavers","floor":25,"turns":3},{"damage":3,"enemies":"Cultist and Chosen","floor":27,"turns":5},{"damage":0,"enemies":"Gremlin Leader","floor":28,"turns":5},{"damage":4,"enemies":"Centurion and Healer","floor":30,"turns":5},{"damage":11,"enemies":"Book of Stabbing","floor":31,"turns":4},{"damage":46,"enemies":"Automaton","floor":33,"turns":8},{"damage":17,"enemies":"3 Darklings","floor":35,"turns":4},{"damage":0,"enemies":"3 Shapes","floor":37,"turns":2},{"damage":22,"enemies":"Nemesis","floor":40,"turns":5},{"damage":10,"enemies":"Reptomancer","floor":42,"turns":4},{"damage":16,"enemies":"Nemesis","floor":44,"turns":4},{"damage":5,"enemies":"Transient","floor":46,"turns":5},{"damage":37,"enemies":"Time Eater","floor":50,"turns":5}],"seed_played":"-519578259698085899","potions_obtained":[{"floor":4,"key":"EssenceOfSteel"},{"floor":5,"key":"FearPotion"},{"floor":10,"key":"Poison Potion"},{"floor":12,"key":"Strength Potion"},{"floor":16,"key":"LiquidBronze"},{"floor":20,"key":"GamblersBrew"},{"floor":28,"key":"PowerPotion"},{"floor":33,"key":"Energy Potion"},{"floor":44,"key":"Regen Potion"}],"is_trial":false,"path_per_floor":["M","?","?","M","M","E","M","R","T","M","M","M","$","E","R","B",null,"M","?","M","M","$","R","?","E","T","M","E","R","M","E","R","B",null,"M","$","M","$","?","E","R","E","T","E","?","M","$","?","R","B"],"character_chosen":"DEFECT","items_purchased":["Gremlin Horn","Bag of Preparation","Self Repair","Master of Strategy+1"],"campfire_rested":2,"item_purchase_floors":[22,36,36,47],"current_hp_per_floor":[69,58,58,56,56,55,43,43,43,43,43,40,40,25,47,20,75,72,72,60,60,60,60,60,39,39,36,36,58,54,43,43,22,75,58,58,58,58,58,43,43,40,40,31,31,33,33,33,33,35],"gold":34,"neow_bonus":"RANDOM_COMMON_RELIC","is_prod":false,"is_daily":false,"chose_seed":false,"campfire_upgraded":4,"win_rate":0,"timestamp":1562427334,"path_taken":["M","?","?","M","M","E","M","R","T","M","M","M","$","E","R","BOSS","M","?","M","M","$","R","?","E","T","M","E","R","M","E","R","BOSS","M","$","M","$","?","E","R","E","T","E","?","M","?","?","R","BOSS"],"build_version":"2019-07-05","purchased_purges":2,"victory":false,"max_hp_per_floor":[75,75,75,75,75,75,75,75,75,75,75,75,75,75,75,75,75,75,75,75,75,75,75,75,75,75,75,75,75,75,75,75,75,75,75,75,75,75,75,75,75,75,75,75,75,75,75,75,75,75],"card_choices":[{"not_picked":["Turbo","Barrage"],"picked":"Coolheaded","floor":1},{"not_picked":["Compile Driver","Rebound"],"picked":"Doom and Gloom","floor":4},{"not_picked":["Lockon","Scrape"],"picked":"Ball Lightning","floor":5},{"not_picked":["Consume","Turbo"],"picked":"Recycle","floor":6},{"not_picked":["Reinforced Body","Doom and Gloom"],"picked":"Ball Lightning","floor":7},{"not_picked":["Melter","Rip and Tear"],"picked":"Sweeping Beam","floor":10},{"not_picked":["Sunder","Doom and Gloom"],"picked":"Genetic Algorithm","floor":11},{"not_picked":["Redo","Leap"],"picked":"Go for the Eyes","floor":12},{"not_picked":["Loop","Ball Lightning"],"picked":"Beam Cell","floor":14},{"not_picked":["Hyperbeam","Amplify"],"picked":"Machine Learning","floor":16},{"not_picked":[],"picked":"Hologram+1","floor":18},{"not_picked":["Melter"],"picked":"SKIP","floor":20},{"not_picked":["White Noise+1"],"picked":"SKIP","floor":21},{"not_picked":[],"picked":"Capacitor","floor":25},{"not_picked":["Turbo"],"picked":"SKIP","floor":27},{"not_picked":["FTL"],"picked":"SKIP","floor":28},{"not_picked":["Steam+1"],"picked":"SKIP","floor":30},{"not_picked":["Melter"],"picked":"SKIP","floor":31},{"not_picked":["Conserve Battery"],"picked":"SKIP","floor":35},{"not_picked":["Melter"],"picked":"SKIP","floor":37},{"not_picked":[],"picked":"Barrage","floor":40},{"not_picked":[],"picked":"Fusion","floor":42},{"not_picked":["Loop"],"picked":"SKIP","floor":44},{"not_picked":[],"picked":"Steam Power+1","floor":46}],"player_experience":1675198,"relics_obtained":[{"floor":6,"key":"Bronze Scales"},{"floor":9,"key":"Vajra"},{"floor":14,"key":"Juzu Bracelet"},{"floor":19,"key":"Red Mask"},{"floor":25,"key":"Boot"},{"floor":26,"key":"Pantograph"},{"floor":28,"key":"Bag of Marbles"},{"floor":31,"key":"Art of War"},{"floor":40,"key":"Dream Catcher"},{"floor":42,"key":"Toxic Egg 2"},{"floor":44,"key":"Turnip"}],"event_choices":[{"damage_healed":0,"gold_gain":75,"player_choice":"Gather Gold","damage_taken":11,"max_hp_gain":0,"max_hp_loss":0,"event_name":"World of Goop","floor":2,"gold_loss":0},{"cards_removed":["Strike_B"],"damage_healed":0,"gold_gain":0,"player_choice":"Card Removal","damage_taken":0,"max_hp_gain":0,"max_hp_loss":0,"event_name":"The Cleric","floor":3,"gold_loss":50},{"damage_healed":0,"gold_gain":0,"player_choice":"Fought Bandits","damage_taken":0,"max_hp_gain":0,"max_hp_loss":0,"event_name":"Masked Bandits","floor":19,"gold_loss":0},{"damage_healed":0,"gold_gain":0,"player_choice":"Ignored","damage_taken":0,"max_hp_gain":0,"max_hp_loss":0,"event_name":"Vampires","floor":24,"gold_loss":0},{"damage_healed":0,"gold_gain":0,"player_choice":"Gave Potion","damage_taken":0,"relics_obtained":["Symbiotic Virus"],"max_hp_gain":0,"max_hp_loss":0,"event_name":"WeMeetAgain","floor":39,"gold_loss":0},{"damage_healed":0,"gold_gain":0,"player_choice":"Ignored","damage_taken":0,"max_hp_gain":0,"max_hp_loss":0,"event_name":"NoteForYourself","floor":45,"gold_loss":0},{"damage_healed":0,"gold_gain":0,"player_choice":"Forge","damage_taken":0,"max_hp_gain":0,"max_hp_loss":0,"event_name":"Accursed Blacksmith","floor":48,"gold_loss":0,"cards_upgraded":["Coolheaded"]}],"is_beta":false,"boss_relics":[{"not_picked":["FrozenCore","Snecko Eye"],"picked":"Busted Crown"},{"not_picked":["Cursed Key","Calling Bell"],"picked":"Inserter"}],"items_purged_floors":[13,22],"is_endless":false,"potions_floor_spawned":[4,5,10,12,14,16,20,28,33,35,44],"killed_by":"Time Eater","ascension_level":0}