{"gold_per_floor":[112,123,133,6,19,19,33,33,85,104,123,123,141,160,160,160],"floor_reached":16,"playtime":731,"items_purged":["Strike_R"],"score":98,"play_id":"5e5d122e-787c-44d5-9dfd-524542a03bcc","local_time":"20180715131551","is_ascension_mode":false,"campfire_choices":[{"data":"Barricade","floor":6,"key":"SMITH"},{"data":"Inflame","floor":12,"key":"SMITH"},{"data":"Flex","floor":15,"key":"SMITH"}],"neow_cost":"NONE","seed_source_timestamp":81083741896192,"circlet_count":0,"master_deck":["Strike_R","Strike_R","Strike_R","Strike_R","Defend_R","Defend_R","Defend_R","Defend_R","Bash","Shrug It Off","Flex+1","Barricade+1","Thunderclap","Pummel","Inflame+1","Regret","Cleave","Ghostly Armor","True Grit","Pommel Strike"],"relics":["Burning Blood","Bag of Marbles","Meat on the Bone","Dream Catcher"],"potions_floor_usage":[10,10,11,13],"damage_taken":[{"damage":8,"enemies":"Small Slimes","floor":1,"turns":3},{"damage":6,"enemies":"2 Louse","floor":2,"turns":3},{"damage":1,"enemies":"Cultist","floor":3,"turns":3},{"damage":16,"enemies":"3 Louse","floor":5,"turns":8},{"damage":12,"enemies":"Looter","floor":7,"turns":3},{"damage":11,"enemies":"Lots of Slimes","floor":10,"turns":6},{"damage":8,"enemies":"Large Slime","floor":11,"turns":7},{"damage":12,"enemies":"Looter","floor":13,"turns":2},{"damage":14,"enemies":"3 Louse","floor":14,"turns":5},{"damage":64,"enemies":"Hexaghost","floor":16,"turns":14}],"seed_played":"-8885162414285622316","potions_obtained":[{"floor":5,"key":"Block Potion"},{"floor":7,"key":"PowerPotion"},{"floor":10,"key":"Regen Potion"},{"floor":11,"key":"AttackPotion"},{"floor":14,"key":"LiquidBronze"}],"is_trial":false,"path_per_floor":["M","M","M","$","M","R","M","?","T","M","M","R","M","M","R"],"character_chosen":"IRONCLAD","items_purchased":["Thunderclap"],"campfire_rested":0,"item_purchase_floors":[4],"current_hp_per_floor":[78,78,80,80,70,70,64,64,64,59,72,72,66,58,58,0],"gold":160,"neow_bonus":"RANDOM_COMMON_RELIC","is_prod":false,"is_daily":false,"chose_seed":false,"campfire_upgraded":3,"win_rate":0.0,"timestamp":1531649751,"path_taken":["M","M","M","$","M","R","M","?","T","?","M","R","M","M","R","BOSS"],"build_version":"2018-07-12","purchased_purges":1,"victory":false,"max_hp_per_floor":[80,80,80,80,80,80,80,80,80,80,80,80,80,80,80,80],"card_choices":[{"not_picked":["Thunderclap","Twin Strike"],"picked":"Shrug It Off","floor":1},{"not_picked":["Body Slam","Clothesline"],"picked":"Flex","floor":2},{"not_picked":["Cleave","Dropkick"],"picked":"Barricade","floor":3},{"not_picked":["Sever Soul","Perfected Strike"],"picked":"Pummel","floor":5},{"not_picked":["True Grit","Heavy Blade"],"picked":"Inflame","floor":7},{"not_picked":["Dual Wield","Pommel Strike"],"picked":"Cleave","floor":10},{"not_picked":["Warcry","Combust"],"picked":"Ghostly Armor","floor":11},{"not_picked":["Armaments","Heavy Blade"],"picked":"True Grit","floor":13},{"not_picked":["Infernal Blade","Perfected Strike"],"picked":"Pommel Strike","floor":14}],"player_experience":29380,"relics_obtained":[{"floor":9,"key":"Dream Catcher"}],"event_choices":[{"event_name":"Big Fish","player_choice":"Box","floor":8,"damage_taken":0}],"boss_relics":[],"items_purged_floors":[4],"is_endless":false,"potions_floor_spawned":[5,7,10,11,14],"killed_by":"Hexaghost","ascension_level":0}