{"gold_per_floor":[118,138,138,138,150,180,180,210,234,264],"floor_reached":10,"playtime":572,"items_purged":[],"score":76,"play_id":"d1d2cbf9-7bab-4c32-91a0-93051dec6b84","local_time":"20190910222114","is_ascension_mode":false,"campfire_choices":[],"neow_cost":"NONE","seed_source_timestamp":2196580062366100,"circlet_count":0,"master_deck":["Strike_R","Strike_R","Strike_R","Strike_R","Strike_R","Defend_R+1","Defend_R","Defend_R","Defend_R","Bash+1","Twin Strike+1","Rage","Metallicize","Headbutt","Rage"],"relics":["Burning Blood","Juzu Bracelet","Pen Nib","Pantograph","Centennial Puzzle"],"potions_floor_usage":[6],"damage_taken":[{"damage":0,"enemies":"2 Louse","floor":1,"turns":3},{"damage":0,"enemies":"Small Slimes","floor":2,"turns":3},{"damage":1,"enemies":"Cultist","floor":5,"turns":3},{"damage":20,"enemies":"Lagavulin","floor":6,"turns":7},{"damage":22,"enemies":"Gremlin Nob","floor":8,"turns":4},{"damage":15,"enemies":"Lagavulin Event","floor":10,"turns":5}],"seed_played":"-1752568079202028243","potions_obtained":[{"floor":1,"key":"Dexterity Potion"},{"floor":6,"key":"Explosive Potion"}],"is_trial":false,"path_per_floor":["M","M","?","?","M","E","?","E","T","?"],"character_chosen":"IRONCLAD","items_purchased":[],"campfire_rested":0,"item_purchase_floors":[],"current_hp_per_floor":[80,80,62,46,51,37,29,13,13,0],"gold":264,"neow_bonus":"UPGRADE_CARD","is_prod":false,"is_daily":false,"chose_seed":false,"campfire_upgraded":0,"win_rate":0.0,"timestamp":1568179274,"path_taken":["M","M","?","?","M","E","?","E","T","?"],"build_version":"2019-07-17","purchased_purges":0,"victory":false,"max_hp_per_floor":[80,80,80,80,80,80,80,80,80,80],"card_choices":[{"not_picked":["Thunderclap","Bloodletting"],"picked":"Twin Strike","floor":1},{"not_picked":["Dual Wield","Battle Trance"],"picked":"Rage","floor":2},{"not_picked":["Clothesline","Disarm"],"picked":"Metallicize","floor":5},{"not_picked":["True Grit","Twin Strike"],"picked":"Headbutt","floor":6},{"not_picked":["Battle Trance","Perfected Strike"],"picked":"Rage","floor":8}],"player_experience":5049,"relics_obtained":[{"floor":6,"key":"Pen Nib"},{"floor":8,"key":"Pantograph"},{"floor":9,"key":"Centennial Puzzle"}],"event_choices":[{"damage_healed":0,"gold_gain":0,"player_choice":"Success","damage_taken":18,"relics_obtained":["Juzu Bracelet"],"max_hp_gain":0,"max_hp_loss":0,"event_name":"Scrap Ooze","floor":3,"gold_loss":0},{"damage_healed":0,"gold_gain":0,"player_choice":"Entered Light","damage_taken":16,"max_hp_gain":0,"max_hp_loss":0,"event_name":"Shining Light","floor":4,"gold_loss":0,"cards_upgraded":["Defend_R","Twin Strike"]},{"damage_healed":0,"gold_gain":0,"player_choice":"Damaged","damage_taken":8,"max_hp_gain":0,"max_hp_loss":0,"event_name":"Wheel of Change","floor":7,"gold_loss":0},{"damage_healed":0,"gold_gain":30,"player_choice":"Searched \u00273\u0027 times","damage_taken":0,"max_hp_gain":0,"max_hp_loss":0,"event_name":"Dead Adventurer","floor":10,"gold_loss":0}],"is_beta":false,"boss_relics":[],"items_purged_floors":[],"is_endless":false,"potions_floor_spawned":[1,6],"killed_by":"Lagavulin Event","ascension_level":0}