{"gold_per_floor":[110,130,149,74,249,249,263,273,273,273,5,5,20,35,35,134,134,147,161,177,189,209,209,7,7,7,7,27,41,56,56,56,158,158,168,168,184,284,299,299,317,317,317,317,59,59,59,78,78,78],"floor_reached":51,"playtime":4640,"items_purged":["Strike_G","Doubt","Strike_G","Strike_G"],"score":595,"play_id":"ebf5cdc0-ed07-4e62-884d-4782266a1bd9","local_time":"20191002215543","is_ascension_mode":false,"campfire_choices":[{"data":"Neutralize","floor":6,"key":"SMITH"},{"data":"Dagger Spray","floor":10,"key":"SMITH"},{"data":"Apotheosis","floor":12,"key":"SMITH"},{"data":"Acrobatics","floor":15,"key":"SMITH"},{"floor":23,"key":"REST"},{"data":"Caltrops","floor":25,"key":"SMITH"},{"floor":27,"key":"REST"},{"data":"Envenom","floor":32,"key":"SMITH"},{"data":"Dodge and Roll","floor":40,"key":"SMITH"},{"floor":42,"key":"REST"},{"data":"Backstab","floor":47,"key":"SMITH"},{"floor":49,"key":"REST"}],"neow_cost":"NONE","seed_source_timestamp":87319469189000,"circlet_count":0,"master_deck":["Strike_G","Strike_G","Defend_G","Defend_G","Defend_G","Defend_G","Defend_G","Survivor","Neutralize+1","PiercingWail","Dodge and Roll+1","PiercingWail","Endless Agony","Dagger Spray+1","Apotheosis+1","Predator","Acrobatics+1","Envenom+1","Bouncing Flask+1","Sucker Punch+1","Backflip","Deflect","Well Laid Plans+1","Caltrops+1","Poisoned Stab+1","Backflip","Noxious Fumes+1","Prepared+1","Crippling Poison+1","Prepared+1","Blur","Backstab+1"],"relics":["Cursed Key"],"potions_floor_usage":[21,22,33,50,50],"damage_taken":[{"damage":0,"enemies":"Cultist","floor":1,"turns":4},{"damage":0,"enemies":"Small Slimes","floor":2,"turns":5},{"damage":0,"enemies":"Jaw Worm","floor":3,"turns":5},{"damage":9,"enemies":"3 Louse","floor":7,"turns":6},{"damage":2,"enemies":"Large Slime","floor":8,"turns":12},{"damage":2,"enemies":"Blue Slaver","floor":13,"turns":4},{"damage":0,"enemies":"Looter","floor":14,"turns":2},{"damage":19,"enemies":"Slime Boss","floor":16,"turns":11},{"damage":2,"enemies":"3 Byrds","floor":18,"turns":5},{"damage":10,"enemies":"2 Thieves","floor":19,"turns":4},{"damage":6,"enemies":"Centurion and Healer","floor":20,"turns":8},{"damage":24,"enemies":"Cultist and Chosen","floor":21,"turns":8},{"damage":17,"enemies":"Chosen and Byrds","floor":22,"turns":8},{"damage":0,"enemies":"Snake Plant","floor":28,"turns":3},{"damage":1,"enemies":"Shelled Parasite and Fungi","floor":29,"turns":5},{"damage":11,"enemies":"Snecko","floor":30,"turns":5},{"damage":28,"enemies":"Automaton","floor":33,"turns":11},{"damage":0,"enemies":"Orb Walker","floor":35,"turns":5},{"damage":19,"enemies":"3 Shapes","floor":37,"turns":4},{"damage":0,"enemies":"Mind Bloom Boss Battle","floor":38,"turns":7},{"damage":5,"enemies":"Sphere and 2 Shapes","floor":39,"turns":5},{"damage":11,"enemies":"4 Shapes","floor":41,"turns":6},{"damage":29,"enemies":"3 Darklings","floor":48,"turns":5},{"damage":39,"enemies":"Awakened One","floor":50,"turns":22}],"seed_played":"-3893545750671084736","potions_obtained":[{"floor":7,"key":"AttackPotion"},{"floor":16,"key":"SkillPotion"},{"floor":19,"key":"SpeedPotion"},{"floor":22,"key":"PowerPotion"},{"floor":28,"key":"FairyPotion"},{"floor":33,"key":"Poison Potion"},{"floor":35,"key":"Energy Potion"}],"is_trial":false,"path_per_floor":["M","M","M","$","?","R","M","M","T","R","$","R","M","M","R","B",null,"M","M","M","M","M","R","$","R","T","R","M","M","M","?","R","B",null,"M","?","M","?","M","R","M","R","T","?","$","T","R","M","R","B",null],"character_chosen":"THE_SILENT","items_purchased":["Apotheosis","Caltrops","Blur","Backstab"],"campfire_rested":4,"item_purchase_floors":[11,24,45,45],"current_hp_per_floor":[70,70,70,70,70,70,61,59,59,59,59,59,57,57,57,38,70,68,58,52,28,11,32,32,32,32,53,53,52,41,41,41,13,70,70,70,51,51,46,46,35,56,56,56,56,56,56,27,48,9],"gold":78,"neow_bonus":"BOSS_RELIC","is_prod":false,"is_daily":false,"chose_seed":false,"campfire_upgraded":8,"win_rate":0.0,"timestamp":1570046143,"path_taken":["M","?","M","$","?","R","M","M","T","R","$","R","M","M","R","BOSS","M","M","M","M","M","R","$","R","T","R","M","M","M","?","R","BOSS","M","?","M","?","M","R","M","R","T","?","$","?","R","M","R","BOSS"],"build_version":"2019-07-17","purchased_purges":4,"victory":true,"max_hp_per_floor":[70,70,70,70,70,70,70,70,70,70,70,70,70,70,70,70,70,70,70,70,70,70,70,70,70,70,70,70,70,70,70,70,70,70,70,70,70,70,70,70,70,70,70,70,70,70,70,70,70,70],"card_choices":[{"not_picked":["Sucker Punch","Underhanded Strike"],"picked":"PiercingWail","floor":1},{"not_picked":["Poisoned Stab","Deadly Poison"],"picked":"Dodge and Roll","floor":2},{"not_picked":["Backflip","Deadly Poison"],"picked":"PiercingWail","floor":3},{"not_picked":["Heel Hook","Riddle With Holes"],"picked":"Endless Agony","floor":7},{"not_picked":["Backflip","Reflex"],"picked":"Dagger Spray","floor":8},{"not_picked":["Poisoned Stab","Prepared"],"picked":"Predator","floor":13},{"not_picked":["Terror","Quick Slash"],"picked":"Acrobatics","floor":14},{"not_picked":["Tools of the Trade","Corpse Explosion"],"picked":"Envenom","floor":16},{"not_picked":["Flechettes+1","Leg Sweep"],"picked":"Bouncing Flask+1","floor":18},{"not_picked":["Riddle With Holes+1","Predator"],"picked":"Sucker Punch+1","floor":19},{"not_picked":["All Out Attack","Choke+1"],"picked":"Backflip","floor":20},{"not_picked":["Backflip","Finisher+1"],"picked":"Deflect","floor":21},{"not_picked":["PiercingWail","Leg Sweep+1"],"picked":"Well Laid Plans+1","floor":22},{"not_picked":["Eviscerate","Flying Knee"],"picked":"Poisoned Stab+1","floor":28},{"not_picked":["Finisher+1","Night Terror"],"picked":"Backflip","floor":29},{"not_picked":["Poisoned Stab+1","Sucker Punch"],"picked":"Noxious Fumes+1","floor":30},{"not_picked":["Venomology","Die Die Die"],"picked":"Envenom","floor":33},{"not_picked":["Slice+1","Quick Slash"],"picked":"Prepared+1","floor":35},{"not_picked":["Bane","Poisoned Stab+1","Dagger Throw+1"],"picked":"SKIP","floor":37},{"not_picked":["Prepared+1","Backflip"],"picked":"Crippling Poison+1","floor":38},{"not_picked":["Underhanded Strike+1","Poisoned Stab+1"],"picked":"Prepared+1","floor":39},{"not_picked":["Quick Slash+1","Prepared","Caltrops+1"],"picked":"SKIP","floor":41},{"not_picked":["Quick Slash","Poisoned Stab+1","Envenom"],"picked":"SKIP","floor":48}],"player_experience":7177,"relics_obtained":[],"event_choices":[{"damage_healed":0,"gold_gain":175,"player_choice":"AGREE","damage_taken":0,"max_hp_gain":0,"max_hp_loss":0,"event_name":"Liars Game","floor":5,"gold_loss":0,"cards_obtained":["Doubt"]},{"cards_removed":["Envenom"],"damage_healed":0,"gold_gain":0,"player_choice":"Removed Power","damage_taken":0,"max_hp_gain":0,"max_hp_loss":0,"event_name":"Falling","floor":36,"gold_loss":0},{"damage_healed":0,"gold_gain":0,"player_choice":"Fight","damage_taken":0,"max_hp_gain":0,"max_hp_loss":0,"event_name":"MindBloom","floor":38,"gold_loss":0},{"damage_healed":0,"gold_gain":0,"player_choice":"Ignored","damage_taken":0,"max_hp_gain":0,"max_hp_loss":0,"event_name":"Mysterious Sphere","floor":44,"gold_loss":0}],"is_beta":false,"boss_relics":[{"not_picked":[]},{"not_picked":[]}],"items_purged_floors":[4,11,24,45],"is_endless":false,"potions_floor_spawned":[7,16,19,22,28,33,35,37,38],"ascension_level":0}