{"gold_per_floor":[212,212,387,398,16,16,91,102,151,177,222,234,277,306,318,433,445,477,489,501,531,199,199],"floor_reached":23,"playtime":2863,"items_purged":["Doubt","Clumsy"],"score":259,"play_id":"2ef448b4-0a1a-4326-b3d5-d81bf5bcd50e","local_time":"20191012183837","is_ascension_mode":true,"campfire_choices":[{"data":"Go for the Eyes","floor":6.0,"key":"SMITH"},{"floor":12.0,"key":"REST"},{"floor":15.0,"key":"REST"}],"neow_cost":"NONE","seed_source_timestamp":0,"circlet_count":0,"master_deck":["Strike_B","Strike_B","Strike_B","Defend_B","Defend_B","Defend_B","Defend_B","Zap","Dualcast","Leap","Cold Snap","Go for the Eyes+1","Go for the Eyes","Cold Snap","Gash","Capacitor","Electrodynamics","Defragment","Heatsinks","All For One","Storm","Compile Driver"],"special_seed":0,"relics":["Cracked Core","Gremlin Horn","Kunai","MawBank","Vajra","Omamori","Calling Bell","PreservedInsect","Pantograph","Unceasing Top","Regal Pillow"],"potions_floor_usage":[23,23],"damage_taken":[{"damage":5.0,"enemies":"2 Louse","floor":1.0,"turns":2.0},{"damage":0.0,"enemies":"Small Slimes","floor":4.0,"turns":4.0},{"damage":5.0,"enemies":"Jaw Worm","floor":8.0,"turns":3.0},{"damage":14.0,"enemies":"Exordium Wildlife","floor":10.0,"turns":6.0},{"damage":14.0,"enemies":"Gremlin Nob","floor":11.0,"turns":4.0},{"damage":16.0,"enemies":"Lagavulin","floor":13.0,"turns":7.0},{"damage":10.0,"enemies":"Exordium Thugs","floor":14.0,"turns":5.0},{"damage":6.0,"enemies":"Hexaghost","floor":16.0,"turns":13.0},{"damage":12.0,"enemies":"Chosen","floor":18.0,"turns":6.0},{"damage":36.0,"enemies":"2 Thieves","floor":21.0,"turns":3.0},{"damage":20,"enemies":"Gremlin Leader","floor":23,"turns":2}],"seed_played":"3316651761229674100","potions_obtained":[{"floor":4.0,"key":"AttackPotion"},{"floor":13.0,"key":"Ancient Potion"},{"floor":14.0,"key":"SpeedPotion"},{"floor":21.0,"key":"Energy Potion"}],"is_trial":false,"path_per_floor":["M","?","?","M","$","R","?","M","T","M","E","R","E","M","R","B",null,"M","?","?","M","$","E"],"character_chosen":"DEFECT","items_purchased":["Kunai","Go for the Eyes","Regal Pillow","EssenceOfSteel","Compile Driver"],"campfire_rested":2,"item_purchase_floors":[5,5,22,22,22],"current_hp_per_floor":[63,60,60,60,60,60,49,44,44,30,16,38,22,12,34,28,63,51,51,51,15,15,0],"gold":199,"neow_bonus":"HUNDRED_GOLD","is_prod":false,"is_daily":false,"chose_seed":false,"campfire_upgraded":1,"win_rate":0,"timestamp":1570930717,"path_taken":["M","?","?","M","$","R","?","M","T","M","E","R","E","M","R","BOSS","M","?","?","M","$","E"],"build_version":"2019-07-17","purchased_purges":2,"victory":false,"max_hp_per_floor":[75,75,75,75,75,75,75,75,75,75,75,75,75,75,75,75,75,75,75,75,75,75,75],"card_choices":[{"not_picked":["Go for the Eyes","Recycle"],"picked":"Leap","floor":1.0},{"not_picked":["Rebound","Scrape"],"picked":"Cold Snap","floor":4.0},{"not_picked":["Turbo","Chaos"],"picked":"Go for the Eyes","floor":8.0},{"not_picked":["Rip and Tear","Steam"],"picked":"Cold Snap","floor":10.0},{"not_picked":["Sunder","Lockon"],"picked":"Recycle","floor":11.0},{"not_picked":["Streamline","Compile Driver"],"picked":"Gash","floor":13.0},{"not_picked":["Sweeping Beam","Streamline"],"picked":"Capacitor","floor":14.0},{"not_picked":["Amplify","Fission"],"picked":"Electrodynamics","floor":16.0},{"not_picked":["Chill","Streamline"],"picked":"Defragment","floor":18.0},{"not_picked":["Redo","Streamline"],"picked":"Storm","floor":21.0}],"player_experience":303638,"relics_obtained":[{"floor":9.0,"key":"MawBank"},{"floor":11.0,"key":"Vajra"},{"floor":13.0,"key":"Omamori"},{"floor":17.0,"key":"PreservedInsect"},{"floor":17.0,"key":"Pantograph"},{"floor":17.0,"key":"Unceasing Top"}],"event_choices":[{"damage_healed":0.0,"max_hp_gain":0.0,"max_hp_loss":0.0,"gold_gain":0.0,"event_name":"Scrap Ooze","player_choice":"Success","floor":2.0,"gold_loss":0.0,"damage_taken":3.0,"relics_obtained":["Gremlin Horn"]},{"damage_healed":0.0,"max_hp_gain":0.0,"max_hp_loss":0.0,"gold_gain":175.0,"event_name":"Liars Game","player_choice":"AGREE","floor":3.0,"gold_loss":0.0,"damage_taken":0.0,"cards_obtained":["Doubt"]},{"damage_healed":0.0,"max_hp_gain":0.0,"max_hp_loss":0.0,"gold_gain":75.0,"event_name":"World of Goop","player_choice":"Gather Gold","floor":7.0,"gold_loss":0.0,"damage_taken":11.0},{"damage_healed":0.0,"max_hp_gain":0.0,"max_hp_loss":0.0,"gold_gain":0.0,"event_name":"Ghosts","player_choice":"Ignored","floor":19.0,"gold_loss":0.0,"damage_taken":0.0},{"damage_healed":0.0,"max_hp_gain":0.0,"max_hp_loss":0.0,"gold_gain":0.0,"cards_transformed":["Strike_B","Recycle"],"event_name":"Drug Dealer","player_choice":"Became Test Subject","floor":20.0,"gold_loss":0.0,"damage_taken":0.0,"cards_obtained":["Heatsinks","All For One"]}],"is_beta":false,"boss_relics":[{"not_picked":["FrozenCore","Astrolabe"],"picked":"Calling Bell"}],"items_purged_floors":[5,22],"is_endless":false,"potions_floor_spawned":[4,13,14,21],"killed_by":"Gremlin Leader","ascension_level":6}