{"gold_per_floor":[113,113,127,138,138,138,63,93,93,169,200,200,215,23,23,120,120,101,115,25,38,4,4,34,34,34,54,54,87,87,120,120,222,222,242,242,260,37,90,116,116,116,194,42,42,73,92,92,92,92,92,92,8,43,43],"floor_reached":55,"playtime":4940,"items_purged":["Defend_G","Defend_G","Strike_G"],"score":879,"play_id":"81e11a7b-10b7-4da4-9ea4-e939c7d632a0","local_time":"20190918223208","is_ascension_mode":true,"campfire_choices":[{"data":"Neutralize","floor":6,"key":"SMITH"},{"floor":12,"key":"REST"},{"data":"Malaise","floor":15,"key":"SMITH"},{"data":"Caltrops","floor":23,"key":"SMITH"},{"data":"Footwork","floor":25,"key":"SMITH"},{"data":"Backflip","floor":28,"key":"SMITH"},{"data":"Backflip","floor":30,"key":"SMITH"},{"data":"Deflect","floor":32,"key":"SMITH"},{"floor":41,"key":"RECALL"},{"data":"Burst","floor":45,"key":"SMITH"},{"floor":49,"key":"REST"},{"data":"Dodge and Roll","floor":52,"key":"SMITH"}],"neow_cost":"NONE","seed_source_timestamp":182702885304600,"circlet_count":0,"master_deck":["Defend_G+1","Defend_G","Survivor","Neutralize+1","Quick Slash","Dodge and Roll+1","Deflect+1","Backstab","Well Laid Plans","Malaise+1","Dash+1","Backflip+1","Burst+1","Dagger Throw+1","Sucker Punch+1","Caltrops+1","Masterful Stab+1","Footwork+1","Slice+1","Malaise+1","Sucker Punch+1","Flash of Steel+1","Setup+1","Dagger Spray+1","Trip+1"],"relics":["Ring of the Snake","NeowsBlessing","Matryoshka","PreservedInsect","Dream Catcher","Vajra","Molten Egg 2","Happy Flower","Empty Cage","Orichalcum","Bottled Tornado","Sundial","Busted Crown","Nunchaku","Snake Skull","Bottled Lightning","Oddly Smooth Stone","Toxic Egg 2","FossilizedHelix"],"potions_floor_usage":[19,24,31,31,39,40,50,50,50,55],"damage_taken":[{"damage":0,"enemies":"Cultist","floor":1,"turns":1},{"damage":0,"enemies":"Small Slimes","floor":3,"turns":1},{"damage":0,"enemies":"Jaw Worm","floor":4,"turns":1},{"damage":20,"enemies":"Gremlin Nob","floor":8,"turns":5},{"damage":1,"enemies":"3 Sentries","floor":11,"turns":8},{"damage":1,"enemies":"Lots of Slimes","floor":13,"turns":4},{"damage":0,"enemies":"The Guardian","floor":16,"turns":12},{"damage":3,"enemies":"2 Thieves","floor":18,"turns":4},{"damage":0,"enemies":"Spheric Guardian","floor":19,"turns":3},{"damage":1,"enemies":"3 Cultists","floor":21,"turns":7},{"damage":0,"enemies":"Book of Stabbing","floor":24,"turns":5},{"damage":0,"enemies":"Shelled Parasite and Fungi","floor":27,"turns":5},{"damage":8,"enemies":"Slavers","floor":29,"turns":5},{"damage":8,"enemies":"Gremlin Leader","floor":31,"turns":6},{"damage":33,"enemies":"Automaton","floor":33,"turns":16},{"damage":0,"enemies":"Orb Walker","floor":35,"turns":5},{"damage":0,"enemies":"3 Shapes","floor":37,"turns":6},{"damage":28,"enemies":"2 Orb Walkers","floor":39,"turns":7},{"damage":7,"enemies":"Reptomancer","floor":40,"turns":9},{"damage":0,"enemies":"Giant Head","floor":46,"turns":9},{"damage":13,"enemies":"Sphere and 2 Shapes","floor":47,"turns":8},{"damage":25,"enemies":"Time Eater","floor":50,"turns":17},{"damage":27,"enemies":"Shield and Spear","floor":54,"turns":8},{"damage":58,"enemies":"The Heart","floor":55,"turns":5}],"seed_played":"226208772191679217","potions_obtained":[{"floor":3,"key":"Strength Potion"},{"floor":11,"key":"PowerPotion"},{"floor":13,"key":"SkillPotion"},{"floor":16,"key":"Fire Potion"},{"floor":21,"key":"Swift Potion"},{"floor":29,"key":"Fire Potion"},{"floor":33,"key":"Regen Potion"},{"floor":35,"key":"Weak Potion"},{"floor":39,"key":"Energy Potion"},{"floor":46,"key":"LiquidBronze"},{"floor":54,"key":"EssenceOfSteel"}],"is_trial":false,"path_per_floor":["M","?","M","M","?","R","$","E","T","T","E","R","M","$","R","B",null,"M","M","?","M","$","R","E","R","T","M","R","E","R","E","R","B",null,"M","?","M","$","?","E","R","?","T","$","R","E","M","?","R","B",null,"R","$","E","B"],"character_chosen":"THE_SILENT","items_purchased":["Dash+1","Backflip","Masterful Stab+1","Flash of Steel+1","Oddly Smooth Stone","Trip+1"],"campfire_rested":2,"item_purchase_floors":[14,14,22,38,44,53],"current_hp_per_floor":[70,63,63,63,63,63,63,43,43,43,42,63,62,62,62,62,70,67,67,67,66,66,66,66,66,66,66,66,58,58,50,50,17,70,70,70,70,70,56,49,49,49,49,49,49,49,36,36,55,30,66,66,66,39,0],"gold":43,"neow_bonus":"THREE_ENEMY_KILL","is_prod":false,"is_daily":false,"chose_seed":false,"campfire_upgraded":9,"win_rate":0,"timestamp":1568871128,"path_taken":["M","?","M","M","?","R","$","E","T","?","E","R","?","$","R","BOSS","M","M","?","M","$","R","E","R","T","?","R","E","R","E","R","BOSS","M","?","?","$","?","E","R","?","T","$","R","E","M","?","R","BOSS","R","$","E","BOSS"],"build_version":"2019-07-17","purchased_purges":3,"victory":false,"max_hp_per_floor":[70,70,70,70,70,70,70,70,70,70,70,70,70,70,70,70,70,70,70,70,70,70,70,70,70,70,70,70,70,70,70,70,70,70,70,70,70,70,70,70,70,70,70,70,70,70,70,66,66,66,66,66,66,66,66],"card_choices":[{"not_picked":["Blade Dance","Masterful Stab"],"picked":"Quick Slash","floor":1},{"not_picked":["Choke","Deadly Poison"],"picked":"Dodge and Roll","floor":3},{"not_picked":["Poisoned Stab","Distraction","Dodge and Roll"],"picked":"SKIP","floor":4},{"not_picked":["Riddle With Holes","Distraction"],"picked":"Backstab","floor":8},{"not_picked":["Flechettes+1","Quick Slash+1"],"picked":"Well Laid Plans","floor":11},{"not_picked":["Prepared","Escape Plan"],"picked":"Backflip","floor":12},{"not_picked":["Caltrops","Eviscerate+1"],"picked":"Malaise","floor":13},{"not_picked":["Storm of Steel","Bullet Time"],"picked":"Burst","floor":16},{"not_picked":["Outmaneuver","Backflip"],"picked":"Dagger Throw+1","floor":18},{"not_picked":["Catalyst","Deflect+1"],"picked":"Sucker Punch+1","floor":19},{"not_picked":["Backflip+1","PiercingWail"],"picked":"Caltrops","floor":21},{"not_picked":["Blade Dance","Quick Slash+1"],"picked":"Footwork","floor":24},{"not_picked":["Infinite Blades","Distraction","Acrobatics"],"picked":"SKIP","floor":27},{"not_picked":["PiercingWail+1","Acrobatics","Well Laid Plans"],"picked":"SKIP","floor":29},{"not_picked":["Accuracy","Setup"],"picked":"Slice+1","floor":31},{"not_picked":["Envenom","Die Die Die+1"],"picked":"Malaise","floor":33},{"not_picked":[],"picked":"Sucker Punch+1","floor":35},{"not_picked":["Accuracy+1"],"picked":"SKIP","floor":37},{"not_picked":["Underhanded Strike+1"],"picked":"SKIP","floor":40},{"not_picked":[],"picked":"Setup+1","floor":46},{"not_picked":["Cloak And Dagger+1"],"picked":"SKIP","floor":47},{"not_picked":[],"picked":"Dagger Spray+1","floor":49},{"not_picked":["PiercingWail+1"],"picked":"SKIP","floor":54}],"player_experience":124536,"relics_obtained":[{"floor":8,"key":"Matryoshka"},{"floor":9,"key":"PreservedInsect"},{"floor":9,"key":"Dream Catcher"},{"floor":10,"key":"Vajra"},{"floor":10,"key":"Molten Egg 2"},{"floor":11,"key":"Happy Flower"},{"floor":24,"key":"Orichalcum"},{"floor":29,"key":"Bottled Tornado"},{"floor":31,"key":"Sundial"},{"floor":39,"key":"Nunchaku"},{"floor":40,"key":"Snake Skull"},{"floor":43,"key":"Bottled Lightning"},{"floor":46,"key":"Toxic Egg 2"},{"floor":54,"key":"FossilizedHelix"}],"event_choices":[{"cards_removed":["Strike_G"],"damage_healed":0,"gold_gain":0,"player_choice":"Card Removal","damage_taken":7,"max_hp_gain":0,"max_hp_loss":0,"event_name":"Golden Wing","floor":2,"gold_loss":0},{"damage_healed":0,"gold_gain":0,"cards_transformed":["Defend_G"],"player_choice":"Change","damage_taken":0,"max_hp_gain":0,"max_hp_loss":0,"event_name":"Living Wall","floor":5,"gold_loss":0,"cards_obtained":["Deflect"]},{"cards_removed":["Strike_G"],"damage_healed":0,"gold_gain":0,"player_choice":"Upgrade and Remove","damage_taken":0,"max_hp_gain":0,"max_hp_loss":0,"event_name":"Designer","floor":20,"gold_loss":90,"cards_upgraded":["Defend_G"]},{"damage_healed":0,"gold_gain":0,"player_choice":"Upgraded","damage_taken":0,"max_hp_gain":0,"max_hp_loss":0,"event_name":"Upgrade Shrine","floor":36,"gold_loss":0,"cards_upgraded":["Malaise"]},{"damage_healed":0,"gold_gain":0,"player_choice":"Fight","damage_taken":0,"max_hp_gain":0,"max_hp_loss":0,"event_name":"Mysterious Sphere","floor":39,"gold_loss":0},{"cards_removed":["Backflip"],"damage_healed":0,"gold_gain":0,"player_choice":"Removed Skill","damage_taken":0,"max_hp_gain":0,"max_hp_loss":0,"event_name":"Falling","floor":42,"gold_loss":0},{"damage_healed":0,"gold_gain":0,"player_choice":"Max HP","damage_taken":0,"max_hp_gain":0,"max_hp_loss":4,"event_name":"Winding Halls","floor":48,"gold_loss":0}],"is_beta":false,"boss_relics":[{"not_picked":["Velvet Choker","Fusion Hammer"],"picked":"Empty Cage"},{"not_picked":["Runic Pyramid","Runic Dome"],"picked":"Busted Crown"}],"items_purged_floors":[7,14,38],"is_endless":false,"potions_floor_spawned":[3,11,13,16,18,21,29,33,35,39,46,47,54],"killed_by":"The Heart","ascension_level":1}