{"gold_per_floor":[117,134,152,7,7,7,7,25,98,98,113,147,157,191,191,191],"floor_reached":16,"playtime":609,"items_purged":["Strike_G"],"score":112,"play_id":"eb565f75-daa0-45f9-9253-126fe0c37a3b","local_time":"20190721120057","is_ascension_mode":false,"campfire_choices":[{"data":"Deadly Poison","floor":6,"key":"SMITH"},{"data":"Bane","floor":10,"key":"SMITH"},{"data":"Bouncing Flask","floor":15,"key":"SMITH"}],"neow_cost":"NONE","seed_source_timestamp":225937182739711,"circlet_count":0,"master_deck":["Strike_G","Strike_G","Strike_G","Defend_G","Defend_G","Defend_G","Defend_G+1","Defend_G","Survivor+1","Neutralize","Dagger Throw","Deadly Poison+1","Bane+1","Bouncing Flask+1","Deadly Poison","Bullet Time"],"relics":["Ring of the Snake","War Paint","Sundial","Art of War","Bag of Preparation"],"potions_floor_usage":[12,16,16],"damage_taken":[{"damage":0,"enemies":"Small Slimes","floor":1,"turns":4},{"damage":0,"enemies":"Jaw Worm","floor":2,"turns":3},{"damage":0,"enemies":"Cultist","floor":3,"turns":3},{"damage":0,"enemies":"Exordium Thugs","floor":8,"turns":4},{"damage":4,"enemies":"3 Louse","floor":11,"turns":2},{"damage":6,"enemies":"Lagavulin","floor":12,"turns":7},{"damage":1,"enemies":"2 Fungi Beasts","floor":13,"turns":3},{"damage":17,"enemies":"3 Sentries","floor":14,"turns":6},{"damage":37,"enemies":"Slime Boss","floor":16,"turns":8}],"seed_played":"-5781383206953927208","potions_obtained":[{"floor":1,"key":"Dexterity Potion"},{"floor":8,"key":"Weak Potion"},{"floor":12,"key":"SkillPotion"}],"is_trial":false,"path_per_floor":["M","M","M","$","?","R","$","M","T","R","M","E","M","E","R","B"],"character_chosen":"THE_SILENT","items_purchased":["Bouncing Flask"],"campfire_rested":0,"item_purchase_floors":[4],"current_hp_per_floor":[70,70,70,70,63,63,63,63,63,63,59,53,52,35,35,0],"gold":191,"neow_bonus":"RANDOM_COMMON_RELIC","is_prod":false,"is_daily":false,"chose_seed":false,"campfire_upgraded":3,"win_rate":0,"timestamp":1563706857,"path_taken":["M","M","M","$","?","R","?","M","T","R","M","E","M","E","R","BOSS"],"build_version":"2019-07-17","purchased_purges":1,"victory":false,"max_hp_per_floor":[70,70,70,70,70,70,70,70,70,70,70,70,70,70,70,70],"card_choices":[{"not_picked":["Blur","Acrobatics"],"picked":"Dagger Throw","floor":1},{"not_picked":["Cloak And Dagger","Predator"],"picked":"Deadly Poison","floor":2},{"not_picked":["Underhanded Strike","Deflect"],"picked":"Bane","floor":3},{"not_picked":["Dodge and Roll","Backflip"],"picked":"Deadly Poison","floor":8},{"not_picked":["Dodge and Roll","Bouncing Flask","Accuracy"],"picked":"SKIP","floor":11},{"not_picked":["Dodge and Roll","Bouncing Flask","Accuracy"],"picked":"SKIP","floor":11},{"not_picked":["Infinite Blades","Underhanded Strike","Dash"],"picked":"SKIP","floor":12},{"not_picked":["Setup","Reflex","Sucker Punch"],"picked":"SKIP","floor":13},{"not_picked":["Outmaneuver","PiercingWail"],"picked":"Bullet Time","floor":14}],"player_experience":1718228,"relics_obtained":[{"floor":9,"key":"Sundial"},{"floor":12,"key":"Art of War"},{"floor":14,"key":"Bag of Preparation"}],"event_choices":[{"cards_removed":["Strike_G"],"damage_healed":0,"gold_gain":0,"player_choice":"Card Removal","damage_taken":7,"max_hp_gain":0,"max_hp_loss":0,"event_name":"Golden Wing","floor":5,"gold_loss":0}],"is_beta":false,"boss_relics":[],"items_purged_floors":[4],"is_endless":false,"potions_floor_spawned":[1,8,12],"killed_by":"Slime Boss","ascension_level":0}