{"gold_per_floor":[15,28,40,51,51,51,67,80,104,119,134,151,151,165,165,261,261,280,294,313,313,313,313,22,33,33,33,33],"floor_reached":28,"playtime":1836,"items_purged":[],"score":268,"play_id":"9fdc4a26-bf4a-417a-8903-920bd2541345","local_time":"20190912223350","is_ascension_mode":false,"campfire_choices":[{"data":"Barricade","floor":6,"key":"SMITH"},{"floor":13,"key":"REST"},{"floor":15,"key":"REST"},{"floor":23,"key":"REST"}],"neow_cost":"NO_GOLD","seed_source_timestamp":49165368187500,"circlet_count":0,"master_deck":["Defend_R","Defend_R","Defend_R","Defend_R+1","Bash","Barricade+1","Flex+1","Body Slam","Twin Strike","Entrench+1","Headbutt","Entrench+1","Iron Wave","Inflame","Ghostly Armor","Pommel Strike","Feed","Infernal Blade","Inflame","Seeing Red","Cleave","Battle Trance","Intimidate","Armaments","Ghostly Armor","Barricade+1","Deep Breath","Berserk","Bite","Bite","Bite","Bite","Bite"],"relics":["Burning Blood","War Paint","Orrery","Enchiridion","DollysMirror","Matryoshka"],"potions_floor_usage":[16,16,16,28],"damage_taken":[{"damage":5,"enemies":"Cultist","floor":1,"turns":4},{"damage":9,"enemies":"Small Slimes","floor":2,"turns":4},{"damage":11,"enemies":"2 Louse","floor":3,"turns":4},{"damage":19,"enemies":"Blue Slaver","floor":4,"turns":3},{"damage":6,"enemies":"Exordium Thugs","floor":7,"turns":5},{"damage":9,"enemies":"Exordium Wildlife","floor":8,"turns":4},{"damage":8,"enemies":"2 Fungi Beasts","floor":10,"turns":6},{"damage":14,"enemies":"Blue Slaver","floor":11,"turns":3},{"damage":11,"enemies":"Red Slaver","floor":12,"turns":3},{"damage":0,"enemies":"Looter","floor":14,"turns":2},{"damage":2,"enemies":"Hexaghost","floor":16,"turns":7},{"damage":16,"enemies":"3 Byrds","floor":18,"turns":6},{"damage":0,"enemies":"Spheric Guardian","floor":19,"turns":5},{"damage":35,"enemies":"Snecko","floor":20,"turns":6},{"damage":37,"enemies":"Centurion and Healer","floor":25,"turns":5},{"damage":41,"enemies":"Sentry and Sphere","floor":28,"turns":7}],"seed_played":"5002388117576527224","potions_obtained":[{"floor":4,"key":"AttackPotion"},{"floor":7,"key":"Dexterity Potion"},{"floor":8,"key":"GamblersBrew"},{"floor":10,"key":"Energy Potion"},{"floor":16,"key":"Explosive Potion"},{"floor":20,"key":"SneckoOil"},{"floor":25,"key":"Weak Potion"}],"is_trial":false,"path_per_floor":["M","M","M","M","?","R","M","M","T","M","M","M","R","M","R","B",null,"M","M","M","?","?","R","$","M","T","?","M"],"character_chosen":"IRONCLAD","items_purchased":["DollysMirror","Deep Breath"],"campfire_rested":3,"item_purchase_floors":[24,24],"current_hp_per_floor":[80,77,72,59,43,43,43,40,40,38,30,25,49,55,79,80,80,73,79,50,50,34,58,58,27,27,27,0],"gold":33,"neow_bonus":"THREE_RARE_CARDS","is_prod":false,"is_daily":false,"chose_seed":false,"campfire_upgraded":1,"win_rate":0.0,"timestamp":1568352830,"path_taken":["M","M","?","M","?","R","M","M","T","M","M","M","R","M","R","BOSS","M","M","M","?","?","R","$","M","T","?","M"],"build_version":"2019-07-17","purchased_purges":0,"victory":false,"max_hp_per_floor":[80,80,80,80,80,80,80,80,80,80,80,80,80,80,80,80,80,83,83,83,83,83,83,83,83,83,58,61],"card_choices":[{"not_picked":["Berserk","Bludgeon"],"picked":"Barricade","floor":0},{"not_picked":["Cleave","Wild Strike"],"picked":"Flex","floor":1},{"not_picked":["Seeing Red","Anger"],"picked":"Body Slam","floor":2},{"not_picked":["Intimidate","Sword Boomerang"],"picked":"Twin Strike","floor":3},{"not_picked":["Fire Breathing","Brutality"],"picked":"Entrench","floor":4},{"not_picked":["Wild Strike","Burning Pact"],"picked":"Headbutt","floor":7},{"not_picked":["Reckless Charge","Warcry"],"picked":"Entrench","floor":8},{"not_picked":["Pummel","Twin Strike"],"picked":"Iron Wave","floor":10},{"not_picked":["Cleave","Headbutt"],"picked":"Inflame","floor":11},{"not_picked":["Carnage","Pommel Strike"],"picked":"Ghostly Armor","floor":12},{"not_picked":["Anger","Flex"],"picked":"Pommel Strike","floor":14},{"not_picked":["Dark Embrace","Fiend Fire"],"picked":"Feed","floor":16},{"not_picked":["Wild Strike","Perfected Strike"],"picked":"Infernal Blade","floor":17},{"not_picked":["Searing Blow","Perfected Strike"],"picked":"Inflame","floor":17},{"not_picked":["Anger","Second Wind"],"picked":"Seeing Red","floor":17},{"not_picked":["Pommel Strike","Wild Strike"],"picked":"Cleave","floor":17},{"not_picked":["Anger","Perfected Strike"],"picked":"Battle Trance","floor":17},{"not_picked":["Fire Breathing","Wild Strike"],"picked":"Intimidate","floor":18},{"not_picked":["Limit Break","Thunderclap+1"],"picked":"Armaments","floor":19},{"not_picked":["Perfected Strike","Heavy Blade+1"],"picked":"Ghostly Armor","floor":20},{"not_picked":["Flex","Evolve"],"picked":"Berserk","floor":25}],"player_experience":29163,"relics_obtained":[{"floor":9,"key":"War Paint"},{"floor":22,"key":"Enchiridion"},{"floor":26,"key":"Matryoshka"}],"event_choices":[{"damage_healed":0,"gold_gain":0,"player_choice":"Entered Light","damage_taken":16,"max_hp_gain":0,"max_hp_loss":0,"event_name":"Shining Light","floor":5,"gold_loss":0,"cards_upgraded":["Entrench","Defend_R"]},{"damage_healed":0,"gold_gain":0,"player_choice":"Ignored","damage_taken":0,"max_hp_gain":0,"max_hp_loss":0,"event_name":"Ghosts","floor":21,"gold_loss":0},{"damage_healed":0,"gold_gain":0,"player_choice":"Obtained Book","damage_taken":16,"max_hp_gain":0,"max_hp_loss":0,"event_name":"Cursed Tome","floor":22,"gold_loss":0},{"damage_healed":0,"gold_gain":0,"player_choice":"Became a vampire","damage_taken":0,"max_hp_gain":0,"max_hp_loss":25,"event_name":"Vampires","floor":27,"gold_loss":0,"cards_obtained":["Bite","Bite","Bite","Bite","Bite"]}],"is_beta":false,"boss_relics":[{"not_picked":["White Beast Statue","Busted Crown"],"picked":"Orrery"}],"items_purged_floors":[],"is_endless":false,"potions_floor_spawned":[4,7,8,10,12,16,20,25],"killed_by":"Sentry and Sphere","ascension_level":0}