{"gold_per_floor":[110,10,10,26,45,45,77,92,116,141,216,216,245,259,259,359,359,371,296,246,265,265,265,300,318,318,318,15,15,29,56,56,154,154,165,165,218,218,231,266,266,295,295,313,328,328,354,369,369,369,369,369,28,58,58],"floor_reached":55,"playtime":3600,"items_purged":["Injury","Strike_R","Defend_R"],"score":1301,"play_id":"4e5f3731-5bda-4176-8cb3-772227547834","local_time":"20191026111355","is_ascension_mode":true,"campfire_choices":[{"data":"Bash","floor":6.0,"key":"SMITH"},{"data":"Clothesline","floor":12.0,"key":"SMITH"},{"data":"Evolve","floor":15.0,"key":"SMITH"},{"data":"True Grit","floor":23.0,"key":"SMITH"},{"data":"Entrench","floor":27.0,"key":"SMITH"},{"data":"Barricade","floor":32.0,"key":"SMITH"},{"data":"Feel No Pain","floor":41.0,"key":"SMITH"},{"floor":46.0,"key":"RECALL"},{"data":"Juggernaut","floor":49.0,"key":"SMITH"},{"data":"Fiend Fire","floor":52.0,"key":"SMITH"}],"neow_cost":"CURSE","seed_source_timestamp":0,"circlet_count":0,"master_deck":["AscendersBane","Defend_R","Defend_R","Defend_R+1","Bash+1","Havoc+1","Warcry","Evolve+1","Anger+1","Fiend Fire+1","Clothesline+1","Feel No Pain","True Grit+1","Shrug It Off","Barricade+1","Disarm","Feel No Pain+1","Entrench+1","True Grit","Burning Pact","Ghostly Armor+1","Juggernaut+1","Entrench","Hemokinesis","Seeing Red","Warcry+1","Clothesline","Body Slam","Shockwave","Flame Barrier","Exhume","Power Through"],"special_seed":0,"relics":["Burning Blood","Charon\u0027s Ashes","War Paint","Orichalcum","Smiling Mask","Whetstone","Mark of Pain","Paper Frog","Blood Vial","Pen Nib","PreservedInsect","Snecko Eye","Ginger","Mercury Hourglass","Strawberry","Lantern","Oddly Smooth Stone","Art of War"],"potions_floor_usage":[55],"damage_taken":[{"damage":0.0,"enemies":"2 Louse","floor":1.0,"turns":3.0},{"damage":6.0,"enemies":"Cultist","floor":4.0,"turns":4.0},{"damage":3.0,"enemies":"Jaw Worm","floor":5.0,"turns":4.0},{"damage":13.0,"enemies":"Lagavulin","floor":7.0,"turns":7.0},{"damage":6.0,"enemies":"Looter","floor":8.0,"turns":2.0},{"damage":24.0,"enemies":"Gremlin Nob","floor":10.0,"turns":5.0},{"damage":19.0,"enemies":"Lagavulin","floor":13.0,"turns":5.0},{"damage":0.0,"enemies":"Exordium Thugs","floor":14.0,"turns":4.0},{"damage":23.0,"enemies":"Slime Boss","floor":16.0,"turns":8.0},{"damage":22.0,"enemies":"Spheric Guardian","floor":18.0,"turns":6.0},{"damage":8.0,"enemies":"Shell Parasite","floor":21.0,"turns":6.0},{"damage":19.0,"enemies":"Book of Stabbing","floor":24.0,"turns":5.0},{"damage":0.0,"enemies":"Centurion and Healer","floor":25.0,"turns":5.0},{"damage":0.0,"enemies":"Snake Plant","floor":30.0,"turns":6.0},{"damage":16.0,"enemies":"Slavers","floor":31.0,"turns":4.0},{"damage":15.0,"enemies":"Collector","floor":33.0,"turns":13.0},{"damage":0.0,"enemies":"Orb Walker","floor":35.0,"turns":3.0},{"damage":62.0,"enemies":"2 Orb Walkers","floor":37.0,"turns":6.0},{"damage":26.0,"enemies":"3 Darklings","floor":39.0,"turns":5.0},{"damage":9.0,"enemies":"Nemesis","floor":40.0,"turns":5.0},{"damage":3.0,"enemies":"Reptomancer","floor":42.0,"turns":4.0},{"damage":1.0,"enemies":"Spire Growth","floor":44.0,"turns":4.0},{"damage":16.0,"enemies":"Sphere and 2 Shapes","floor":45.0,"turns":6.0},{"damage":10.0,"enemies":"Giant Head","floor":47.0,"turns":6.0},{"damage":0.0,"enemies":"4 Shapes","floor":48.0,"turns":4.0},{"damage":15.0,"enemies":"Time Eater","floor":50.0,"turns":11.0},{"damage":9.0,"enemies":"Shield and Spear","floor":54.0,"turns":5.0},{"damage":80,"enemies":"The Heart","floor":55,"turns":3}],"seed_played":"-1761713848082325235","potions_obtained":[{"floor":3.0,"key":"SpeedPotion"},{"floor":3.0,"key":"Explosive Potion"},{"floor":4.0,"key":"Dexterity Potion"},{"floor":7.0,"key":"SpeedPotion"},{"floor":10.0,"key":"Energy Potion"},{"floor":16.0,"key":"LiquidBronze"},{"floor":33.0,"key":"Explosive Potion"},{"floor":37.0,"key":"BloodPotion"},{"floor":39.0,"key":"Regen Potion"},{"floor":42.0,"key":"Swift Potion"},{"floor":44.0,"key":"Swift Potion"}],"is_trial":false,"path_per_floor":["M","$","?","M","M","R","E","M","T","E","?","R","E","M","R","B",null,"M","?","$","M","?","R","E","M","T","R","$","?","M","E","R","B",null,"M","?","?","$","M","E","R","E","T","M","M","R","E","M","R","B",null,"R","$","E","B"],"character_chosen":"IRONCLAD","items_purchased":["Warcry","Dexterity Potion","Dexterity Potion","Pen Nib","Exhume","Oddly Smooth Stone","Swift Potion"],"campfire_rested":0,"item_purchase_floors":[2,28,28,28,53,53,53],"current_hp_per_floor":[78,78,78,78,80,80,73,73,73,55,44,44,31,37,37,20,65,49,49,49,47,47,47,34,40,40,40,40,40,48,40,40,33,68,76,76,22,22,24,35,35,47,47,54,46,46,44,52,52,45,77,77,77,76,0],"gold":58,"neow_bonus":"ONE_RARE_RELIC","is_prod":false,"is_daily":false,"chose_seed":false,"campfire_upgraded":9,"win_rate":0,"timestamp":1572113635,"path_taken":["M","$","?","?","M","R","E","M","T","E","?","R","E","M","R","BOSS","M","?","$","M","?","R","E","M","T","R","$","?","?","E","R","BOSS","M","?","?","?","M","E","R","E","T","M","M","R","E","M","R","BOSS","R","$","E","BOSS"],"build_version":"2019-07-17","purchased_purges":3,"victory":false,"max_hp_per_floor":[80,80,80,80,80,80,80,80,80,80,80,80,80,80,80,80,80,80,80,80,80,80,80,80,80,80,80,80,80,80,80,80,80,80,80,80,80,80,80,80,80,87,87,87,87,87,87,87,87,87,87,87,87,87,87],"card_choices":[{"not_picked":["Sword Boomerang","Fire Breathing"],"picked":"Havoc","floor":1.0},{"not_picked":["Twin Strike","Clash"],"picked":"Evolve","floor":4.0},{"not_picked":["True Grit","Clash"],"picked":"Anger","floor":5.0},{"not_picked":["Sword Boomerang","Battle Trance"],"picked":"Fiend Fire","floor":7.0},{"not_picked":["Twin Strike","Thunderclap"],"picked":"Clothesline","floor":8.0},{"not_picked":["Impervious","Headbutt"],"picked":"Feel No Pain","floor":10.0},{"not_picked":["Cleave","Searing Blow"],"picked":"True Grit","floor":13.0},{"not_picked":["Inflame","Armaments"],"picked":"Shrug It Off","floor":14.0},{"not_picked":["Brutality","Fiend Fire"],"picked":"Barricade","floor":16.0},{"not_picked":["Clash","Flex+1"],"picked":"Disarm","floor":18.0},{"not_picked":["Headbutt","Twin Strike"],"picked":"Feel No Pain","floor":21.0},{"not_picked":["Immolate","Perfected Strike"],"picked":"True Grit","floor":24.0},{"not_picked":["Clothesline","Shrug It Off","Carnage"],"picked":"SKIP","floor":25.0},{"not_picked":["Headbutt","Havoc"],"picked":"Burning Pact","floor":30.0},{"not_picked":["Cleave","Sentinel"],"picked":"Ghostly Armor+1","floor":31.0},{"not_picked":["Feed","Reaper"],"picked":"Juggernaut","floor":33.0},{"not_picked":["Ghostly Armor","Twin Strike"],"picked":"Entrench","floor":35.0},{"not_picked":["Perfected Strike","Flex"],"picked":"Hemokinesis","floor":37.0},{"not_picked":["Fire Breathing","Havoc"],"picked":"Seeing Red","floor":39.0},{"not_picked":["Shrug It Off+1","Second Wind"],"picked":"Warcry+1","floor":40.0},{"not_picked":["Sever Soul","Twin Strike","Headbutt"],"picked":"SKIP","floor":42.0},{"not_picked":["Pummel+1","Berserk"],"picked":"Clothesline","floor":44.0},{"not_picked":["Power Through","Pommel Strike"],"picked":"Body Slam","floor":45.0},{"not_picked":["Clash","Anger"],"picked":"Shockwave","floor":47.0},{"not_picked":["Perfected Strike","Headbutt"],"picked":"Flame Barrier","floor":48.0},{"not_picked":["Impervious","Searing Blow+1"],"picked":"Power Through","floor":54.0}],"player_experience":465029,"relics_obtained":[{"floor":7.0,"key":"War Paint"},{"floor":9.0,"key":"Orichalcum"},{"floor":10.0,"key":"Smiling Mask"},{"floor":13.0,"key":"Whetstone"},{"floor":24.0,"key":"Paper Frog"},{"floor":26.0,"key":"Blood Vial"},{"floor":31.0,"key":"PreservedInsect"},{"floor":37.0,"key":"Ginger"},{"floor":40.0,"key":"Mercury Hourglass"},{"floor":42.0,"key":"Strawberry"},{"floor":47.0,"key":"Lantern"},{"floor":54.0,"key":"Art of War"}],"event_choices":[{"damage_healed":0.0,"max_hp_gain":0.0,"max_hp_loss":0.0,"gold_gain":0.0,"event_name":"Lab","player_choice":"Got Potions","floor":3.0,"gold_loss":0.0,"damage_taken":0.0},{"damage_healed":0.0,"max_hp_gain":0.0,"max_hp_loss":0.0,"gold_gain":75.0,"event_name":"World of Goop","player_choice":"Gather Gold","floor":11.0,"gold_loss":0.0,"damage_taken":11.0},{"cards_removed":["Strike_R"],"damage_healed":0.0,"max_hp_gain":0.0,"max_hp_loss":0.0,"gold_gain":0.0,"event_name":"Beggar","player_choice":"Gave Gold","floor":19.0,"gold_loss":75.0,"damage_taken":0.0},{"damage_healed":0.0,"max_hp_gain":0.0,"max_hp_loss":0.0,"gold_gain":0.0,"cards_transformed":["Strike_R","Strike_R"],"event_name":"Drug Dealer","player_choice":"Became Test Subject","floor":22.0,"gold_loss":0.0,"damage_taken":0.0,"cards_obtained":["Entrench","Carnage"]},{"cards_removed":["Strike_R"],"damage_healed":0.0,"max_hp_gain":0.0,"max_hp_loss":0.0,"gold_gain":0.0,"event_name":"Purifier","player_choice":"Purged","floor":29.0,"gold_loss":0.0,"damage_taken":0.0},{"cards_removed":["Carnage"],"damage_healed":0.0,"max_hp_gain":0.0,"max_hp_loss":0.0,"gold_gain":0.0,"event_name":"Falling","player_choice":"Removed Attack","floor":36.0,"gold_loss":0.0,"damage_taken":0.0},{"damage_healed":0.0,"max_hp_gain":0.0,"max_hp_loss":0.0,"gold_gain":0.0,"event_name":"Mysterious Sphere","player_choice":"Fight","floor":37.0,"gold_loss":0.0,"damage_taken":0.0}],"is_beta":false,"boss_relics":[{"not_picked":["Philosopher\u0027s Stone","Lizard Tail"],"picked":"Mark of Pain"},{"not_picked":["Coffee Dripper","Busted Crown"],"picked":"Snecko Eye"}],"items_purged_floors":[2,20,28],"is_endless":false,"potions_floor_spawned":[4,7,8,10,16,18,33,37,39,42,44],"killed_by":"The Heart","ascension_level":12}