{"gold_per_floor":[119,119,132,5,5,5,31,31,31,50,66,100,110,110],"floor_reached":14,"playtime":361,"items_purged":["Strike_R"],"score":115,"play_id":"68358bf7-8289-45b7-b80b-8374e4ab9794","local_time":"20190414014223","is_ascension_mode":true,"campfire_choices":[{"floor":6,"key":"REST"}],"neow_cost":"PERCENT_DAMAGE","seed_source_timestamp":1841445005848700,"circlet_count":0,"master_deck":["Strike_R","Strike_R+1","Strike_R","Defend_R","Defend_R+1","Defend_R","Defend_R","Bash","Deep Breath","Impatience","Pommel Strike","Rampage","Shrug It Off","Flame Barrier","Thunderclap","Cleave"],"relics":["Burning Blood","Blue Candle","Calipers","Letter Opener"],"potions_floor_usage":[11,12,12,14],"damage_taken":[{"damage":15,"enemies":"2 Louse","floor":1,"turns":3},{"damage":0,"enemies":"Small Slimes","floor":3,"turns":3},{"damage":35,"enemies":"Gremlin Nob","floor":7,"turns":4},{"damage":6,"enemies":"Jaw Worm","floor":10,"turns":3},{"damage":10,"enemies":"2 Fungi Beasts","floor":11,"turns":4},{"damage":18,"enemies":"3 Sentries","floor":12,"turns":8},{"damage":10,"enemies":"3 Louse","floor":13,"turns":3},{"damage":20,"enemies":"Lagavulin","floor":14,"turns":2}],"seed_played":"-1949746918534285617","potions_obtained":[{"floor":3,"key":"Explosive Potion"},{"floor":11,"key":"Energy Potion"},{"floor":12,"key":"FearPotion"},{"floor":13,"key":"Ancient Potion"}],"is_trial":false,"path_per_floor":["M","?","M","$","?","R","E","?","T","M","M","E","M","E"],"character_chosen":"IRONCLAD","items_purchased":["Block Potion"],"campfire_rested":1,"item_purchase_floors":[4],"current_hp_per_floor":[47,47,53,53,37,61,32,32,32,32,28,16,12,0],"gold":110,"neow_bonus":"RANDOM_COLORLESS_2","is_prod":false,"is_daily":false,"chose_seed":false,"campfire_upgraded":0,"win_rate":0,"timestamp":1555195343,"path_taken":["M","?","M","$","?","R","E","?","T","M","M","E","M","E"],"build_version":"2019-01-23","purchased_purges":1,"victory":false,"max_hp_per_floor":[80,80,80,80,80,80,80,80,80,80,80,80,80,80],"card_choices":[{"not_picked":["Thunderclap","True Grit"],"picked":"Pommel Strike","floor":1},{"not_picked":["Warcry","Havoc"],"picked":"Rampage","floor":3},{"not_picked":["Immolate","Body Slam"],"picked":"Shrug It Off","floor":7},{"not_picked":["Twin Strike","Evolve","Anger"],"picked":"SKIP","floor":10},{"not_picked":["Flex","Rampage"],"picked":"Flame Barrier","floor":11},{"not_picked":["Combust","Anger"],"picked":"Thunderclap","floor":12},{"not_picked":["Wild Strike","Power Through"],"picked":"Cleave","floor":13}],"player_experience":284500,"relics_obtained":[{"floor":7,"key":"Blue Candle"},{"floor":9,"key":"Calipers"},{"floor":12,"key":"Letter Opener"}],"event_choices":[{"cards_removed":["Strike_R"],"damage_healed":0,"gold_gain":0,"player_choice":"Forget","damage_taken":0,"max_hp_gain":0,"max_hp_loss":0,"event_name":"Living Wall","floor":2,"gold_loss":0},{"damage_healed":0,"gold_gain":0,"player_choice":"Entered Light","damage_taken":16,"max_hp_gain":0,"max_hp_loss":0,"event_name":"Shining Light","floor":5,"gold_loss":0,"cards_upgraded":["Defend_R","Strike_R"]},{"damage_healed":0,"gold_gain":0,"player_choice":"Leave","damage_taken":0,"max_hp_gain":0,"max_hp_loss":0,"event_name":"The Cleric","floor":8,"gold_loss":0}],"is_beta":false,"boss_relics":[],"items_purged_floors":[4],"is_endless":false,"potions_floor_spawned":[3,11,12,13],"killed_by":"Lagavulin","ascension_level":3}