{"gold_per_floor":[119,119,134,152,166,200,213,227,254,36,36,53,85,104,104,206,206,224,224,174,174,191,191,204,234,234,249,249,281,281,313,313,418,418,429,359,370,470,488,488,40,59,138,138,163,174,185,204,204,204,204,204,31,56,56],"floor_reached":56,"playtime":3175,"items_purged":["Strike_G","Strike_G","Decay","Strike_G"],"score":1428,"play_id":"8ab9bd62-aa83-4cfb-8e98-1c54e424b842","local_time":"20190630131346","is_ascension_mode":false,"campfire_choices":[{"data":"Cloak And Dagger","floor":11,"key":"SMITH"},{"data":"Glass Knife","floor":15,"key":"SMITH"},{"data":"Panache","floor":23,"key":"SMITH"},{"data":"Neutralize","floor":28,"key":"SMITH"},{"data":"Finisher","floor":32,"key":"SMITH"},{"data":"Sucker Punch","floor":40,"key":"SMITH"},{"floor":44,"key":"RECALL"},{"data":"Well Laid Plans","floor":49,"key":"SMITH"},{"data":"Acrobatics","floor":52,"key":"SMITH"}],"neow_cost":"NONE","seed_source_timestamp":144340955639765,"circlet_count":0,"master_deck":["Defend_G","Defend_G","Defend_G","Defend_G","Defend_G","Strike_G","Strike_G","Survivor","Neutralize+1","Sucker Punch+1","Poisoned Stab","Glass Knife+1","Predator","Slice","Cloak And Dagger+1","Panache+1","Acrobatics+1","Cloak And Dagger+1","Well Laid Plans+1","Tools of the Trade","Well Laid Plans+1","Backflip+1","Cloak And Dagger+1","Acrobatics+1","Finisher+1","Deflect+1","Calculated Gamble+1","Tactician+1","Phantasmal Killer+1","PiercingWail+1","Backflip+1","Terror+1","Good Instincts+1","Pain","Dagger Throw+1"],"relics":["Ring of the Snake","FaceOfCleric","Kunai","Smiling Mask","Toxic Egg 2","Cursed Key","Happy Flower","Pen Nib","Nilry\u0027s Codex","Lantern","Busted Crown","Mummified Hand","Bag of Preparation","Bottled Lightning","Vajra","Art of War"],"potions_floor_usage":[0,0,6,6,13,18,33,39,39,50,50,55,55,55,55,55,55],"damage_taken":[{"damage":0,"enemies":"Small Slimes","floor":1,"turns":4},{"damage":0,"enemies":"Cultist","floor":3,"turns":5},{"damage":0,"enemies":"Jaw Worm","floor":4,"turns":4},{"damage":0,"enemies":"3 Louse","floor":5,"turns":3},{"damage":23,"enemies":"Gremlin Nob","floor":6,"turns":4},{"damage":1,"enemies":"Looter","floor":7,"turns":2},{"damage":5,"enemies":"Exordium Wildlife","floor":8,"turns":5},{"damage":0,"enemies":"Exordium Thugs","floor":12,"turns":4},{"damage":9,"enemies":"3 Sentries","floor":13,"turns":4},{"damage":0,"enemies":"Large Slime","floor":14,"turns":4},{"damage":13,"enemies":"Hexaghost","floor":16,"turns":10},{"damage":0,"enemies":"Spheric Guardian","floor":18,"turns":3},{"damage":0,"enemies":"Shell Parasite","floor":22,"turns":4},{"damage":1,"enemies":"Snake Plant","floor":24,"turns":4},{"damage":3,"enemies":"Gremlin Leader","floor":25,"turns":4},{"damage":0,"enemies":"Chosen and Byrds","floor":27,"turns":3},{"damage":0,"enemies":"Book of Stabbing","floor":29,"turns":5},{"damage":0,"enemies":"Gremlin Leader","floor":31,"turns":4},{"damage":0,"enemies":"Collector","floor":33,"turns":7},{"damage":0,"enemies":"3 Darklings","floor":35,"turns":2},{"damage":0,"enemies":"Orb Walker","floor":37,"turns":3},{"damage":0,"enemies":"3 Darklings","floor":39,"turns":3},{"damage":27,"enemies":"Transient","floor":42,"turns":5},{"damage":0,"enemies":"Reptomancer","floor":45,"turns":2},{"damage":1,"enemies":"Jaw Worm Horde","floor":46,"turns":3},{"damage":6,"enemies":"Maw","floor":47,"turns":4},{"damage":0,"enemies":"4 Shapes","floor":48,"turns":2},{"damage":20,"enemies":"Time Eater","floor":50,"turns":9},{"damage":6,"enemies":"Shield and Spear","floor":54,"turns":5},{"damage":30,"enemies":"The Heart","floor":55,"turns":9}],"seed_played":"3838914832250416314","potions_obtained":[{"floor":0,"key":"Fruit Juice"},{"floor":0,"key":"EssenceOfSteel"},{"floor":0,"key":"Fruit Juice"},{"floor":1,"key":"SkillPotion"},{"floor":4,"key":"Poison Potion"},{"floor":7,"key":"PowerPotion"},{"floor":8,"key":"Ancient Potion"},{"floor":16,"key":"AttackPotion"},{"floor":24,"key":"Energy Potion"},{"floor":33,"key":"PowerPotion"},{"floor":37,"key":"Strength Potion"},{"floor":39,"key":"Ancient Potion"},{"floor":45,"key":"Regen Potion"}],"is_trial":false,"path_per_floor":["M","?","M","M","M","E","M","M","T","$","R","M","E","M","R","B",null,"M","?","$","?","M","R","M","E","T","M","R","E","?","E","R","B",null,"M","?","M","?","M","R","$","M","T","R","E","M","M","M","R","B",null,"R","$","E","B",null],"character_chosen":"THE_SILENT","items_purchased":["Panache","Terror+1","Bag of Preparation","Good Instincts+1","EntropicBrew","GhostInAJar","Weak Potion"],"campfire_rested":0,"item_purchase_floors":[10,41,41,41,41,53,53],"current_hp_per_floor":[80,80,81,82,83,61,61,57,57,57,57,58,50,51,51,39,90,91,73,73,73,74,74,74,72,72,73,73,74,58,59,59,60,103,104,104,105,105,106,106,106,80,80,80,81,81,76,77,77,73,112,112,112,107,78],"gold":56,"neow_bonus":"THREE_SMALL_POTIONS","is_prod":false,"is_daily":false,"chose_seed":false,"campfire_upgraded":8,"win_rate":0,"timestamp":1561896826,"path_taken":["M","?","?","M","M","E","M","M","T","$","R","M","E","M","R","BOSS","M","?","$","?","M","R","M","E","T","M","R","E","?","E","R","BOSS","M","?","?","?","M","R","$","M","T","R","E","?","M","M","R","BOSS","R","$","E","BOSS"],"build_version":"2019-01-23","purchased_purges":4,"victory":true,"max_hp_per_floor":[80,80,81,82,83,84,85,86,86,86,86,87,88,89,89,90,90,91,96,96,96,97,97,98,99,99,100,100,101,101,102,102,103,103,104,104,105,105,106,106,106,107,107,107,108,109,110,111,111,112,112,112,112,113,114],"card_choices":[{"not_picked":["Setup","Concentrate"],"picked":"Sucker Punch","floor":1},{"not_picked":["Acrobatics","Outmaneuver"],"picked":"Poisoned Stab","floor":3},{"not_picked":["Prepared","Dash"],"picked":"Glass Knife","floor":4},{"not_picked":["Backflip","Bouncing Flask"],"picked":"Predator","floor":5},{"not_picked":["Concentrate","Flying Knee"],"picked":"Slice","floor":6},{"not_picked":["Heel Hook","Outmaneuver","Setup"],"picked":"SKIP","floor":7},{"not_picked":["Concentrate","Riddle With Holes"],"picked":"Cloak And Dagger","floor":8},{"not_picked":["Slice","Deadly Poison"],"picked":"Acrobatics","floor":12},{"not_picked":["Calculated Gamble","Underhanded Strike"],"picked":"Cloak And Dagger","floor":13},{"not_picked":["Underhanded Strike","Bane"],"picked":"Well Laid Plans","floor":14},{"not_picked":["Venomology+1","A Thousand Cuts"],"picked":"Tools of the Trade","floor":16},{"not_picked":["Slice","Bane+1"],"picked":"Well Laid Plans+1","floor":18},{"not_picked":["Poisoned Stab","Accuracy"],"picked":"Cloak And Dagger+1","floor":22},{"not_picked":["Reflex+1","Dagger Throw"],"picked":"Acrobatics+1","floor":24},{"not_picked":["Underhanded Strike","Caltrops"],"picked":"Finisher","floor":25},{"not_picked":["Dagger Spray","Predator"],"picked":"Deflect+1","floor":27},{"not_picked":["Noxious Fumes","Deadly Poison+1"],"picked":"Calculated Gamble+1","floor":29},{"not_picked":["Poisoned Stab","Acrobatics+1"],"picked":"Tactician+1","floor":31},{"not_picked":["Venomology+1","A Thousand Cuts"],"picked":"Phantasmal Killer+1","floor":33},{"not_picked":[],"picked":"PiercingWail+1","floor":35},{"not_picked":["Deadly Poison+1"],"picked":"SKIP","floor":37},{"not_picked":[],"picked":"Backflip+1","floor":39},{"not_picked":["PiercingWail+1"],"picked":"SKIP","floor":42},{"not_picked":["Deflect+1"],"picked":"SKIP","floor":45},{"not_picked":["Bane+1"],"picked":"SKIP","floor":46},{"not_picked":["Terror+1"],"picked":"SKIP","floor":47},{"not_picked":[],"picked":"Dagger Throw+1","floor":48},{"not_picked":["Catalyst+1"],"picked":"SKIP","floor":54}],"player_experience":1655604,"relics_obtained":[{"floor":6,"key":"Kunai"},{"floor":9,"key":"Smiling Mask"},{"floor":13,"key":"Toxic Egg 2"},{"floor":25,"key":"Happy Flower"},{"floor":29,"key":"Pen Nib"},{"floor":30,"key":"Nilry\u0027s Codex"},{"floor":31,"key":"Lantern"},{"floor":43,"key":"Bottled Lightning"},{"floor":45,"key":"Vajra"},{"floor":54,"key":"Art of War"}],"event_choices":[{"damage_healed":0,"gold_gain":0,"player_choice":"Trade","damage_taken":0,"relics_obtained":["FaceOfCleric"],"max_hp_gain":0,"max_hp_loss":0,"event_name":"FaceTrader","floor":2,"gold_loss":0},{"damage_healed":0,"gold_gain":0,"player_choice":"Shed Blood","damage_taken":23,"max_hp_gain":5,"max_hp_loss":0,"event_name":"Forgotten Altar","floor":19,"gold_loss":0},{"damage_healed":0,"gold_gain":0,"player_choice":"Read","damage_taken":0,"max_hp_gain":0,"max_hp_loss":0,"event_name":"The Library","floor":21,"gold_loss":0,"cards_obtained":["Backflip"]},{"damage_healed":0,"gold_gain":0,"player_choice":"Obtained Book","damage_taken":16,"max_hp_gain":0,"max_hp_loss":0,"event_name":"Cursed Tome","floor":30,"gold_loss":0},{"damage_healed":0,"gold_gain":0,"player_choice":"Paid Gold","damage_taken":0,"relics_obtained":["Mummified Hand"],"max_hp_gain":0,"max_hp_loss":0,"event_name":"WeMeetAgain","floor":36,"gold_loss":70},{"damage_healed":0,"gold_gain":100,"player_choice":"Pray","damage_taken":0,"max_hp_gain":0,"max_hp_loss":0,"event_name":"Golden Shrine","floor":38,"gold_loss":0}],"is_beta":false,"boss_relics":[{"not_picked":["WristBlade","Runic Pyramid"],"picked":"Cursed Key"},{"not_picked":["White Beast Statue","Snecko Eye"],"picked":"Busted Crown"}],"items_purged_floors":[10,20,41,53],"is_endless":false,"potions_floor_spawned":[1,4,7,8,16,24,27,31,33,37,39,45,46],"ascension_level":0}