{"gold_per_floor":[359,377,377,401,157,157,169,169,195,223,223,123,155,155,155,252,252,270,97,97,97,97,113,123,158,158,187,187,217,236,256,256,256],"floor_reached":33,"playtime":827,"items_purged":["Strike_R","Strike_R","Defend_R"],"score":342,"play_id":"ffa00482-199c-4511-b299-eafc34365129","local_time":"20190413212026","is_ascension_mode":true,"campfire_choices":[{"floor":6,"key":"REST"},{"data":"Armaments","floor":8,"key":"SMITH"},{"data":"Flex","floor":11,"key":"SMITH"},{"data":"Iron Wave","floor":15,"key":"SMITH"},{"floor":28,"key":"REST"},{"floor":32,"key":"REST"}],"neow_cost":"PERCENT_DAMAGE","seed_source_timestamp":1825261028044200,"circlet_count":0,"master_deck":["Defend_R","Bash","Armaments+1","Thunderclap","Flex+1","Cleave","Iron Wave+1","Inflame","Demon Form","Shockwave+1","Rage+1","Armaments+1","Thunderclap","Rage","Normality","Limit Break","Dropkick+1","Cleave+1","Heavy Blade"],"relics":["Burning Blood","PreservedInsect","Dream Catcher","Lantern","Unceasing Top","Vajra","Cursed Key","Orichalcum","Blue Candle","War Paint","Art of War"],"potions_floor_usage":[10,25,25,25,31],"damage_taken":[{"damage":10,"enemies":"Cultist","floor":1,"turns":5},{"damage":5,"enemies":"Small Slimes","floor":2,"turns":3},{"damage":12,"enemies":"Jaw Worm","floor":7,"turns":2},{"damage":4,"enemies":"3 Sentries","floor":10,"turns":4},{"damage":14,"enemies":"Gremlin Nob","floor":13,"turns":3},{"damage":53,"enemies":"Hexaghost","floor":16,"turns":10},{"damage":8,"enemies":"2 Thieves","floor":18,"turns":3},{"damage":28,"enemies":"Spheric Guardian","floor":23,"turns":4},{"damage":10,"enemies":"Shelled Parasite and Fungi","floor":24,"turns":3},{"damage":21,"enemies":"Slavers","floor":25,"turns":2},{"damage":13,"enemies":"Gremlin Leader","floor":27,"turns":4},{"damage":29,"enemies":"Slavers","floor":29,"turns":2},{"damage":13,"enemies":"Snecko","floor":30,"turns":4},{"damage":2,"enemies":"Snake Plant","floor":31,"turns":3},{"damage":57,"enemies":"Champ","floor":33,"turns":7}],"seed_played":"3498515433097428660","potions_obtained":[{"floor":1,"key":"Energy Potion"},{"floor":16,"key":"SmokeBomb"},{"floor":18,"key":"Strength Potion"},{"floor":23,"key":"LiquidBronze"},{"floor":27,"key":"Dexterity Potion"}],"is_trial":false,"path_per_floor":["M","M","?","T","$","R","M","R","T","E","R","$","E","?","R","B",null,"M","$","?","?","?","M","M","E","T","E","R","E","M","M","R","B"],"character_chosen":"IRONCLAD","items_purchased":["Flex","Dream Catcher","SteroidPotion"],"campfire_rested":3,"item_purchase_floors":[5,5,19],"current_hp_per_floor":[52,53,46,46,46,70,64,64,64,66,66,66,58,58,58,11,80,78,78,78,78,78,56,52,37,37,30,54,31,24,28,52,0],"gold":256,"neow_bonus":"TWO_FIFTY_GOLD","is_prod":false,"is_daily":false,"chose_seed":false,"campfire_upgraded":3,"win_rate":0,"timestamp":1555179626,"path_taken":["M","?","?","?","$","R","M","R","T","E","R","$","E","?","R","BOSS","M","$","?","?","?","M","M","E","T","E","R","E","?","M","R","BOSS"],"build_version":"2019-01-23","purchased_purges":3,"victory":false,"max_hp_per_floor":[80,80,80,80,80,80,80,80,80,80,80,80,80,80,80,80,80,80,80,80,80,80,80,80,80,80,80,80,80,80,80,80,80],"card_choices":[{"not_picked":["Feel No Pain","True Grit"],"picked":"Armaments","floor":1},{"not_picked":["Shrug It Off","Juggernaut"],"picked":"Thunderclap","floor":2},{"not_picked":["Evolve","Whirlwind"],"picked":"Cleave","floor":7},{"not_picked":["Body Slam","Clothesline"],"picked":"Iron Wave","floor":10},{"not_picked":["Shockwave","Body Slam"],"picked":"Inflame","floor":13},{"not_picked":["Double Tap","Bludgeon"],"picked":"Demon Form","floor":16},{"not_picked":["Twin Strike","Havoc","Fire Breathing"],"picked":"SKIP","floor":18},{"not_picked":["Sword Boomerang","Rupture"],"picked":"Armaments+1","floor":23},{"not_picked":["Havoc","Seeing Red"],"picked":"Thunderclap","floor":24},{"not_picked":["Perfected Strike","Reckless Charge+1"],"picked":"Rage","floor":25},{"not_picked":["Burning Pact","Havoc"],"picked":"Limit Break","floor":27},{"not_picked":["Rampage","Clash","Body Slam"],"picked":"SKIP","floor":29},{"not_picked":["Sentinel","Wild Strike"],"picked":"Dropkick+1","floor":30},{"not_picked":["Clothesline+1","Searing Blow"],"picked":"Cleave+1","floor":31},{"not_picked":["Impervious","Clash"],"picked":"Heavy Blade","floor":32}],"player_experience":269821,"relics_obtained":[{"floor":4,"key":"PreservedInsect"},{"floor":9,"key":"Lantern"},{"floor":10,"key":"Unceasing Top"},{"floor":13,"key":"Vajra"},{"floor":25,"key":"Orichalcum"},{"floor":26,"key":"Blue Candle"},{"floor":27,"key":"War Paint"},{"floor":29,"key":"Art of War"}],"event_choices":[{"cards_removed":["Defend_R"],"damage_healed":0,"gold_gain":0,"player_choice":"Card Removal","damage_taken":7,"max_hp_gain":0,"max_hp_loss":0,"event_name":"Golden Wing","floor":3,"gold_loss":0},{"cards_removed":["Strike_R"],"damage_healed":0,"gold_gain":0,"player_choice":"Forget","damage_taken":0,"max_hp_gain":0,"max_hp_loss":0,"event_name":"Living Wall","floor":14,"gold_loss":0},{"damage_healed":0,"gold_gain":0,"player_choice":"Ignored","damage_taken":0,"max_hp_gain":0,"max_hp_loss":0,"event_name":"Ghosts","floor":20,"gold_loss":0},{"damage_healed":0,"gold_gain":0,"cards_transformed":["Defend_R","Strike_R"],"player_choice":"Became Test Subject","damage_taken":0,"max_hp_gain":0,"max_hp_loss":0,"event_name":"Drug Dealer","floor":21,"gold_loss":0,"cards_obtained":["Shockwave","Rage"]},{"cards_removed":["Strike_R"],"damage_healed":0,"gold_gain":0,"player_choice":"Purged","damage_taken":0,"max_hp_gain":0,"max_hp_loss":0,"event_name":"Purifier","floor":22,"gold_loss":0}],"is_beta":false,"boss_relics":[{"not_picked":["Eternal Feather","Tiny House"],"picked":"Cursed Key"}],"items_purged_floors":[5,12,19],"is_endless":false,"potions_floor_spawned":[1,16,18,23,27],"killed_by":"Champ","ascension_level":2}