{"gold_per_floor":[110,129,141,141,41,41,116,147,147,163,163,193,210,243,243,342,342,361,361,379,396,311,346,346,346,373,125,143,176,176,193,193,193],"floor_reached":33,"playtime":2379,"items_purged":["Defend_R","Rupture"],"score":361,"play_id":"a9a9955b-e4d6-42c8-a62d-409d4185534e","local_time":"20190925154219","is_ascension_mode":true,"campfire_choices":[{"data":"Armaments","floor":6,"key":"SMITH"},{"data":"Metallicize","floor":11,"key":"SMITH"},{"data":"Spot Weakness","floor":15,"key":"SMITH"},{"data":"Entrench","floor":24,"key":"SMITH"},{"floor":30,"key":"REST"},{"floor":32,"key":"REST"}],"neow_cost":"NONE","seed_source_timestamp":0,"circlet_count":0,"master_deck":["Defend_R","Defend_R","Bash+1","Armaments+1","Metallicize+1","Shrug It Off","Pommel Strike","Spot Weakness+1","Shrug It Off","Heavy Blade","Body Slam","Sentinel","Juggernaut","Iron Wave+1","Exhume","Rampage","Entrench+1","Bite","Bite","Bite","Bite","Bite","Body Slam","Evolve","Battle Trance+1","Twin Strike"],"special_seed":0,"relics":["Burning Blood","Blue Candle","Lantern","Dodecahedron","Velvet Choker","Boot","Charon\u0027s Ashes","Dream Catcher","Vajra","Bird Faced Urn"],"potions_floor_usage":[12,14,14,14,23,23,29,33],"damage_taken":[{"damage":3,"enemies":"2 Louse","floor":1,"turns":3},{"damage":0,"enemies":"Small Slimes","floor":2,"turns":3},{"damage":7,"enemies":"Jaw Worm","floor":3,"turns":3},{"damage":11,"enemies":"3 Sentries","floor":8,"turns":10},{"damage":9,"enemies":"Exordium Wildlife","floor":10,"turns":4},{"damage":14,"enemies":"Lagavulin","floor":12,"turns":7},{"damage":10,"enemies":"Gremlin Gang","floor":13,"turns":6},{"damage":5,"enemies":"3 Sentries","floor":14,"turns":6},{"damage":26,"enemies":"The Guardian","floor":16,"turns":9},{"damage":11,"enemies":"Spheric Guardian","floor":18,"turns":3},{"damage":14,"enemies":"Chosen","floor":20,"turns":5},{"damage":7,"enemies":"Centurion and Healer","floor":21,"turns":5},{"damage":39,"enemies":"Slavers","floor":23,"turns":4},{"damage":46,"enemies":"3 Cultists","floor":28,"turns":8},{"damage":23,"enemies":"Book of Stabbing","floor":29,"turns":5},{"damage":33,"enemies":"Snake Plant","floor":31,"turns":6},{"damage":68,"enemies":"Automaton","floor":33,"turns":6}],"seed_played":"2322017696878395845","potions_obtained":[{"floor":1,"key":"Dexterity Potion"},{"floor":8,"key":"SteroidPotion"},{"floor":10,"key":"GamblersBrew"},{"floor":12,"key":"Energy Potion"},{"floor":16,"key":"Fire Potion"},{"floor":21,"key":"PowerPotion"},{"floor":28,"key":"Fruit Juice"},{"floor":31,"key":"Swift Potion"}],"is_trial":false,"path_per_floor":["M","M","M","?","$","R","?","E","T","M","R","E","M","E","R","B",null,"M","?","M","M","?","E","R","?","T","$","M","E","R","M","R","B"],"character_chosen":"IRONCLAD","items_purchased":["Pommel Strike","Vajra"],"campfire_rested":2,"item_purchase_floors":[5,27],"current_hp_per_floor":[80,80,79,72,72,72,61,56,56,53,53,45,41,42,42,22,80,75,75,67,66,66,33,33,33,33,33,14,11,29,18,36,0],"gold":193,"neow_bonus":"UPGRADE_CARD","is_prod":false,"is_daily":false,"chose_seed":false,"campfire_upgraded":4,"win_rate":0,"timestamp":1569451339,"path_taken":["M","M","M","?","$","R","?","E","T","M","R","E","M","E","R","BOSS","M","?","M","M","?","E","R","?","T","$","?","E","R","M","R","BOSS"],"build_version":"2019-07-17","purchased_purges":2,"victory":false,"max_hp_per_floor":[80,80,80,80,80,80,80,80,80,80,80,80,80,80,80,80,80,80,80,80,80,80,80,80,56,56,56,56,61,61,61,61,61],"card_choices":[{"not_picked":["Havoc","Perfected Strike"],"picked":"Armaments","floor":1},{"not_picked":["Thunderclap","Pommel Strike"],"picked":"Metallicize","floor":2},{"not_picked":["Twin Strike","Headbutt"],"picked":"Shrug It Off","floor":3},{"not_picked":["Exhume","Ghostly Armor"],"picked":"Spot Weakness","floor":8},{"not_picked":["Intimidate","Flame Barrier"],"picked":"Shrug It Off","floor":10},{"not_picked":["Anger","Armaments"],"picked":"Heavy Blade","floor":12},{"not_picked":["Carnage","Iron Wave"],"picked":"Body Slam","floor":13},{"not_picked":["Disarm","Wild Strike"],"picked":"Sentinel","floor":14},{"not_picked":["Double Tap","Bludgeon"],"picked":"Juggernaut","floor":16},{"not_picked":["Body Slam","Clothesline"],"picked":"Iron Wave+1","floor":18},{"not_picked":["Anger","Blood for Blood","Searing Blow"],"picked":"SKIP","floor":20},{"not_picked":["Cleave","Wild Strike+1"],"picked":"Rampage","floor":21},{"not_picked":["Havoc+1","Sword Boomerang"],"picked":"Entrench","floor":23},{"not_picked":["Pommel Strike","Burning Pact","Carnage"],"picked":"SKIP","floor":28},{"not_picked":["Feed","Heavy Blade+1"],"picked":"Body Slam","floor":29},{"not_picked":["Hemokinesis","Spot Weakness+1"],"picked":"Evolve","floor":30},{"not_picked":["Havoc","Shrug It Off"],"picked":"Battle Trance+1","floor":31},{"not_picked":["Iron Wave+1","Clash"],"picked":"Twin Strike","floor":32}],"player_experience":182367,"relics_obtained":[{"floor":8,"key":"Blue Candle"},{"floor":12,"key":"Lantern"},{"floor":14,"key":"Dodecahedron"},{"floor":23,"key":"Charon\u0027s Ashes"},{"floor":26,"key":"Dream Catcher"},{"floor":29,"key":"Bird Faced Urn"}],"event_choices":[{"cards_removed":["Defend_R"],"damage_healed":0,"gold_gain":0,"player_choice":"Card Removal","damage_taken":7,"max_hp_gain":0,"max_hp_loss":0,"event_name":"Golden Wing","floor":4,"gold_loss":0},{"damage_healed":0,"gold_gain":75,"player_choice":"Gather Gold","damage_taken":11,"max_hp_gain":0,"max_hp_loss":0,"event_name":"World of Goop","floor":7,"gold_loss":0},{"damage_healed":0,"gold_gain":0,"cards_transformed":["Strike_R","Strike_R"],"player_choice":"Became Test Subject","damage_taken":0,"max_hp_gain":0,"max_hp_loss":0,"event_name":"Drug Dealer","floor":19,"gold_loss":0,"cards_obtained":["Exhume","Rupture"]},{"damage_healed":0,"gold_gain":0,"player_choice":"Obtained Relic","damage_taken":0,"relics_obtained":["Boot"],"max_hp_gain":0,"max_hp_loss":0,"event_name":"Addict","floor":22,"gold_loss":85},{"damage_healed":0,"gold_gain":0,"player_choice":"Became a vampire","damage_taken":0,"max_hp_gain":0,"max_hp_loss":24,"event_name":"Vampires","floor":25,"gold_loss":0,"cards_obtained":["Bite","Bite","Bite","Bite","Bite"]}],"is_beta":false,"boss_relics":[{"not_picked":["Runic Dome","Fusion Hammer"],"picked":"Velvet Choker"}],"items_purged_floors":[5,27],"is_endless":false,"potions_floor_spawned":[1,8,10,12,16,21,28,31],"killed_by":"Automaton","ascension_level":2}