{"gold_per_floor":[116,116,136,160,175,175,204,221,221,221,240,253,37,63,63,162,162,178,178,78,1,1,1,1,1,1,1,57,57,57,12,12,12],"floor_reached":33,"playtime":730,"items_purged":["Defend_R","Strike_R"],"score":338,"play_id":"a163333c-a669-421c-bdfc-9ebce2bf12da","local_time":"20190419120438","is_ascension_mode":true,"campfire_choices":[{"data":"Metallicize","floor":6,"key":"SMITH"},{"data":"Armaments","floor":15,"key":"SMITH"},{"data":"Limit Break","floor":23,"key":"SMITH"},{"data":"Armaments","floor":25,"key":"SMITH"},{"data":"Demon Form","floor":30,"key":"SMITH"},{"floor":32,"key":"REST"}],"neow_cost":"NONE","seed_source_timestamp":2310407177828400,"circlet_count":0,"master_deck":["Strike_R","Strike_R","Defend_R","Defend_R","Defend_R+1","Bash","Infernal Blade+1","Ghostly Armor","Metallicize+1","Dropkick","True Grit","Armaments+1","Infernal Blade","Demon Form+1","Armaments+1","Limit Break+1","Heavy Blade","Inflame","Iron Wave"],"relics":["Burning Blood","Potion Belt","Ice Cream","Singing Bowl","War Paint","Sozu","Bottled Tornado","Tiny Chest"],"potions_floor_usage":[7,7,28,28,33],"damage_taken":[{"damage":3,"enemies":"2 Louse","floor":1,"turns":3},{"damage":10,"enemies":"Cultist","floor":3,"turns":5},{"damage":3,"enemies":"Small Slimes","floor":5,"turns":3},{"damage":10,"enemies":"Gremlin Nob","floor":7,"turns":4},{"damage":5,"enemies":"2 Fungi Beasts","floor":8,"turns":3},{"damage":11,"enemies":"Looter","floor":11,"turns":2},{"damage":3,"enemies":"Blue Slaver","floor":12,"turns":4},{"damage":15,"enemies":"3 Sentries","floor":14,"turns":11},{"damage":11,"enemies":"Slime Boss","floor":16,"turns":8},{"damage":22,"enemies":"Spheric Guardian","floor":18,"turns":5},{"damage":70,"enemies":"Gremlin Leader","floor":28,"turns":5},{"damage":71,"enemies":"Collector","floor":33,"turns":6}],"seed_played":"1731679691429200806","potions_obtained":[{"floor":1,"key":"Regen Potion"},{"floor":2,"key":"SneckoOil"},{"floor":2,"key":"Regen Potion"},{"floor":2,"key":"SkillPotion"},{"floor":5,"key":"EssenceOfSteel"},{"floor":14,"key":"EntropicBrew"},{"floor":16,"key":"Energy Potion"}],"is_trial":false,"path_per_floor":["M","?","M","T","M","R","E","M","T","?","M","M","$","E","R","B",null,"M","?","$","$","?","R","$","R","T","$","E","?","R","$","R","B"],"character_chosen":"IRONCLAD","items_purchased":["Demon Form","Inflame","Iron Wave"],"campfire_rested":1,"item_purchase_floors":[13,21,31],"current_hp_per_floor":[88,88,84,84,87,87,83,84,84,76,71,74,74,65,65,60,88,72,72,72,72,72,72,72,72,72,72,29,29,29,29,56,0],"gold":12,"neow_bonus":"TEN_PERCENT_HP_BONUS","is_prod":false,"is_daily":false,"chose_seed":false,"campfire_upgraded":5,"win_rate":0,"timestamp":1555664678,"path_taken":["M","?","?","?","M","R","E","M","T","?","M","?","$","E","R","BOSS","M","?","?","$","?","R","$","R","T","$","E","?","R","?","R","BOSS"],"build_version":"2019-01-23","purchased_purges":2,"victory":false,"max_hp_per_floor":[88,88,88,88,88,88,88,88,88,88,88,88,88,88,88,88,88,88,88,88,88,88,88,88,88,88,88,90,90,90,90,90,90],"card_choices":[{"not_picked":["Twin Strike","Second Wind"],"picked":"Infernal Blade","floor":1},{"not_picked":["Combust","Heavy Blade"],"picked":"Ghostly Armor","floor":3},{"not_picked":["Clash","Combust"],"picked":"Metallicize","floor":5},{"not_picked":["Anger","Inflame"],"picked":"Dropkick","floor":7},{"not_picked":["Warcry","Twin Strike"],"picked":"True Grit","floor":8},{"not_picked":["Power Through","Perfected Strike"],"picked":"Armaments","floor":11},{"not_picked":["Intimidate","Heavy Blade"],"picked":"Infernal Blade","floor":12},{"not_picked":["Heavy Blade","Cleave"],"picked":"Armaments","floor":14},{"not_picked":["Berserk","Double Tap"],"picked":"Limit Break","floor":16},{"not_picked":["Cleave","Reckless Charge"],"picked":"Heavy Blade","floor":18},{"not_picked":["Whirlwind","Wild Strike","Brutality"],"picked":"Singing Bowl","floor":28}],"player_experience":317985,"relics_obtained":[{"floor":4,"key":"Potion Belt"},{"floor":7,"key":"Ice Cream"},{"floor":9,"key":"Singing Bowl"},{"floor":14,"key":"War Paint"},{"floor":26,"key":"Bottled Tornado"},{"floor":28,"key":"Tiny Chest"}],"event_choices":[{"damage_healed":0,"gold_gain":0,"player_choice":"Got Potions","damage_taken":0,"max_hp_gain":0,"max_hp_loss":0,"event_name":"Lab","floor":2,"gold_loss":0},{"damage_healed":0,"gold_gain":0,"player_choice":"Damaged","damage_taken":8,"max_hp_gain":0,"max_hp_loss":0,"event_name":"Wheel of Change","floor":10,"gold_loss":0},{"cards_removed":["Strike_R"],"damage_healed":0,"gold_gain":0,"player_choice":"Offered Basic","damage_taken":0,"max_hp_gain":0,"max_hp_loss":0,"event_name":"Bonfire Elementals","floor":19,"gold_loss":0},{"cards_removed":["Strike_R"],"damage_healed":0,"gold_gain":0,"player_choice":"Elegance","damage_taken":0,"max_hp_gain":0,"max_hp_loss":0,"event_name":"Back to Basics","floor":22,"gold_loss":0},{"damage_healed":0,"gold_gain":0,"player_choice":"Ignored","damage_taken":0,"max_hp_gain":0,"max_hp_loss":0,"event_name":"Beggar","floor":29,"gold_loss":0}],"is_beta":false,"boss_relics":[{"not_picked":["White Beast Statue","Runic Cube"],"picked":"Sozu"}],"items_purged_floors":[13,20],"is_endless":false,"potions_floor_spawned":[1,3,5,14,16,18],"killed_by":"Collector","ascension_level":3}