{"gold_per_floor":[113,113,38,53,73,73,107,125,150,150,150,161,175,204,204,308,308,325,8,8,8,21,21,49,49],"floor_reached":25,"playtime":1300,"items_purged":["Strike_B"],"score":335,"play_id":"b8123eb1-d8e9-4aee-8e52-ac7627f7eaf9","local_time":"20191020154906","is_ascension_mode":true,"campfire_choices":[{"data":"Tempest","floor":6,"key":"SMITH"},{"floor":11,"key":"REST"},{"floor":15,"key":"REST"},{"data":"Thunder Strike","floor":23,"key":"SMITH"}],"neow_cost":"NONE","seed_source_timestamp":251785634156600,"circlet_count":0,"master_deck":["Defend_B","Defend_B","Defend_B","Defend_B","Zap","Dualcast","Thunder Strike+1","Cold Snap","Tempest+1","Coolheaded","Double Energy","Coolheaded","Self Repair","Leap","Hologram","Sweeping Beam","Buffer","Ball Lightning","Defragment","Conserve Battery","Thunder Strike","Barrage"],"relics":["Cracked Core","Blood Vial","Dream Catcher","Coffee Dripper","Runic Capacitor","StoneCalendar"],"potions_floor_usage":[14,16,16,24,24],"damage_taken":[{"damage":8,"enemies":"Jaw Worm","floor":1,"turns":4},{"damage":0,"enemies":"Cultist","floor":4,"turns":3},{"damage":10,"enemies":"2 Louse","floor":5,"turns":3},{"damage":30,"enemies":"Lagavulin","floor":7,"turns":7},{"damage":1,"enemies":"Looter","floor":8,"turns":3},{"damage":0,"enemies":"2 Fungi Beasts","floor":12,"turns":4},{"damage":6,"enemies":"Blue Slaver","floor":13,"turns":3},{"damage":30,"enemies":"Gremlin Nob","floor":14,"turns":5},{"damage":28,"enemies":"Slime Boss","floor":16,"turns":14},{"damage":37,"enemies":"3 Byrds","floor":18,"turns":5},{"damage":15,"enemies":"Shell Parasite","floor":22,"turns":5},{"damage":68,"enemies":"Slavers","floor":24,"turns":6},{"damage":19,"enemies":"Cultist and Chosen","floor":25,"turns":4}],"seed_played":"5841433363116945737","potions_obtained":[{"floor":4,"key":"SteroidPotion"},{"floor":8,"key":"EssenceOfSteel"},{"floor":13,"key":"Explosive Potion"},{"floor":14,"key":"SteroidPotion"},{"floor":16,"key":"Weak Potion"},{"floor":24,"key":"Ancient Potion"}],"is_trial":false,"path_per_floor":["M","?","$","M","M","R","E","M","T","$","R","M","M","E","R","B",null,"M","$","?","?","M","R","E","M"],"character_chosen":"DEFECT","items_purchased":["Regen Potion","Runic Capacitor","Defragment"],"campfire_rested":2,"item_purchase_floors":[19,19,19],"current_hp_per_floor":[60,60,60,60,50,50,20,21,21,21,43,45,48,27,49,23,62,34,34,59,59,53,53,9,0],"gold":49,"neow_bonus":"ONE_RANDOM_RARE_CARD","is_prod":false,"is_daily":false,"chose_seed":false,"campfire_upgraded":2,"win_rate":0,"timestamp":1571611746,"path_taken":["M","?","$","M","M","R","E","M","T","?","R","M","M","E","R","BOSS","M","$","?","?","M","R","E","M"],"build_version":"2019-07-17","purchased_purges":1,"victory":false,"max_hp_per_floor":[75,75,75,75,75,75,75,75,75,75,75,75,75,75,75,75,75,75,75,75,75,75,75,75,75],"card_choices":[{"not_picked":["Beam Cell","Leap"],"picked":"Cold Snap","floor":1},{"not_picked":["Skim","Redo"],"picked":"Tempest","floor":4},{"not_picked":["Go for the Eyes","FTL"],"picked":"Coolheaded","floor":5},{"not_picked":["Gash","Compile Driver"],"picked":"Double Energy","floor":7},{"not_picked":["Hello World","Barrage"],"picked":"Coolheaded","floor":8},{"not_picked":["Capacitor","Streamline"],"picked":"Self Repair","floor":12},{"not_picked":["All For One","Chaos"],"picked":"Leap","floor":13},{"not_picked":["BootSequence","Beam Cell"],"picked":"Hologram","floor":14},{"not_picked":["Gash","Loop"],"picked":"Sweeping Beam","floor":15},{"not_picked":["Reboot","Creative AI"],"picked":"Buffer","floor":16},{"not_picked":["Gash","Conserve Battery+1"],"picked":"Ball Lightning","floor":18},{"not_picked":["Tempest","Gash","Cold Snap"],"picked":"SKIP","floor":22},{"not_picked":["Conserve Battery+1","Rip and Tear"],"picked":"Barrage","floor":24}],"player_experience":398907,"relics_obtained":[{"floor":7,"key":"Blood Vial"},{"floor":14,"key":"Dream Catcher"},{"floor":24,"key":"StoneCalendar"}],"event_choices":[{"cards_removed":["Strike_B"],"damage_healed":0,"gold_gain":0,"player_choice":"Purged","damage_taken":0,"max_hp_gain":0,"max_hp_loss":0,"event_name":"Purifier","floor":2,"gold_loss":0},{"damage_healed":25,"gold_gain":0,"player_choice":"Heal","damage_taken":0,"max_hp_gain":0,"max_hp_loss":0,"event_name":"The Library","floor":20,"gold_loss":0},{"damage_healed":0,"gold_gain":0,"cards_transformed":["Strike_B","Strike_B"],"player_choice":"Became Test Subject","damage_taken":0,"max_hp_gain":0,"max_hp_loss":0,"event_name":"Drug Dealer","floor":21,"gold_loss":0,"cards_obtained":["Conserve Battery","Thunder Strike"]}],"is_beta":false,"boss_relics":[{"not_picked":["FrozenCore","Cursed Key"],"picked":"Coffee Dripper"}],"items_purged_floors":[3],"is_endless":false,"potions_floor_spawned":[4,8,13,14,16,24],"killed_by":"Cultist and Chosen","ascension_level":9}