{"gold_per_floor":[117,192,211,6,23,23,48,48,48,48,59,73,88,107,107,205,205,215,91,91,91,91,91,91],"floor_reached":24,"playtime":1305,"items_purged":["Strike_B","Defend_B"],"score":218,"play_id":"dc4fbaaa-e56b-46e7-8447-e582314c337c","local_time":"20190921153811","is_ascension_mode":true,"campfire_choices":[{"data":"Defragment","floor":6,"key":"SMITH"},{"data":"Zap","floor":8,"key":"SMITH"},{"floor":10,"key":"REST"},{"floor":15,"key":"REST"},{"data":"Creative AI","floor":23,"key":"SMITH"}],"neow_cost":"NONE","seed_source_timestamp":420701422736000,"circlet_count":0,"master_deck":["Strike_B","Strike_B","Defend_B","Defend_B","Defend_B","Zap+1","Dualcast","Force Field","Tempest","Turbo","Defragment+1","Sweeping Beam","Heatsinks","Leap","Steam","Streamline","Creative AI+1","Go for the Eyes+1","Self Repair"],"relics":["Cracked Core","Bottled Flame","Smiling Mask","Eternal Feather","Nilry\u0027s Codex","Centennial Puzzle"],"potions_floor_usage":[12,13,16,18,20,24],"damage_taken":[{"damage":2,"enemies":"Jaw Worm","floor":1,"turns":3},{"damage":4,"enemies":"Small Slimes","floor":3,"turns":3},{"damage":5,"enemies":"2 Louse","floor":5,"turns":3},{"damage":28,"enemies":"Gremlin Nob","floor":7,"turns":5},{"damage":7,"enemies":"Looter","floor":11,"turns":3},{"damage":3,"enemies":"Exordium Wildlife","floor":12,"turns":2},{"damage":9,"enemies":"3 Louse","floor":13,"turns":3},{"damage":5,"enemies":"Lots of Slimes","floor":14,"turns":3},{"damage":35,"enemies":"Hexaghost","floor":16,"turns":10},{"damage":20,"enemies":"Shell Parasite","floor":18,"turns":6},{"damage":0,"enemies":"2 Thieves","floor":20,"turns":1},{"damage":56,"enemies":"Slavers","floor":24,"turns":3}],"seed_played":"3535653106738836175","potions_obtained":[{"floor":1,"key":"AttackPotion"},{"floor":5,"key":"SmokeBomb"},{"floor":12,"key":"Fruit Juice"},{"floor":13,"key":"SteroidPotion"},{"floor":14,"key":"Fire Potion"},{"floor":18,"key":"Poison Potion"}],"is_trial":false,"path_per_floor":["M","?","M","$","M","R","E","R","T","R","M","M","M","M","R","B",null,"M","$","M","?","?","R","E"],"character_chosen":"DEFECT","items_purchased":["Defragment","Sweeping Beam","Self Repair"],"campfire_rested":2,"item_purchase_floors":[4,4,19],"current_hp_per_floor":[73,62,58,58,53,53,25,25,25,47,40,37,33,28,52,17,80,60,60,60,44,44,53,0],"gold":91,"neow_bonus":"TRANSFORM_CARD","is_prod":false,"is_daily":false,"chose_seed":false,"campfire_upgraded":3,"win_rate":0,"timestamp":1569105491,"path_taken":["M","?","M","$","M","R","E","R","T","R","M","M","M","M","R","BOSS","M","$","M","?","?","R","E"],"build_version":"2019-07-17","purchased_purges":2,"victory":false,"max_hp_per_floor":[75,75,75,75,75,75,75,75,75,75,75,75,80,80,80,80,80,80,80,80,80,80,80,80],"card_choices":[{"not_picked":["Rip and Tear","Hello World"],"picked":"Tempest","floor":1},{"not_picked":["Scrape","Tempest"],"picked":"Turbo","floor":3},{"not_picked":["Steam","Skim"],"picked":"Heatsinks","floor":5},{"not_picked":["Creative AI","Storm","Stack"],"picked":"SKIP","floor":7},{"not_picked":["Sunder","Steam Power"],"picked":"Leap","floor":11},{"not_picked":["Rebound","Leap"],"picked":"Steam","floor":12},{"not_picked":["Barrage","Ball Lightning"],"picked":"Streamline","floor":13},{"not_picked":["Barrage","Streamline","Stack"],"picked":"SKIP","floor":14},{"not_picked":["Multi-Cast","Electrodynamics"],"picked":"Creative AI","floor":16},{"not_picked":["Conserve Battery","Coolheaded+1"],"picked":"Go for the Eyes+1","floor":18}],"player_experience":158428,"relics_obtained":[{"floor":7,"key":"Bottled Flame"},{"floor":9,"key":"Smiling Mask"},{"floor":21,"key":"Nilry\u0027s Codex"}],"event_choices":[{"damage_healed":0,"gold_gain":75,"player_choice":"Gather Gold","damage_taken":11,"max_hp_gain":0,"max_hp_loss":0,"event_name":"World of Goop","floor":2,"gold_loss":0},{"damage_healed":0,"gold_gain":0,"player_choice":"Obtained Book","damage_taken":16,"max_hp_gain":0,"max_hp_loss":0,"event_name":"Cursed Tome","floor":21,"gold_loss":0},{"damage_healed":0,"gold_gain":0,"player_choice":"Opened","damage_taken":0,"relics_obtained":["Centennial Puzzle"],"max_hp_gain":0,"max_hp_loss":0,"event_name":"The Mausoleum","floor":22,"gold_loss":0}],"is_beta":false,"boss_relics":[{"not_picked":["Runic Dome","Black Star"],"picked":"Eternal Feather"}],"items_purged_floors":[4,19],"is_endless":false,"potions_floor_spawned":[1,5,12,13,14,18,20],"killed_by":"Slavers","ascension_level":2}