{"gold_per_floor":[109,34,34,44,219,219,250,250,277,277,288,288,38,38,38,139,139,151,26,26,26,40,40,40,58,110,110,123,28,43,59,59,59],"floor_reached":33,"playtime":937,"items_purged":["Clumsy","Doubt","Strike_R"],"score":435,"play_id":"e6368f99-064b-4638-a19d-dc06f2cbcde9","local_time":"20191013111734","is_ascension_mode":true,"campfire_choices":[{"data":"Hemokinesis","floor":6,"key":"SMITH"},{"data":"Iron Wave","floor":10,"key":"SMITH"},{"data":"True Grit","floor":15,"key":"SMITH"},{"data":"Exhume","floor":23,"key":"SMITH"},{"data":"Wild Strike","floor":27,"key":"SMITH"},{"floor":32,"key":"REST"}],"neow_cost":"CURSE","seed_source_timestamp":598865112405300,"circlet_count":0,"master_deck":["Strike_R","Strike_R","Strike_R","Strike_R","Defend_R","Defend_R","Defend_R","Defend_R","Bash+1","Hemokinesis+1","Headbutt","Iron Wave+1","True Grit+1","Flash of Steel","Fiend Fire","Exhume+1","Wild Strike+1","Shrug It Off+1","Flame Barrier+1","Dropkick+1","Demon Form","Twin Strike+1"],"relics":["Burning Blood","Strawberry","Juzu Bracelet","NlothsMask","Pen Nib","Velvet Choker","Nloth\u0027s Gift"],"potions_floor_usage":[16,33,33],"damage_taken":[{"damage":9,"enemies":"Jaw Worm","floor":1,"turns":5},{"damage":3,"enemies":"Small Slimes","floor":4,"turns":3},{"damage":56,"enemies":"3 Sentries","floor":7,"turns":10},{"damage":3,"enemies":"2 Louse","floor":11,"turns":2},{"damage":2,"enemies":"Slime Boss","floor":16,"turns":5},{"damage":26,"enemies":"Spheric Guardian","floor":18,"turns":4},{"damage":12,"enemies":"2 Thieves","floor":22,"turns":4},{"damage":26,"enemies":"3 Cultists","floor":25,"turns":6},{"damage":16,"enemies":"Centurion and Healer","floor":28,"turns":8},{"damage":4,"enemies":"Chosen and Byrds","floor":30,"turns":5},{"damage":10,"enemies":"Snake Plant","floor":31,"turns":4},{"damage":77,"enemies":"Automaton","floor":33,"turns":6}],"seed_played":"7915909038551495187","potions_obtained":[{"floor":7,"key":"PowerPotion"},{"floor":18,"key":"Explosive Potion"},{"floor":31,"key":"SteroidPotion"}],"is_trial":false,"path_per_floor":["M","$","?","M","?","R","E","?","T","R","M","?","$","?","R","B",null,"M","$","?","?","M","R","?","M","T","R","M","$","M","M","R","B"],"character_chosen":"IRONCLAD","items_purchased":["Pen Nib","HeartOfIron"],"campfire_rested":1,"item_purchase_floors":[13,29],"current_hp_per_floor":[85,85,80,83,83,83,33,33,33,33,36,36,36,36,36,40,87,67,67,67,67,61,61,61,41,41,41,31,31,33,29,59,0],"gold":59,"neow_bonus":"TWENTY_PERCENT_HP_BONUS","is_prod":false,"is_daily":false,"chose_seed":false,"campfire_upgraded":5,"win_rate":0,"timestamp":1570954654,"path_taken":["M","$","?","M","?","R","E","?","T","R","M","?","?","?","R","BOSS","M","$","?","?","M","R","?","M","T","R","M","?","M","M","R","BOSS"],"build_version":"2019-10-11","purchased_purges":3,"victory":false,"max_hp_per_floor":[96,96,103,103,103,103,103,103,103,103,103,103,103,103,103,103,103,103,103,103,103,103,103,103,103,103,103,103,103,103,103,103,103],"card_choices":[{"not_picked":["Warcry","Sentinel"],"picked":"Hemokinesis","floor":1},{"not_picked":["Pommel Strike","Clothesline"],"picked":"Headbutt","floor":4},{"not_picked":["Sword Boomerang","Rampage"],"picked":"Iron Wave","floor":7},{"not_picked":["Heavy Blade","Clash"],"picked":"True Grit","floor":11},{"not_picked":["Juggernaut","Offering"],"picked":"Exhume","floor":16},{"not_picked":["Anger","Ghostly Armor"],"picked":"Wild Strike","floor":18},{"not_picked":["Perfected Strike","Warcry","Iron Wave"],"picked":"SKIP","floor":22},{"not_picked":["Armaments","Body Slam"],"picked":"Flame Barrier+1","floor":25},{"not_picked":["Perfected Strike","Havoc"],"picked":"Dropkick+1","floor":28},{"not_picked":["Flex+1","Wild Strike"],"picked":"Demon Form","floor":30},{"not_picked":["Whirlwind+1","Headbutt+1"],"picked":"Twin Strike+1","floor":31}],"player_experience":394719,"relics_obtained":[{"floor":7,"key":"Unceasing Top"},{"floor":9,"key":"Juzu Bracelet"}],"event_choices":[{"damage_healed":0,"gold_gain":0,"player_choice":"Success","damage_taken":12,"relics_obtained":["Strawberry"],"max_hp_gain":0,"max_hp_loss":0,"event_name":"Scrap Ooze","floor":3,"gold_loss":0},{"damage_healed":0,"gold_gain":175,"player_choice":"AGREE","damage_taken":0,"max_hp_gain":0,"max_hp_loss":0,"event_name":"Liars Game","floor":5,"gold_loss":0,"cards_obtained":["Doubt"]},{"damage_healed":0,"gold_gain":0,"player_choice":"Forge","damage_taken":0,"max_hp_gain":0,"max_hp_loss":0,"event_name":"Accursed Blacksmith","floor":8,"gold_loss":0,"cards_upgraded":["Bash"]},{"damage_healed":0,"gold_gain":0,"player_choice":"Trade","damage_taken":0,"relics_obtained":["NlothsMask"],"max_hp_gain":0,"max_hp_loss":0,"event_name":"FaceTrader","floor":12,"gold_loss":0},{"damage_healed":0,"gold_gain":0,"player_choice":"2 cards matched","damage_taken":0,"max_hp_gain":0,"max_hp_loss":0,"event_name":"Match and Keep!","floor":14,"gold_loss":0,"cards_obtained":["Flash of Steel","Fiend Fire"]},{"damage_healed":0,"gold_gain":0,"player_choice":"Traded Relic","damage_taken":0,"relics_obtained":["Nloth\u0027s Gift"],"max_hp_gain":0,"max_hp_loss":0,"event_name":"N\u0027loth","floor":20,"relics_lost":["Unceasing Top"],"gold_loss":0},{"damage_healed":0,"gold_gain":0,"player_choice":"Read","damage_taken":0,"max_hp_gain":0,"max_hp_loss":0,"event_name":"The Library","floor":21,"gold_loss":0,"cards_obtained":["Shrug It Off"]},{"damage_healed":0,"gold_gain":0,"player_choice":"Upgraded","damage_taken":0,"max_hp_gain":0,"max_hp_loss":0,"event_name":"Upgrade Shrine","floor":24,"gold_loss":0,"cards_upgraded":["Shrug It Off"]}],"is_beta":true,"boss_relics":[{"not_picked":["Empty Cage","Runic Pyramid"],"picked":"Velvet Choker"}],"items_purged_floors":[2,13,19],"is_endless":false,"potions_floor_spawned":[7,18,31],"killed_by":"Automaton","ascension_level":8}