{"gold_per_floor":[119,119,133,153,153,185,185,210,233,259,259,276,5,33,33,134,134,150,110,121,121,21,21,50,50,127,156,156,156,156,119,119,217,217,233,250,325,378,378,378,405,434,460,460,460,490,506,62,62,62,62,62,14],"floor_reached":53,"playtime":2009,"items_purged":["Strike_B","Strike_B","Strike_B"],"score":1095,"play_id":"a8d0c327-f586-43de-8231-ac0090c526d9","local_time":"20190908161945","is_ascension_mode":true,"campfire_choices":[{"data":"Dualcast","floor":7,"key":"SMITH"},{"data":"Ball Lightning","floor":11,"key":"SMITH"},{"floor":15,"key":"REST"},{"data":"Hologram","floor":23,"key":"SMITH"},{"floor":25,"key":"REST"},{"data":"Turbo","floor":29,"key":"SMITH"},{"floor":32,"key":"REST"},{"floor":40,"key":"REST"},{"floor":44,"key":"REST"},{"floor":49,"key":"RECALL"},{"floor":52,"key":"REST"}],"neow_cost":"NONE","seed_source_timestamp":16955582210800,"circlet_count":0,"master_deck":["AscendersBane","Defend_B","Defend_B+1","Defend_B","Defend_B+1","Zap+1","Dualcast+1","All For One","Steam","Ball Lightning+1","Turbo+1","Gash","Echo Form","Hologram+1","Gash","Hyperbeam","Undo","Creative AI","Steam","Steam Power","Self Repair+1","Loop+1","Doom and Gloom+1","Skim","Writhe","Heatsinks+1","Buffer","Compile Driver","Compile Driver+1"],"relics":["Cracked Core","Orichalcum","Juzu Bracelet","Vajra","Centennial Puzzle","Bag of Preparation","Bag of Marbles","Busted Crown","Potion Belt","Tiny Chest","Strawberry","Dream Catcher","Fusion Hammer","Nunchaku","Pen Nib","War Paint","PreservedInsect","Lantern"],"potions_floor_usage":[6,6,16,24,33,38,42,50,50,50],"damage_taken":[{"damage":1,"enemies":"2 Louse","floor":1,"turns":2},{"damage":2,"enemies":"Jaw Worm","floor":3,"turns":3},{"damage":5,"enemies":"Small Slimes","floor":4,"turns":3},{"damage":13,"enemies":"Gremlin Nob","floor":6,"turns":3},{"damage":8,"enemies":"3 Sentries","floor":8,"turns":5},{"damage":8,"enemies":"Red Slaver","floor":12,"turns":3},{"damage":10,"enemies":"Lagavulin","floor":14,"turns":6},{"damage":8,"enemies":"Slime Boss","floor":16,"turns":5},{"damage":0,"enemies":"Spheric Guardian","floor":18,"turns":3},{"damage":0,"enemies":"2 Thieves","floor":20,"turns":2},{"damage":17,"enemies":"Gremlin Leader","floor":24,"turns":4},{"damage":26,"enemies":"Book of Stabbing","floor":27,"turns":4},{"damage":26,"enemies":"Champ","floor":33,"turns":10},{"damage":5,"enemies":"3 Shapes","floor":35,"turns":3},{"damage":0,"enemies":"3 Darklings","floor":36,"turns":1},{"damage":22,"enemies":"2 Orb Walkers","floor":38,"turns":3},{"damage":44,"enemies":"Nemesis","floor":42,"turns":7},{"damage":39,"enemies":"Giant Head","floor":46,"turns":7},{"damage":6,"enemies":"Maw","floor":47,"turns":6},{"damage":67,"enemies":"Donu and Deca","floor":50,"turns":10}],"seed_played":"-701542104889836861","potions_obtained":[{"floor":1,"key":"SneckoOil"},{"floor":4,"key":"Strength Potion"},{"floor":8,"key":"Fire Potion"},{"floor":16,"key":"SteroidPotion"},{"floor":19,"key":"SpeedPotion"},{"floor":19,"key":"Strength Potion"},{"floor":24,"key":"PowerPotion"},{"floor":33,"key":"Fire Potion"},{"floor":38,"key":"GamblersBrew"},{"floor":42,"key":"EntropicBrew"}],"is_trial":false,"path_per_floor":["M","?","M","M","?","E","R","E","T","T","R","M","$","E","R","B",null,"M","?","M","?","$","R","E","R","T","E","?","R","?","$","R","B",null,"M","M","?","?","?","R","T","E","T","R","?","E","M","$","R","B",null,"R","$"],"character_chosen":"DEFECT","items_purchased":["Gash","Bag of Preparation","Steam Power","Buffer","Compile Driver","Lantern","PowerPotion"],"campfire_rested":6,"item_purchase_floors":[13,13,31,48,48,48,53],"current_hp_per_floor":[67,67,65,60,65,52,52,44,44,44,44,36,36,26,50,42,71,71,71,71,56,56,56,39,64,64,45,45,45,45,45,72,56,83,78,78,69,47,47,74,74,40,40,67,90,61,75,75,75,18,74,92,92],"gold":14,"neow_bonus":"TRANSFORM_CARD","is_prod":false,"is_daily":false,"chose_seed":false,"campfire_upgraded":4,"win_rate":0,"timestamp":1567955985,"path_taken":["M","?","M","M","?","E","R","E","T","?","R","M","$","E","R","BOSS","M","?","M","?","$","R","E","R","T","E","?","R","?","?","R","BOSS","M","M","?","?","?","R","?","E","T","R","?","E","M","?","R","BOSS","R","$"],"build_version":"2019-07-17","purchased_purges":3,"victory":false,"max_hp_per_floor":[75,75,75,75,80,80,80,80,80,80,80,80,80,80,80,80,80,80,80,80,85,85,85,85,85,85,92,92,92,92,92,92,92,92,92,92,92,92,92,92,92,92,92,92,92,92,92,92,92,92,92,92,92],"card_choices":[{"not_picked":["Fusion","Compile Driver"],"picked":"Steam","floor":1},{"not_picked":["Heatsinks","Conserve Battery"],"picked":"Ball Lightning","floor":3},{"not_picked":["Double Energy","Multi-Cast"],"picked":"Turbo","floor":4},{"not_picked":["Aggregate","Barrage"],"picked":"Gash","floor":6},{"not_picked":["Heatsinks","Storm"],"picked":"Echo Form","floor":8},{"not_picked":["Blizzard","Redo"],"picked":"Hologram","floor":12},{"not_picked":["Thunder Strike","Stack","Force Field"],"picked":"SKIP","floor":14},{"not_picked":["Multi-Cast","Amplify"],"picked":"Hyperbeam","floor":16},{"not_picked":["Blizzard+1"],"picked":"SKIP","floor":18},{"not_picked":[],"picked":"Undo","floor":20},{"not_picked":["Redo"],"picked":"SKIP","floor":24},{"not_picked":[],"picked":"Creative AI","floor":27},{"not_picked":[],"picked":"Self Repair+1","floor":32},{"not_picked":[],"picked":"Loop+1","floor":35},{"not_picked":[],"picked":"Doom and Gloom+1","floor":36},{"not_picked":[],"picked":"Skim","floor":42},{"not_picked":[],"picked":"Heatsinks+1","floor":46},{"not_picked":["Aggregate"],"picked":"SKIP","floor":47},{"not_picked":[],"picked":"Compile Driver+1","floor":52}],"player_experience":1916671,"relics_obtained":[{"floor":6,"key":"Orichalcum"},{"floor":8,"key":"Juzu Bracelet"},{"floor":9,"key":"Vajra"},{"floor":10,"key":"Centennial Puzzle"},{"floor":14,"key":"Bag of Marbles"},{"floor":24,"key":"Potion Belt"},{"floor":26,"key":"Tiny Chest"},{"floor":27,"key":"Strawberry"},{"floor":38,"key":"Nunchaku"},{"floor":42,"key":"Pen Nib"},{"floor":43,"key":"War Paint"},{"floor":46,"key":"PreservedInsect"}],"event_choices":[{"damage_healed":0,"gold_gain":0,"player_choice":"Grow","damage_taken":0,"max_hp_gain":0,"max_hp_loss":0,"event_name":"Living Wall","floor":2,"gold_loss":0,"cards_upgraded":["Zap"]},{"damage_healed":0,"gold_gain":0,"player_choice":"Donut","damage_taken":0,"max_hp_gain":5,"max_hp_loss":0,"event_name":"Big Fish","floor":5,"gold_loss":0},{"damage_healed":0,"gold_gain":0,"player_choice":"Bought 3 Potions","damage_taken":0,"max_hp_gain":0,"max_hp_loss":0,"event_name":"The Woman in Blue","floor":19,"gold_loss":0},{"damage_healed":0,"gold_gain":0,"player_choice":"Shed Blood","damage_taken":20,"max_hp_gain":5,"max_hp_loss":0,"event_name":"Forgotten Altar","floor":21,"gold_loss":0},{"damage_healed":0,"gold_gain":0,"player_choice":"Copied","damage_taken":0,"max_hp_gain":0,"max_hp_loss":0,"event_name":"Duplicator","floor":28,"gold_loss":0,"cards_obtained":["Steam"]},{"damage_healed":0,"gold_gain":0,"player_choice":"Gave Potion","damage_taken":0,"relics_obtained":["Dream Catcher"],"max_hp_gain":0,"max_hp_loss":0,"event_name":"WeMeetAgain","floor":30,"gold_loss":0},{"damage_healed":0,"gold_gain":75,"player_choice":"Touch","damage_taken":9,"max_hp_gain":0,"max_hp_loss":0,"event_name":"FaceTrader","floor":37,"gold_loss":0},{"damage_healed":0,"gold_gain":0,"player_choice":"Fight","damage_taken":0,"max_hp_gain":0,"max_hp_loss":0,"event_name":"Mysterious Sphere","floor":38,"gold_loss":0},{"damage_healed":0,"gold_gain":0,"player_choice":"Memory 1","damage_taken":0,"max_hp_gain":0,"max_hp_loss":0,"event_name":"SensoryStone","floor":39,"gold_loss":0},{"damage_healed":23,"gold_gain":0,"player_choice":"Writhe","damage_taken":0,"max_hp_gain":0,"max_hp_loss":0,"event_name":"Winding Halls","floor":45,"gold_loss":0,"cards_obtained":["Writhe"]}],"is_beta":false,"boss_relics":[{"not_picked":["Velvet Choker","Inserter"],"picked":"Busted Crown"},{"not_picked":["FrozenCore","Orrery"],"picked":"Fusion Hammer"}],"items_purged_floors":[13,22,48],"is_endless":false,"potions_floor_spawned":[1,4,8,16,24,33,38,42],"ascension_level":10}