{"gold_per_floor":[115,115,128,128,303,303,330,330,330,344,362,362,396,410,410,514,514,533,550,550,561,277,277],"floor_reached":23,"playtime":812,"items_purged":["Writhe"],"score":211,"play_id":"cabc8a89-940f-445d-a085-8a8fd0569765","local_time":"20180721231122","is_ascension_mode":true,"campfire_choices":[{"data":"Flex","floor":6,"key":"SMITH"},{"data":"Whirlwind","floor":8,"key":"SMITH"},{"floor":12,"key":"REST"},{"floor":15,"key":"REST"}],"neow_cost":"FIFTY_PERCENT_DAMAGE","seed_source_timestamp":635132647502080,"circlet_count":0,"master_deck":["Strike_R","Strike_R","Strike_R","Defend_R","Defend_R","Defend_R","Bash","Flex+1","Carnage","Whirlwind","Normality","Doubt","Whirlwind+1","Thunderclap","True Grit","Flame Barrier","Cleave","Thunderclap","Iron Wave","Limit Break","True Grit","Flex+1","Armaments+1","Heavy Blade+1","Inflame+1"],"relics":["Burning Blood","Dead Branch","Pantograph","Prayer Wheel","Frozen Egg 2","Meat on the Bone","Empty Cage","Molten Egg 2","Toolbox"],"potions_floor_usage":[7,16,19,23],"damage_taken":[{"damage":0,"enemies":"2 Louse","floor":1,"turns":3},{"damage":6,"enemies":"Cultist","floor":3,"turns":3},{"damage":12,"enemies":"Gremlin Nob","floor":7,"turns":4},{"damage":10,"enemies":"Small Slimes","floor":10,"turns":2},{"damage":14,"enemies":"Blue Slaver","floor":11,"turns":3},{"damage":12,"enemies":"3 Sentries","floor":13,"turns":3},{"damage":22,"enemies":"Large Slime","floor":14,"turns":5},{"damage":78,"enemies":"The Guardian","floor":16,"turns":13},{"damage":18,"enemies":"3 Byrds","floor":18,"turns":5},{"damage":16,"enemies":"2 Thieves","floor":19,"turns":4},{"damage":54,"enemies":"Centurion and Healer","floor":21,"turns":14},{"damage":32,"enemies":"Book of Stabbing","floor":23,"turns":3}],"seed_played":"1639436887516488566","potions_obtained":[{"floor":1,"key":"Block Potion"},{"floor":14,"key":"EssenceOfSteel"},{"floor":16,"key":"Dexterity Potion"},{"floor":18,"key":"GamblersBrew"}],"is_trial":false,"path_per_floor":["M","?","M","?","?","R","E","R","T","M","M","R","E","M","R","B",null,"M","M","?","M","$"],"character_chosen":"IRONCLAD","items_purchased":["Toolbox"],"campfire_rested":2,"item_purchase_floors":[22],"current_hp_per_floor":[46,46,46,46,46,46,40,40,40,36,28,52,46,42,66,20,80,68,58,58,22,22,0],"gold":277,"neow_bonus":"ONE_RARE_RELIC","is_prod":false,"is_daily":false,"chose_seed":false,"campfire_upgraded":2,"win_rate":0,"timestamp":1532203882,"path_taken":["M","?","M","?","?","R","E","R","T","M","M","R","E","M","R","BOSS","M","M","?","M","$","E"],"build_version":"2018-07-19v2","purchased_purges":1,"victory":false,"max_hp_per_floor":[80,80,80,80,80,80,80,80,80,80,80,80,80,80,80,80,80,80,80,80,80,80,80],"card_choices":[{"not_picked":["Intimidate","Headbutt"],"picked":"Flex","floor":1},{"not_picked":["Heavy Blade","Combust"],"picked":"Whirlwind","floor":3},{"not_picked":["Juggernaut","True Grit"],"picked":"Whirlwind","floor":7},{"not_picked":["Clash","Heavy Blade"],"picked":"Thunderclap","floor":10},{"not_picked":["Sentinel","Havoc"],"picked":"True Grit","floor":10},{"not_picked":["Warcry","Wild Strike"],"picked":"Flame Barrier","floor":11},{"not_picked":["Shockwave","Havoc"],"picked":"Cleave","floor":11},{"not_picked":["Disarm","Carnage","Pommel Strike"],"picked":"SKIP","floor":13},{"not_picked":["Second Wind","Pommel Strike"],"picked":"Thunderclap","floor":14},{"not_picked":["Sword Boomerang","Heavy Blade"],"picked":"Iron Wave","floor":14},{"not_picked":["Juggernaut+1","Bludgeon"],"picked":"Limit Break","floor":16},{"not_picked":["Entrench","Cleave"],"picked":"True Grit","floor":18},{"not_picked":["Perfected Strike","Ghostly Armor","Blood for Blood+1"],"picked":"SKIP","floor":18},{"not_picked":["Havoc+1","Iron Wave"],"picked":"Flex+1","floor":19},{"not_picked":["Wild Strike","Havoc"],"picked":"Armaments+1","floor":19},{"not_picked":["Twin Strike+1","Fire Breathing+1"],"picked":"Heavy Blade+1","floor":21},{"not_picked":["Sword Boomerang+1","Pummel+1"],"picked":"Inflame+1","floor":21}],"player_experience":161230,"relics_obtained":[{"floor":7,"key":"Prayer Wheel"},{"floor":9,"key":"Frozen Egg 2"},{"floor":13,"key":"Meat on the Bone"}],"event_choices":[{"event_name":"Transmorgrifier","player_choice":"Transform","floor":2,"damage_taken":0},{"event_name":"Accursed Blacksmith","player_choice":"Rummage","floor":4,"damage_taken":0},{"event_name":"Liars Game","player_choice":"agreed","floor":5,"damage_taken":0},{"event_name":"The Mausoleum","player_choice":"Yes","floor":20,"damage_taken":0}],"is_beta":false,"boss_relics":[{"not_picked":["Black Star","Astrolabe"],"picked":"Empty Cage"}],"items_purged_floors":[22],"is_endless":false,"potions_floor_spawned":[1,14,16,18],"killed_by":"Book of Stabbing","ascension_level":1}