{"gold_per_floor":[126,138,100,112,143,210,222,250,262,274,324,336,375,412,424,566,578,605,637,12,25,50,50,85,110,110,143,167,20,20,35,35,158,158,171,186,519,619,619,619,183,211,211,226,4,4,29,42,42,42],"floor_reached":51,"playtime":4392,"items_purged":["Strike_R","Strike_R","Strike_R"],"score":1132,"play_id":"586da902-d9e7-4091-8d5f-51b2d2bc7955","local_time":"20191020143749","is_ascension_mode":true,"campfire_choices":[{"data":"Armaments","floor":10.0,"key":"SMITH"},{"floor":12.0,"key":"REST"},{"data":"Corruption","floor":15.0,"key":"SMITH"},{"data":"Demon Form","floor":23.0,"key":"SMITH"},{"floor":32.0,"key":"REST"},{"data":"Dark Embrace","floor":40.0,"key":"SMITH"},{"data":"Offering","floor":46,"key":"SMITH"},{"data":"Sentinel","floor":49,"key":"SMITH"}],"neow_cost":"NONE","seed_source_timestamp":626137861821400,"circlet_count":0,"master_deck":["Defend_R+1","Defend_R","Defend_R","Bash","Armaments+1","Carnage","Shrug It Off","Impervious+1","Shrug It Off","Corruption+1","Demon Form+1","Pummel","Sword Boomerang","Burning Pact","Shrug It Off","Armaments","Dark Embrace+1","Armaments+1","Cleave+1","Sentinel+1","Heavy Blade+1","Offering+1","Sword Boomerang+1","Flame Barrier","Flex+1","Feel No Pain+1","Burning Pact+1","True Grit+1","Impervious+1","Sword Boomerang+1","Intimidate+1","Uppercut+1"],"special_seed":0,"relics":["Burning Blood","MawBank","The Courier","Tiny Chest","Charon\u0027s Ashes","Ancient Tea Set","Pen Nib","Runic Pyramid","Membership Card","Vajra","Paper Frog","Molten Egg 2","Potion Belt","Bottled Tornado","War Paint","Kunai","Blood Vial","Oddly Smooth Stone","Mark of Pain","Incense Burner","Letter Opener","Champion Belt","Lantern","PreservedInsect","Frozen Egg 2","Toxic Egg 2","Strange Spoon","Anchor"],"potions_floor_usage":[50,50,50,50,50],"damage_taken":[{"damage":0.0,"enemies":"Small Slimes","floor":1.0,"turns":3.0},{"damage":2.0,"enemies":"2 Louse","floor":5.0,"turns":3.0},{"damage":32.0,"enemies":"Lagavulin","floor":6.0,"turns":7.0},{"damage":4.0,"enemies":"Jaw Worm","floor":8.0,"turns":3.0},{"damage":20.0,"enemies":"Gremlin Nob","floor":11.0,"turns":4.0},{"damage":2.0,"enemies":"Lots of Slimes","floor":14.0,"turns":5.0},{"damage":51.0,"enemies":"Hexaghost","floor":16.0,"turns":12.0},{"damage":0.0,"enemies":"Spheric Guardian","floor":18.0,"turns":4.0},{"damage":0.0,"enemies":"Chosen","floor":19.0,"turns":4.0},{"damage":0.0,"enemies":"Snecko","floor":21.0,"turns":4.0},{"damage":13.0,"enemies":"Cultist and Chosen","floor":22.0,"turns":5.0},{"damage":3.0,"enemies":"Gremlin Leader","floor":24.0,"turns":5.0},{"damage":11.0,"enemies":"Centurion and Healer","floor":25.0,"turns":5.0},{"damage":47.0,"enemies":"Slavers","floor":27.0,"turns":6.0},{"damage":12.0,"enemies":"3 Cultists","floor":28.0,"turns":5.0},{"damage":22.0,"enemies":"Snake Plant","floor":31.0,"turns":6.0},{"damage":9.0,"enemies":"Automaton","floor":33.0,"turns":7.0},{"damage":10.0,"enemies":"Orb Walker","floor":35.0,"turns":3.0},{"damage":13.0,"enemies":"3 Darklings","floor":36.0,"turns":4.0},{"damage":0.0,"enemies":"Mind Bloom Boss Battle","floor":38.0,"turns":6.0},{"damage":6,"enemies":"Reptomancer","floor":42,"turns":2},{"damage":3,"enemies":"Spire Growth","floor":44,"turns":4},{"damage":3,"enemies":"Giant Head","floor":47,"turns":4},{"damage":6,"enemies":"Transient","floor":48,"turns":5},{"damage":12,"enemies":"Donu and Deca","floor":50,"turns":6}],"seed_played":"8711393966522446506","potions_obtained":[{"floor":5.0,"key":"Block Potion"},{"floor":11.0,"key":"Weak Potion"},{"floor":14.0,"key":"Poison Potion"},{"floor":22.0,"key":"AttackPotion"},{"floor":24.0,"key":"Block Potion"},{"floor":25.0,"key":"SkillPotion"},{"floor":28.0,"key":"EssenceOfSteel"},{"floor":42,"key":"PowerPotion"},{"floor":48,"key":"Dexterity Potion"}],"is_trial":false,"path_per_floor":["M","?","?","?","M","E","?","M","T","R","E","R","T","M","R","B",null,"M","M","$","M","M","R","E","M","T","E","M","$","?","M","R","B",null,"M","M","?","?","?","R","$","E","T","M","$","R","E","M","R","B",null],"character_chosen":"IRONCLAD","items_purchased":["Membership Card","Vajra","Burning Pact","Paper Frog","Molten Egg 2","Potion Belt","Bottled Tornado","Sentinel","Oddly Smooth Stone","Heavy Blade+1","Flame Barrier","Letter Opener","Champion Belt","Lantern","PreservedInsect","Strange Spoon","Burning Pact+1","True Grit+1","Impervious+1","Sword Boomerang+1","SkillPotion"],"campfire_rested":2,"item_purchase_floors":[20,20,20,20,20,20,20,29,29,29,41,41,41,41,41,45,45,45,45,45,45],"current_hp_per_floor":[78,75,75,80,84,58,37,39,39,39,25,50,50,54,54,9,66,72,78,78,84,77,77,80,75,75,34,30,30,30,16,41,40,74,72,67,67,75,75,75,75,77,77,82,82,82,85,85,85,79],"gold":42,"neow_bonus":"RANDOM_COMMON_RELIC","is_prod":false,"is_daily":false,"chose_seed":false,"campfire_upgraded":6,"win_rate":0,"timestamp":1571575069,"path_taken":["M","?","?","?","M","E","?","M","T","R","E","R","?","M","R","BOSS","M","M","$","M","M","R","E","M","T","E","M","$","?","M","R","BOSS","M","M","?","?","?","R","$","E","T","M","$","R","E","M","R","BOSS"],"build_version":"2019-07-17","purchased_purges":3,"victory":true,"max_hp_per_floor":[80,80,80,85,85,85,85,85,85,85,85,85,85,85,85,85,85,85,85,85,85,85,85,85,85,85,85,85,85,85,85,85,85,85,85,85,85,85,85,85,85,85,85,85,85,85,85,85,85,85],"card_choices":[{"not_picked":["True Grit","Heavy Blade"],"picked":"Armaments","floor":1.0},{"not_picked":["Infernal Blade","Sentinel"],"picked":"Carnage","floor":5.0},{"not_picked":["True Grit","Clash"],"picked":"Shrug It Off","floor":6.0},{"not_picked":["Fire Breathing","Entrench"],"picked":"Impervious","floor":8.0},{"not_picked":["Dual Wield","Iron Wave"],"picked":"Shrug It Off","floor":11.0},{"not_picked":["Shrug It Off","Sentinel"],"picked":"Corruption","floor":14.0},{"not_picked":["Immolate","Brutality"],"picked":"Demon Form","floor":16.0},{"not_picked":["Clash","Second Wind"],"picked":"Pummel","floor":18.0},{"not_picked":["Corruption","Infernal Blade"],"picked":"Sword Boomerang","floor":19.0},{"not_picked":["Body Slam+1","Thunderclap+1"],"picked":"Shrug It Off","floor":21.0},{"not_picked":["Fire Breathing+1","Thunderclap+1","Body Slam+1"],"picked":"SKIP","floor":22.0},{"not_picked":["Havoc+1","Headbutt+1"],"picked":"Armaments","floor":24.0},{"not_picked":["Clothesline+1","Ghostly Armor"],"picked":"Dark Embrace","floor":25.0},{"not_picked":["Demon Form","Body Slam+1"],"picked":"Armaments+1","floor":27.0},{"not_picked":["Bloodletting","Metallicize"],"picked":"Cleave+1","floor":28.0},{"not_picked":["Perfected Strike+1","Evolve","Clash+1"],"picked":"SKIP","floor":31.0},{"not_picked":["Fiend Fire+1","Impervious"],"picked":"Offering","floor":33.0},{"not_picked":["Second Wind","Pommel Strike+1"],"picked":"Sword Boomerang+1","floor":35.0},{"not_picked":["Body Slam+1","True Grit","Rampage+1"],"picked":"SKIP","floor":36.0},{"not_picked":["Heavy Blade+1","Berserk"],"picked":"Flex+1","floor":42},{"not_picked":["Rampage+1","Sword Boomerang+1"],"picked":"Feel No Pain+1","floor":44},{"not_picked":["Fire Breathing+1","Sentinel+1"],"picked":"Intimidate+1","floor":47},{"not_picked":["Anger+1","Headbutt+1"],"picked":"Uppercut+1","floor":48}],"player_experience":294600,"relics_obtained":[{"floor":6.0,"key":"Tiny Chest"},{"floor":9.0,"key":"Charon\u0027s Ashes"},{"floor":11.0,"key":"Ancient Tea Set"},{"floor":13.0,"key":"Pen Nib"},{"floor":24.0,"key":"War Paint"},{"floor":26.0,"key":"Kunai"},{"floor":27.0,"key":"Blood Vial"},{"floor":38.0,"key":"Incense Burner"},{"floor":42,"key":"Frozen Egg 2"},{"floor":43,"key":"Toxic Egg 2"},{"floor":47,"key":"Anchor"}],"event_choices":[{"damage_healed":0.0,"max_hp_gain":0.0,"max_hp_loss":0.0,"gold_gain":0.0,"event_name":"Scrap Ooze","player_choice":"Success","floor":2.0,"gold_loss":0.0,"damage_taken":3.0,"relics_obtained":["The Courier"]},{"cards_removed":["Strike_R"],"damage_healed":0.0,"max_hp_gain":0.0,"max_hp_loss":0.0,"gold_gain":0.0,"event_name":"The Cleric","player_choice":"Card Removal","floor":3.0,"gold_loss":50.0,"damage_taken":0.0},{"damage_healed":0.0,"max_hp_gain":5.0,"max_hp_loss":0.0,"gold_gain":0.0,"event_name":"Big Fish","player_choice":"Donut","floor":4.0,"gold_loss":0.0,"damage_taken":0.0},{"damage_healed":0.0,"max_hp_gain":0.0,"max_hp_loss":0.0,"gold_gain":0.0,"event_name":"Golden Idol","player_choice":"Take Damage","floor":7.0,"gold_loss":0.0,"damage_taken":21.0,"relics_obtained":["Golden Idol"]},{"cards_removed":["Strike_R"],"damage_healed":0.0,"max_hp_gain":0.0,"max_hp_loss":0.0,"gold_gain":0.0,"event_name":"Back to Basics","player_choice":"Elegance","floor":30.0,"gold_loss":0.0,"damage_taken":0.0},{"damage_healed":0.0,"max_hp_gain":0.0,"max_hp_loss":0.0,"gold_gain":333.0,"event_name":"The Moai Head","player_choice":"Gave Idol","floor":37.0,"relics_lost":["Golden Idol"],"gold_loss":0.0,"damage_taken":0.0},{"damage_healed":0.0,"max_hp_gain":0.0,"max_hp_loss":0.0,"gold_gain":0.0,"event_name":"MindBloom","player_choice":"Fight","floor":38.0,"gold_loss":0.0,"damage_taken":0.0},{"cards_removed":["Defend_R"],"damage_healed":0.0,"max_hp_gain":0.0,"max_hp_loss":0.0,"gold_gain":0.0,"event_name":"Falling","player_choice":"Removed Skill","floor":39.0,"gold_loss":0.0,"damage_taken":0.0}],"is_beta":false,"boss_relics":[{"not_picked":["Astrolabe","Busted Crown"],"picked":"Runic Pyramid"},{"not_picked":["Coffee Dripper","Runic Cube"],"picked":"Mark of Pain"}],"items_purged_floors":[20,29,41],"is_endless":false,"potions_floor_spawned":[5,11,14,22,24,25,28,42,47,48],"ascension_level":8}