{"gold_per_floor":[111,125,143,155,171,171,171,202,202,222,255,255,269,444,444,549,549,569,587,512,247,247,247],"floor_reached":23,"playtime":1325,"items_purged":["Strike_R"],"score":263,"play_id":"fdb61272-e890-4986-9478-206e3f624786","local_time":"20181002183018","is_ascension_mode":true,"campfire_choices":[{"floor":6,"key":"REST"},{"floor":12,"key":"REST"},{"data":"Feed","floor":15,"key":"SMITH"}],"neow_cost":"CURSE","seed_source_timestamp":250156794383714,"circlet_count":0,"master_deck":["Strike_R","Strike_R","Strike_R","Strike_R","Defend_R","Defend_R","Defend_R","Defend_R","Bash","Feed+1","Clothesline","Warcry","Flame Barrier","Power Through","Iron Wave","Brutality","Chrysalis"],"relics":["Burning Blood","Blue Candle","Pear","Singing Bowl","Runic Cube"],"potions_floor_usage":[11,16,16,16,19,23],"damage_taken":[{"damage":8,"enemies":"Cultist","floor":1,"turns":3},{"damage":13,"enemies":"Jaw Worm","floor":2,"turns":3},{"damage":0,"enemies":"2 Louse","floor":3,"turns":2},{"damage":26,"enemies":"Blue Slaver","floor":4,"turns":5},{"damage":42,"enemies":"Gremlin Gang","floor":5,"turns":5},{"damage":43,"enemies":"Gremlin Nob","floor":8,"turns":6},{"damage":3,"enemies":"3 Louse","floor":10,"turns":3},{"damage":26,"enemies":"3 Sentries","floor":11,"turns":10},{"damage":6,"enemies":"Blue Slaver","floor":13,"turns":5},{"damage":26,"enemies":"The Guardian","floor":16,"turns":12},{"damage":31,"enemies":"Chosen","floor":18,"turns":9},{"damage":20,"enemies":"3 Byrds","floor":19,"turns":6},{"damage":108,"enemies":"Slavers","floor":23,"turns":15}],"seed_played":"2157141117266671326","potions_obtained":[{"floor":2,"key":"SpeedPotion"},{"floor":8,"key":"LiquidBronze"},{"floor":11,"key":"EssenceOfSteel"},{"floor":13,"key":"LiquidBronze"},{"floor":18,"key":"BloodPotion"},{"floor":19,"key":"Weak Potion"}],"is_trial":false,"path_per_floor":["M","M","M","M","M","R","?","E","T","M","E","R","M","?","R","B",null,"M","M","?","$","?"],"character_chosen":"IRONCLAD","items_purchased":["Chrysalis"],"campfire_rested":2,"item_purchase_floors":[21],"current_hp_per_floor":[81,77,86,69,36,64,64,27,37,43,26,59,64,64,64,44,116,97,101,101,101,101,0],"gold":247,"neow_bonus":"THREE_RARE_CARDS","is_prod":false,"is_daily":false,"chose_seed":false,"campfire_upgraded":1,"win_rate":0,"timestamp":1538494218,"path_taken":["M","M","M","M","M","R","?","E","T","M","E","R","M","?","R","BOSS","M","M","?","$","?","E"],"build_version":"2018-09-27","purchased_purges":1,"victory":false,"max_hp_per_floor":[83,86,89,92,95,95,95,95,105,108,111,111,116,116,116,116,116,122,128,128,128,128,132],"card_choices":[{"not_picked":["Berserk","Reaper"],"picked":"Feed","floor":0},{"not_picked":["Searing Blow","Clash","Anger"],"picked":"SKIP","floor":1},{"not_picked":["Thunderclap","Twin Strike"],"picked":"Clothesline","floor":2},{"not_picked":["Combust","Corruption"],"picked":"Warcry","floor":3},{"not_picked":["Berserk","Twin Strike","Body Slam"],"picked":"SKIP","floor":4},{"not_picked":["Clash","Shockwave"],"picked":"Flame Barrier","floor":5},{"not_picked":["Pommel Strike","Entrench"],"picked":"Perfected Strike","floor":8},{"not_picked":["Sword Boomerang","Bloodletting"],"picked":"Power Through","floor":10},{"not_picked":["Flex","Evolve"],"picked":"Iron Wave","floor":11},{"not_picked":["Clothesline","Shrug It Off","Clash"],"picked":"Singing Bowl","floor":13},{"not_picked":["Dark Embrace","Double Tap"],"picked":"Brutality","floor":16},{"not_picked":["Intimidate","Pommel Strike","Perfected Strike+1"],"picked":"Singing Bowl","floor":18},{"not_picked":["Clash","Sword Boomerang+1","Anger"],"picked":"Singing Bowl","floor":19}],"player_experience":229441,"relics_obtained":[{"floor":8,"key":"Blue Candle"},{"floor":9,"key":"Pear"},{"floor":11,"key":"Singing Bowl"}],"event_choices":[{"event_name":"Fountain of Cleansing","player_choice":"Removed Curse","floor":7,"damage_taken":0},{"event_name":"Liars Game","player_choice":"agreed","floor":14,"damage_taken":0},{"event_name":"Beggar","player_choice":"Gave Gold","floor":20,"damage_taken":0},{"event_name":"Back to Basics","player_choice":"Elegance","floor":22,"damage_taken":0}],"is_beta":false,"boss_relics":[{"not_picked":["Philosopher\u0027s Stone","Lizard Tail"],"picked":"Runic Cube"}],"items_purged_floors":[21],"is_endless":false,"potions_floor_spawned":[2,8,11,13,18,19],"killed_by":"Slavers","ascension_level":1}