{"gold_per_floor":[113,125,125,50,66,66,92,92,92,134,156,179,225,237,249,359,371,400,412,167,178,198,198,228,228,279,279,311,321,339,368,368,468,468,487,498,148,168,168,200,200,228,255,269,281,310,310,410,410,410,410,410,118,150,150],"floor_reached":56,"playtime":2463,"items_purged":["Defend_R","Strike_R","Strike_R","Strike_R"],"score":2065,"play_id":"37a55058-cc5a-4c1a-aba7-11e37a67514a","local_time":"20190918135832","is_ascension_mode":true,"campfire_choices":[{"data":"Bludgeon","floor":6,"key":"SMITH"},{"data":"True Grit","floor":8,"key":"SMITH"},{"floor":15,"key":"REST"},{"data":"Whirlwind","floor":23,"key":"SMITH"},{"data":"1","floor":25,"key":"LIFT"},{"data":"2","floor":32,"key":"LIFT"},{"data":"3","floor":41,"key":"LIFT"},{"floor":49,"key":"RECALL"},{"data":"Strike_R","floor":52,"key":"PURGE"}],"neow_cost":"TEN_PERCENT_HP_LOSS","seed_source_timestamp":300217534498900,"circlet_count":0,"master_deck":["AscendersBane","Defend_R","Defend_R","Defend_R","Bash+1","Bludgeon+1","True Grit+1","Iron Wave","Shrug It Off","Disarm","Whirlwind+1","Double Tap","Dual Wield+1","Battle Trance+1","Shrug It Off+1","Juggernaut","Clothesline+1","Armaments+1","Offering"],"relics":["Burning Blood","Singing Bowl","MawBank","Oddly Smooth Stone","Omamori","Snecko Eye","TheAbacus","Girya","Blood Vial","Self Forming Clay","Turnip","Busted Crown","Pen Nib","Meat on the Bone","Peace Pipe","White Beast Statue","Ginger","Mercury Hourglass"],"potions_floor_usage":[10,13,28,33,55],"damage_taken":[{"damage":7,"enemies":"2 Louse","floor":1,"turns":3},{"damage":6,"enemies":"Small Slimes","floor":2,"turns":2},{"damage":0,"enemies":"Jaw Worm","floor":5,"turns":3},{"damage":30,"enemies":"Gremlin Nob","floor":7,"turns":6},{"damage":18,"enemies":"Lagavulin","floor":10,"turns":5},{"damage":12,"enemies":"Large Slime","floor":11,"turns":2},{"damage":1,"enemies":"3 Louse","floor":12,"turns":6},{"damage":31,"enemies":"3 Sentries","floor":13,"turns":8},{"damage":25,"enemies":"The Guardian","floor":16,"turns":13},{"damage":6,"enemies":"Shell Parasite","floor":18,"turns":4},{"damage":0,"enemies":"Spheric Guardian","floor":21,"turns":1},{"damage":25,"enemies":"Centurion and Healer","floor":22,"turns":5},{"damage":0,"enemies":"Gremlin Leader","floor":24,"turns":3},{"damage":4,"enemies":"Book of Stabbing","floor":28,"turns":3},{"damage":0,"enemies":"Snecko","floor":29,"turns":4},{"damage":7,"enemies":"Shelled Parasite and Fungi","floor":30,"turns":3},{"damage":36,"enemies":"Slavers","floor":31,"turns":4},{"damage":22,"enemies":"Collector","floor":33,"turns":8},{"damage":9,"enemies":"Orb Walker","floor":35,"turns":3},{"damage":16,"enemies":"3 Darklings","floor":36,"turns":4},{"damage":0,"enemies":"Sphere and 2 Shapes","floor":38,"turns":2},{"damage":6,"enemies":"Giant Head","floor":40,"turns":6},{"damage":0,"enemies":"Nemesis","floor":42,"turns":5},{"damage":24,"enemies":"Jaw Worm Horde","floor":44,"turns":2},{"damage":0,"enemies":"Transient","floor":45,"turns":5},{"damage":0,"enemies":"Giant Head","floor":46,"turns":4},{"damage":0,"enemies":"Mind Bloom Boss Battle","floor":48,"turns":4},{"damage":29,"enemies":"Time Eater","floor":50,"turns":7},{"damage":47,"enemies":"Shield and Spear","floor":54,"turns":6},{"damage":25,"enemies":"The Heart","floor":55,"turns":7}],"seed_played":"7347395748536793663","potions_obtained":[{"floor":1,"key":"Energy Potion"},{"floor":5,"key":"GamblersBrew"},{"floor":10,"key":"SpeedPotion"},{"floor":13,"key":"Weak Potion"},{"floor":28,"key":"SteroidPotion"},{"floor":33,"key":"Fruit Juice"},{"floor":45,"key":"Dexterity Potion"},{"floor":48,"key":"Strength Potion"},{"floor":54,"key":"AttackPotion"}],"is_trial":false,"path_per_floor":["M","M","?","$","M","R","E","R","T","E","M","M","E","?","R","B",null,"M","?","$","M","M","R","E","R","T","?","E","M","M","E","R","B",null,"M","M","$","M","?","E","R","E","T","M","M","E","?","?","R","B",null,"R","$","E","B",null],"character_chosen":"IRONCLAD","items_purchased":["TheAbacus","Pen Nib","LiquidBronze","Offering"],"campfire_rested":1,"item_purchase_floors":[20,37,37,53],"current_hp_per_floor":[71,71,64,64,70,70,46,46,46,36,32,37,14,14,37,18,63,65,65,65,73,54,54,62,62,62,62,68,76,79,51,51,42,80,81,75,75,83,97,99,99,101,101,85,95,103,99,109,109,88,107,107,107,70,65],"gold":150,"neow_bonus":"THREE_RARE_CARDS","is_prod":false,"is_daily":false,"chose_seed":false,"campfire_upgraded":3,"win_rate":0,"timestamp":1568811512,"path_taken":["M","M","?","$","M","R","E","R","T","E","M","M","E","?","R","BOSS","M","?","$","M","M","R","E","R","T","?","E","M","M","E","R","BOSS","M","M","$","M","?","E","R","E","T","M","M","E","?","?","R","BOSS","R","$","E","BOSS"],"build_version":"2019-09-17","purchased_purges":4,"victory":true,"max_hp_per_floor":[72,72,72,72,72,72,72,72,72,74,76,76,78,78,78,78,78,80,80,80,82,82,82,84,84,84,84,86,86,88,88,88,93,93,95,97,97,97,97,99,99,101,101,103,105,105,111,113,113,113,113,113,113,115,115],"card_choices":[{"not_picked":["Limit Break","Reaper"],"picked":"Bludgeon","floor":0},{"not_picked":["Reckless Charge","Havoc"],"picked":"True Grit","floor":1},{"not_picked":["Twin Strike","Clash"],"picked":"Iron Wave","floor":2},{"not_picked":["Pommel Strike","Power Through"],"picked":"Shrug It Off","floor":5},{"not_picked":["Second Wind","Intimidate"],"picked":"Disarm","floor":7},{"not_picked":["Second Wind","Bloodletting","Entrench"],"picked":"Singing Bowl","floor":10},{"not_picked":["Dropkick","Armaments","Pummel"],"picked":"Singing Bowl","floor":11},{"not_picked":["Flex","Searing Blow"],"picked":"Whirlwind","floor":12},{"not_picked":["Anger","Uppercut","Pummel"],"picked":"Singing Bowl","floor":13},{"not_picked":["Impervious","Reaper"],"picked":"Double Tap","floor":16},{"not_picked":["Havoc","Entrench","Armaments"],"picked":"Singing Bowl","floor":18},{"not_picked":["Combust","Warcry","Rampage+1"],"picked":"Singing Bowl","floor":21},{"not_picked":["Havoc+1","Heavy Blade"],"picked":"Dual Wield+1","floor":22},{"not_picked":["Seeing Red","Body Slam","Cleave+1"],"picked":"Singing Bowl","floor":24},{"not_picked":["Dual Wield","Disarm","Warcry"],"picked":"Singing Bowl","floor":28},{"not_picked":["Anger","Headbutt"],"picked":"Battle Trance+1","floor":29},{"not_picked":["Reckless Charge","Clash","Sentinel"],"picked":"Singing Bowl","floor":30},{"not_picked":["Cleave","Heavy Blade"],"picked":"Shrug It Off+1","floor":31},{"not_picked":["Berserk","Double Tap"],"picked":"Juggernaut","floor":33},{"not_picked":["Shrug It Off"],"picked":"Singing Bowl","floor":35},{"not_picked":["Uppercut"],"picked":"Singing Bowl","floor":36},{"not_picked":[],"picked":"Clothesline+1","floor":38},{"not_picked":["Second Wind+1"],"picked":"Singing Bowl","floor":40},{"not_picked":["Fire Breathing"],"picked":"Singing Bowl","floor":42},{"not_picked":["Rage"],"picked":"Singing Bowl","floor":44},{"not_picked":["Uppercut"],"picked":"Singing Bowl","floor":45},{"not_picked":[],"picked":"Armaments+1","floor":46},{"not_picked":["Swift Strike"],"picked":"Singing Bowl","floor":47},{"not_picked":["Madness"],"picked":"Singing Bowl","floor":47},{"not_picked":["Blind"],"picked":"Singing Bowl","floor":47},{"not_picked":["Perfected Strike"],"picked":"Singing Bowl","floor":48},{"not_picked":["Rage"],"picked":"Singing Bowl","floor":54}],"player_experience":1536406,"relics_obtained":[{"floor":7,"key":"Singing Bowl"},{"floor":9,"key":"MawBank"},{"floor":10,"key":"Oddly Smooth Stone"},{"floor":13,"key":"Omamori"},{"floor":24,"key":"Girya"},{"floor":26,"key":"Blood Vial"},{"floor":28,"key":"Self Forming Clay"},{"floor":31,"key":"Turnip"},{"floor":40,"key":"Meat on the Bone"},{"floor":42,"key":"Peace Pipe"},{"floor":46,"key":"White Beast Statue"},{"floor":48,"key":"Ginger"},{"floor":54,"key":"Mercury Hourglass"}],"event_choices":[{"cards_removed":["Strike_R"],"damage_healed":0,"gold_gain":0,"player_choice":"Card Removal","damage_taken":7,"max_hp_gain":0,"max_hp_loss":0,"event_name":"Golden Wing","floor":3,"gold_loss":0},{"damage_healed":0,"gold_gain":0,"player_choice":"Grow","damage_taken":0,"max_hp_gain":0,"max_hp_loss":0,"event_name":"Living Wall","floor":14,"gold_loss":0,"cards_upgraded":["Bash"]},{"damage_healed":0,"gold_gain":0,"player_choice":"Ignored","damage_taken":0,"max_hp_gain":0,"max_hp_loss":0,"event_name":"Ghosts","floor":19,"gold_loss":0},{"damage_healed":0,"gold_gain":0,"player_choice":"Smashed Altar","damage_taken":0,"max_hp_gain":0,"max_hp_loss":0,"event_name":"Forgotten Altar","floor":27,"gold_loss":0,"cards_obtained":["Decay"]},{"damage_healed":24,"gold_gain":0,"player_choice":"Writhe","damage_taken":0,"max_hp_gain":0,"max_hp_loss":0,"event_name":"Winding Halls","floor":39,"gold_loss":0,"cards_obtained":["Writhe"]},{"damage_healed":0,"gold_gain":0,"player_choice":"Memory 3","damage_taken":10,"max_hp_gain":0,"max_hp_loss":0,"event_name":"SensoryStone","floor":47,"gold_loss":0},{"damage_healed":0,"gold_gain":0,"player_choice":"Fight","damage_taken":0,"max_hp_gain":0,"max_hp_loss":0,"event_name":"MindBloom","floor":48,"gold_loss":0}],"is_beta":true,"boss_relics":[{"not_picked":["Empty Cage","Philosopher\u0027s Stone"],"picked":"Snecko Eye"},{"not_picked":["Velvet Choker","Black Blood"],"picked":"Busted Crown"}],"items_purged_floors":[4,20,37,53],"is_endless":false,"potions_floor_spawned":[1,5,10,12,13,21,28,29,33,38,42,44,45,48,54],"ascension_level":11}