{"gold_per_floor":[117,134,134,1,20,20,47,67,67,82,114,114,125,159,159,259,259,276,353,372,33,33,33,58,69,137,237,272,42,52,85,97,212,224,253,265,34,45,45,61,87,105,105,105,138,238,238,253,253,253,253,253,29,61,61],"floor_reached":56,"playtime":2909,"items_purged":["Strike_R","Perfected Strike","Perfected Strike"],"score":1310,"play_id":"c4a8f4c6-34f5-4569-96d4-9197bb572c0c","local_time":"20190531121636","is_ascension_mode":false,"campfire_choices":[{"data":"Whirlwind","floor":6,"key":"SMITH"},{"data":"Perfected Strike","floor":15,"key":"SMITH"},{"data":"Metallicize","floor":23,"key":"SMITH"},{"floor":32,"key":"REST"},{"floor":49,"key":"RECALL"},{"data":"Enlightenment","floor":52,"key":"SMITH"}],"neow_cost":"PERCENT_DAMAGE","seed_source_timestamp":256307462111876,"circlet_count":0,"master_deck":["Defend_R","Defend_R","Defend_R","Defend_R","Bash+1","Dropkick","Twin Strike","Perfected Strike+1","Whirlwind+1","Shrug It Off","Havoc","Warcry","Ghostly Armor","Anger+1","Metallicize+1","Impervious","True Grit+1","Metallicize+1","Impervious","Flex+1","Corruption","Demon Form","Fiend Fire+1","Bludgeon+1","Brutality+1","Flame Barrier+1","Enlightenment+1","Dual Wield+1","Sword Boomerang+1","Entrench+1"],"relics":["Burning Blood","Unceasing Top","Sundial","Gremlin Horn","Regal Pillow","Velvet Choker","Shuriken","Ice Cream","Lantern","Bottled Tornado","Pocketwatch","Blue Candle","Omamori","Art of War","MawBank","Astrolabe","Oddly Smooth Stone","Bird Faced Urn","Ginger","Dream Catcher","Calipers","WarpedTongs","Happy Flower"],"potions_floor_usage":[11,14,18,24,24,33,41,50,53,55,55,55,55],"damage_taken":[{"damage":6,"enemies":"2 Louse","floor":1,"turns":3},{"damage":0,"enemies":"Cultist","floor":2,"turns":2},{"damage":11,"enemies":"Jaw Worm","floor":5,"turns":2},{"damage":6,"enemies":"Gremlin Nob","floor":7,"turns":3},{"damage":0,"enemies":"Gremlin Gang","floor":8,"turns":1},{"damage":13,"enemies":"Red Slaver","floor":10,"turns":2},{"damage":29,"enemies":"Lagavulin","floor":11,"turns":5},{"damage":0,"enemies":"3 Louse","floor":13,"turns":1},{"damage":11,"enemies":"Gremlin Nob","floor":14,"turns":3},{"damage":15,"enemies":"Slime Boss","floor":16,"turns":7},{"damage":5,"enemies":"2 Thieves","floor":18,"turns":3},{"damage":10,"enemies":"Chosen","floor":20,"turns":2},{"damage":66,"enemies":"Book of Stabbing","floor":24,"turns":5},{"damage":0,"enemies":"3 Cultists","floor":25,"turns":2},{"damage":0,"enemies":"Colosseum Slavers","floor":27,"turns":3},{"damage":3,"enemies":"Colosseum Nobs","floor":27,"turns":4},{"damage":0,"enemies":"Slavers","floor":28,"turns":3},{"damage":1,"enemies":"Centurion and Healer","floor":30,"turns":3},{"damage":21,"enemies":"Book of Stabbing","floor":31,"turns":4},{"damage":6,"enemies":"Champ","floor":33,"turns":8},{"damage":9,"enemies":"3 Shapes","floor":35,"turns":3},{"damage":3,"enemies":"Orb Walker","floor":38,"turns":4},{"damage":1,"enemies":"3 Darklings","floor":40,"turns":2},{"damage":30,"enemies":"Giant Head","floor":41,"turns":7},{"damage":3,"enemies":"Spire Growth","floor":42,"turns":4},{"damage":19,"enemies":"Reptomancer","floor":45,"turns":5},{"damage":3,"enemies":"Mind Bloom Boss Battle","floor":46,"turns":4},{"damage":12,"enemies":"Transient","floor":48,"turns":5},{"damage":63,"enemies":"Awakened One","floor":50,"turns":9},{"damage":35,"enemies":"Shield and Spear","floor":54,"turns":7},{"damage":59,"enemies":"The Heart","floor":55,"turns":11}],"seed_played":"8513869036384219337","potions_obtained":[{"floor":1,"key":"Ancient Potion"},{"floor":5,"key":"Dexterity Potion"},{"floor":11,"key":"Dexterity Potion"},{"floor":13,"key":"Energy Potion"},{"floor":18,"key":"Fruit Juice"},{"floor":27,"key":"BloodPotion"},{"floor":28,"key":"PowerPotion"},{"floor":30,"key":"LiquidBronze"},{"floor":38,"key":"Energy Potion"},{"floor":40,"key":"EntropicBrew"},{"floor":46,"key":"Weak Potion"}],"is_trial":false,"path_per_floor":["M","M","?","$","M","R","E","M","T","M","E","?","M","E","R","B",null,"M","T","M","$","?","R","E","M","T","?","E","$","M","E","R","B",null,"M","?","$","M","?","M","E","M","T","$","E","?","?","M","R","B",null,"R","$","E","B",null],"character_chosen":"IRONCLAD","items_purchased":["Perfected Strike","Whirlwind","Swift Potion","Ice Cream","Metallicize","Art of War","Oddly Smooth Stone","Fruit Juice"],"campfire_rested":1,"item_purchase_floors":[4,4,4,21,21,29,37,53],"current_hp_per_floor":[72,78,78,78,73,73,73,79,79,72,49,49,55,50,50,41,96,101,101,97,97,97,97,37,43,43,52,58,58,63,48,93,93,101,98,88,88,91,91,100,89,101,101,101,94,101,101,97,97,46,101,101,106,91,50],"gold":61,"neow_bonus":"TWENTY_PERCENT_HP_BONUS","is_prod":false,"is_daily":false,"chose_seed":false,"campfire_upgraded":4,"win_rate":0,"timestamp":1559301396,"path_taken":["M","M","?","$","M","R","E","M","T","?","E","?","?","E","R","BOSS","M","?","?","$","?","R","E","M","T","?","E","$","M","E","R","BOSS","M","?","$","M","?","?","E","M","T","$","E","?","?","M","R","BOSS","R","$","E","BOSS"],"build_version":"2019-01-23","purchased_purges":3,"victory":true,"max_hp_per_floor":[96,96,96,96,96,96,96,96,96,96,96,96,96,96,96,96,96,101,101,101,101,101,101,101,101,101,101,101,101,101,101,101,101,101,101,101,101,101,101,101,101,101,101,101,101,101,101,101,101,101,101,101,106,106,106],"card_choices":[{"not_picked":["Intimidate","Body Slam"],"picked":"Dropkick","floor":1},{"not_picked":["Flame Barrier","Rupture"],"picked":"Twin Strike","floor":2},{"not_picked":["Heavy Blade","Armaments","Clash"],"picked":"SKIP","floor":5},{"not_picked":["Headbutt","Pummel","Corruption"],"picked":"SKIP","floor":7},{"not_picked":["Dual Wield","Thunderclap"],"picked":"Perfected Strike","floor":8},{"not_picked":["Infernal Blade","True Grit"],"picked":"Shrug It Off","floor":10},{"not_picked":["Spot Weakness","Carnage","Reckless Charge"],"picked":"SKIP","floor":11},{"not_picked":["Inflame","Twin Strike"],"picked":"Perfected Strike","floor":13},{"not_picked":["Limit Break","Cleave"],"picked":"Warcry","floor":14},{"not_picked":["Warcry","True Grit"],"picked":"Ghostly Armor","floor":18},{"not_picked":["Clothesline+1","Cleave"],"picked":"Anger+1","floor":20},{"not_picked":["Berserk","True Grit"],"picked":"Impervious","floor":24},{"not_picked":["Rage","Headbutt"],"picked":"True Grit+1","floor":25},{"not_picked":["Burning Pact+1","Carnage+1"],"picked":"Metallicize+1","floor":27},{"not_picked":["Shrug It Off+1","Inflame"],"picked":"Impervious","floor":28},{"not_picked":["Perfected Strike","Inflame+1"],"picked":"Flex+1","floor":30},{"not_picked":["Dropkick","Pummel"],"picked":"Corruption","floor":31},{"not_picked":["Dark Embrace","Bludgeon"],"picked":"Demon Form","floor":33},{"not_picked":["True Grit+1","Twin Strike+1"],"picked":"Flame Barrier+1","floor":35},{"not_picked":["Impatience","Flash of Steel"],"picked":"Enlightenment","floor":36},{"not_picked":["Warcry","Reckless Charge+1","Spot Weakness"],"picked":"SKIP","floor":38},{"not_picked":["Carnage","Seeing Red"],"picked":"Dual Wield+1","floor":40},{"not_picked":["Ghostly Armor+1","Seeing Red","Cleave"],"picked":"SKIP","floor":41},{"not_picked":["Corruption","Combust+1","Heavy Blade"],"picked":"SKIP","floor":42},{"not_picked":["Wild Strike","Havoc+1","Dropkick"],"picked":"SKIP","floor":45},{"not_picked":["Carnage+1","Dual Wield"],"picked":"Sword Boomerang+1","floor":46},{"not_picked":["Carnage+1","Uppercut","Body Slam+1"],"picked":"SKIP","floor":48},{"not_picked":["Clothesline+1","Thunderclap"],"picked":"Entrench+1","floor":54}],"player_experience":1526794,"relics_obtained":[{"floor":7,"key":"Unceasing Top"},{"floor":9,"key":"Sundial"},{"floor":11,"key":"Gremlin Horn"},{"floor":14,"key":"Regal Pillow"},{"floor":19,"key":"Shuriken"},{"floor":24,"key":"Lantern"},{"floor":26,"key":"Bottled Tornado"},{"floor":27,"key":"Pocketwatch"},{"floor":27,"key":"Blue Candle"},{"floor":28,"key":"Omamori"},{"floor":31,"key":"MawBank"},{"floor":41,"key":"Ginger"},{"floor":45,"key":"Dream Catcher"},{"floor":46,"key":"Calipers"},{"floor":54,"key":"Happy Flower"}],"event_choices":[{"damage_healed":0,"gold_gain":0,"player_choice":"Upgraded","damage_taken":0,"max_hp_gain":0,"max_hp_loss":0,"event_name":"Upgrade Shrine","floor":3,"gold_loss":0,"cards_upgraded":["Bash"]},{"cards_removed":["Strike_R"],"damage_healed":0,"gold_gain":0,"player_choice":"Took Card","damage_taken":0,"max_hp_gain":0,"max_hp_loss":0,"event_name":"NoteForYourself","floor":12,"gold_loss":0,"cards_obtained":["Havoc"]},{"damage_healed":0,"gold_gain":0,"player_choice":"Ignored","damage_taken":0,"max_hp_gain":0,"max_hp_loss":0,"event_name":"Ghosts","floor":22,"gold_loss":0},{"damage_healed":0,"gold_gain":0,"player_choice":"Fight","damage_taken":0,"max_hp_gain":0,"max_hp_loss":0,"event_name":"Colosseum","floor":27,"gold_loss":0},{"damage_healed":0,"gold_gain":0,"player_choice":"Fought Nobs","damage_taken":0,"max_hp_gain":0,"max_hp_loss":0,"event_name":"Colosseum","floor":27,"gold_loss":0},{"damage_healed":0,"gold_gain":0,"player_choice":"Memory 3","damage_taken":10,"max_hp_gain":0,"max_hp_loss":0,"event_name":"SensoryStone","floor":36,"gold_loss":0},{"damage_healed":0,"gold_gain":0,"player_choice":"Gave Potion","damage_taken":0,"relics_obtained":["Bird Faced Urn"],"max_hp_gain":0,"max_hp_loss":0,"event_name":"WeMeetAgain","floor":39,"gold_loss":0},{"damage_healed":0,"gold_gain":0,"player_choice":"Fight","damage_taken":0,"max_hp_gain":0,"max_hp_loss":0,"event_name":"MindBloom","floor":46,"gold_loss":0},{"damage_healed":0,"gold_gain":0,"player_choice":"Rummage","damage_taken":0,"relics_obtained":["WarpedTongs"],"max_hp_gain":0,"max_hp_loss":0,"event_name":"Accursed Blacksmith","floor":47,"gold_loss":0,"cards_obtained":["Pain"]}],"is_beta":false,"boss_relics":[{"not_picked":["Eternal Feather","Runic Dome"],"picked":"Velvet Choker"},{"not_picked":["Philosopher\u0027s Stone","Tiny House"],"picked":"Astrolabe"}],"items_purged_floors":[29,37,53],"is_endless":false,"potions_floor_spawned":[1,5,11,13,18,27,28,30,38,40,46,48],"ascension_level":0}