{"gold_per_floor":[361,376,301,313,326,356,256,273,319,335,345,445,320,338,338,435,435,421,271,271,288,113,113],"floor_reached":23,"playtime":1355,"items_purged":["Clumsy","Strike_R","Strike_R","Strike_R","Defend_R"],"score":205,"play_id":"d1701dc2-1387-4775-b9fd-74b023180180","local_time":"20191025192429","is_ascension_mode":true,"campfire_choices":[{"floor":15.0,"key":"REST"}],"neow_cost":"CURSE","seed_source_timestamp":0,"circlet_count":0,"master_deck":["Strike_R","Strike_R","Defend_R","Defend_R","Bash","Dropkick+1"],"special_seed":0,"relics":["Burning Blood","Bag of Preparation","Red Skull","Philosopher\u0027s Stone"],"potions_floor_usage":[],"damage_taken":[{"damage":1.0,"enemies":"Cultist","floor":1.0,"turns":3.0},{"damage":2.0,"enemies":"2 Louse","floor":2.0,"turns":3.0},{"damage":0.0,"enemies":"Small Slimes","floor":4.0,"turns":4.0},{"damage":9.0,"enemies":"Red Slaver","floor":5.0,"turns":6.0},{"damage":53.0,"enemies":"Lagavulin","floor":6.0,"turns":9.0},{"damage":5.0,"enemies":"Looter","floor":8.0,"turns":4.0},{"damage":14.0,"enemies":"Lots of Slimes","floor":10.0,"turns":6.0},{"damage":7.0,"enemies":"3 Louse","floor":11.0,"turns":4.0},{"damage":4.0,"enemies":"Blue Slaver","floor":14.0,"turns":5.0},{"damage":44.0,"enemies":"The Guardian","floor":16.0,"turns":19.0},{"damage":24.0,"enemies":"2 Thieves","floor":18.0,"turns":4.0},{"damage":42.0,"enemies":"3 Byrds","floor":21.0,"turns":8.0},{"damage":42,"enemies":"Book of Stabbing","floor":23,"turns":3}],"seed_played":"-7690690525284772073","potions_obtained":[{"floor":2.0,"key":"LiquidBronze"},{"floor":8.0,"key":"Energy Potion"},{"floor":10.0,"key":"GamblersBrew"},{"floor":18.0,"key":"SpeedPotion"},{"floor":21.0,"key":"Poison Potion"}],"is_trial":false,"path_per_floor":["M","M","$","M","M","E","$","M","T","M","M","?","$","M","R","B",null,"M","$","?","M","$","E"],"character_chosen":"IRONCLAD","items_purchased":[],"campfire_rested":1,"item_purchase_floors":[],"current_hp_per_floor":[80,80,80,80,77,30,30,31,31,23,22,22,22,24,48,10,80,62,62,62,26,26,0],"gold":113,"neow_bonus":"TWO_FIFTY_GOLD","is_prod":false,"is_daily":false,"chose_seed":false,"campfire_upgraded":0,"win_rate":0,"timestamp":1572024269,"path_taken":["M","?","$","M","?","E","$","M","T","M","M","?","?","M","R","BOSS","M","$","?","M","$","E"],"build_version":"2019-07-17","purchased_purges":5,"victory":false,"max_hp_per_floor":[80,80,80,80,80,80,80,80,80,80,80,80,80,80,80,80,80,80,80,80,80,80,80],"card_choices":[{"not_picked":["Searing Blow","True Grit","Battle Trance"],"picked":"SKIP","floor":1.0},{"not_picked":["Iron Wave","Rampage","Armaments"],"picked":"SKIP","floor":2.0},{"not_picked":["Anger","Heavy Blade","Havoc"],"picked":"SKIP","floor":4.0},{"not_picked":["Bludgeon","Cleave","True Grit"],"picked":"SKIP","floor":5.0},{"not_picked":["Metallicize","Feel No Pain","Barricade"],"picked":"SKIP","floor":6.0},{"not_picked":["Pummel","Spot Weakness","Thunderclap"],"picked":"SKIP","floor":8.0},{"not_picked":["Flex","Warcry","Sever Soul"],"picked":"SKIP","floor":10.0},{"not_picked":["Clothesline","Entrench","Seeing Red"],"picked":"SKIP","floor":11.0},{"not_picked":["Uppercut","Juggernaut","Reckless Charge"],"picked":"SKIP","floor":14.0},{"not_picked":["Shrug It Off","Second Wind","Dual Wield"],"picked":"SKIP","floor":18.0},{"not_picked":["Second Wind+1","Perfected Strike"],"picked":"Dropkick+1","floor":21.0}],"player_experience":343011,"relics_obtained":[{"floor":6.0,"key":"Bag of Preparation"},{"floor":9.0,"key":"Red Skull"}],"event_choices":[{"damage_healed":0.0,"max_hp_gain":0.0,"max_hp_loss":0.0,"gold_gain":100.0,"event_name":"Wheel of Change","player_choice":"Gold","floor":12.0,"gold_loss":0.0,"damage_taken":0.0},{"cards_removed":["Defend_R"],"damage_healed":0.0,"max_hp_gain":0.0,"max_hp_loss":0.0,"gold_gain":0.0,"event_name":"Back to Basics","player_choice":"Elegance","floor":20.0,"gold_loss":0.0,"damage_taken":0.0}],"is_beta":false,"boss_relics":[{"not_picked":["White Beast Statue","Cursed Key"],"picked":"Philosopher\u0027s Stone"}],"items_purged_floors":[3,7,13,19,22],"is_endless":false,"potions_floor_spawned":[2,8,10,18,21],"killed_by":"Book of Stabbing","ascension_level":1}