{"gold_per_floor":[117,117,117,217,15,49,65,65,111,142,142,160,179,179,179,274,274,294,54,66,84,101,101,114,145,145,19,19,54,54,69,69,168,168,179,194,248,260,276,276,303,303,303,316,326,326,341,21,21,21,21,21,21,49,49],"floor_reached":55,"playtime":6132,"items_purged":["Defend_B"],"score":993,"play_id":"8a7ec885-f7c9-4161-8133-b0e8f822bf05","local_time":"20191012172523","is_ascension_mode":true,"campfire_choices":[{"data":"Machine Learning","floor":8.0,"key":"SMITH"},{"data":"Zap","floor":11.0,"key":"SMITH"},{"data":"Darkness","floor":15.0,"key":"SMITH"},{"floor":23.0,"key":"REST"},{"floor":28.0,"key":"REST"},{"floor":30.0,"key":"REST"},{"data":"Hologram","floor":32.0,"key":"SMITH"},{"data":"Chill","floor":40.0,"key":"SMITH"},{"data":"Double Energy","floor":42.0,"key":"SMITH"},{"floor":49.0,"key":"RECALL"},{"data":"Hologram","floor":52.0,"key":"SMITH"}],"neow_cost":"CURSE","seed_source_timestamp":0,"circlet_count":0,"master_deck":["Defend_B","Defend_B","Zap+1","Dualcast","Hyperbeam+1","Glacier","Machine Learning+1","Coolheaded","Coolheaded","Darkness+1","Conserve Battery","Doom and Gloom+1","Echo Form","Chaos+1","Buffer+1","Buffer+1","Coolheaded+1","Hologram+1","Chill+1","Turbo","BootSequence","Compile Driver","Compile Driver","Glacier","Biased Cognition","Hologram+1","Multi-Cast","Loop","Double Energy+1","Undo+1","Heatsinks","Turbo+1","Go for the Eyes+1","Reprogram","White Noise+1","Core Surge+1","Stack+1"],"special_seed":0,"relics":["Cracked Core","Centennial Puzzle","Art of War","DataDisk","Astrolabe","Runic Capacitor","Boot","Girya","Sozu","Torii","Blue Candle","Smiling Mask","ClockworkSouvenir","Whetstone"],"potions_floor_usage":[55],"damage_taken":[{"damage":0.0,"enemies":"Cultist","floor":1.0,"turns":2.0},{"damage":12.0,"enemies":"Gremlin Nob","floor":6.0,"turns":4.0},{"damage":1.0,"enemies":"Jaw Worm","floor":7.0,"turns":3.0},{"damage":3.0,"enemies":"3 Sentries","floor":10.0,"turns":6.0},{"damage":0.0,"enemies":"2 Louse","floor":12.0,"turns":1.0},{"damage":11.0,"enemies":"Red Slaver","floor":13.0,"turns":3.0},{"damage":25.0,"enemies":"The Guardian","floor":16.0,"turns":13.0},{"damage":2.0,"enemies":"Shell Parasite","floor":18.0,"turns":6.0},{"damage":24.0,"enemies":"3 Byrds","floor":20.0,"turns":5.0},{"damage":9.0,"enemies":"Centurion and Healer","floor":21.0,"turns":5.0},{"damage":15.0,"enemies":"Snake Plant","floor":22.0,"turns":4.0},{"damage":8.0,"enemies":"Chosen and Byrds","floor":24.0,"turns":3.0},{"damage":0.0,"enemies":"Gremlin Leader","floor":25.0,"turns":6.0},{"damage":21.0,"enemies":"Slavers","floor":29.0,"turns":3.0},{"damage":0.0,"enemies":"Snecko","floor":31.0,"turns":5.0},{"damage":0.0,"enemies":"Champ","floor":33.0,"turns":15.0},{"damage":2.0,"enemies":"3 Darklings","floor":35.0,"turns":6.0},{"damage":0.0,"enemies":"3 Shapes","floor":36.0,"turns":6.0},{"damage":6.0,"enemies":"2 Orb Walkers","floor":37.0,"turns":6.0},{"damage":0.0,"enemies":"Maw","floor":38.0,"turns":6.0},{"damage":1.0,"enemies":"Jaw Worm Horde","floor":39.0,"turns":5.0},{"damage":1.0,"enemies":"Nemesis","floor":41.0,"turns":7.0},{"damage":17.0,"enemies":"Spire Growth","floor":44.0,"turns":6.0},{"damage":1.0,"enemies":"4 Shapes","floor":45.0,"turns":6.0},{"damage":1.0,"enemies":"Transient","floor":47.0,"turns":5.0},{"damage":23.0,"enemies":"Awakened One","floor":50.0,"turns":8.0},{"damage":17.0,"enemies":"Shield and Spear","floor":54.0,"turns":10.0},{"damage":47,"enemies":"The Heart","floor":55,"turns":9}],"seed_played":"6725112350034018721","potions_obtained":[{"floor":1.0,"key":"LiquidBronze"},{"floor":7.0,"key":"GamblersBrew"},{"floor":13.0,"key":"Weak Potion"},{"floor":21.0,"key":"Swift Potion"},{"floor":29.0,"key":"Weak Potion"},{"floor":33.0,"key":"Energy Potion"}],"is_trial":false,"path_per_floor":["M","?","?","?","$","E","M","R","T","E","R","M","M","?","R","B",null,"M","$","M","M","M","R","M","E","T","$","R","E","R","M","R","B",null,"M","M","?","M","M","R","E","R","T","M","M","?","M","$","R","B",null,"R","$","E","B"],"character_chosen":"DEFECT","items_purchased":["Fire Potion","Machine Learning","Runic Capacitor","Hologram","Glacier","Energy Potion","ClockworkSouvenir","Core Surge"],"campfire_rested":3,"item_purchase_floors":[5,5,19,19,27,27,48,48],"current_hp_per_floor":[75,68,68,68,68,56,55,55,55,52,52,52,41,41,41,16,60,58,58,34,25,10,32,24,24,24,24,46,25,47,47,47,47,68,66,66,60,60,59,59,58,58,58,41,40,40,39,39,39,16,60,60,60,43,0],"gold":49,"neow_bonus":"THREE_RARE_CARDS","is_prod":false,"is_daily":false,"chose_seed":false,"campfire_upgraded":7,"win_rate":0,"timestamp":1570926323,"path_taken":["M","?","?","?","$","E","?","R","T","E","R","M","M","?","R","BOSS","M","$","M","M","M","R","M","E","T","$","R","E","R","?","R","BOSS","M","M","?","M","M","R","E","R","T","M","M","?","?","$","R","BOSS","R","$","E","BOSS"],"build_version":"2019-07-17","purchased_purges":1,"victory":false,"max_hp_per_floor":[75,75,75,75,75,75,75,75,75,75,75,75,75,75,75,75,75,75,75,75,75,75,75,75,75,75,75,75,75,75,75,75,75,75,75,75,75,75,75,75,75,75,75,75,75,75,75,75,75,75,75,75,75,75,75],"card_choices":[{"not_picked":["Core Surge","Thunder Strike"],"picked":"Hyperbeam","floor":0.0},{"not_picked":["Conserve Battery","Steam"],"picked":"Glacier","floor":1.0},{"not_picked":["Scrape","Multi-Cast"],"picked":"Coolheaded","floor":6.0},{"not_picked":["White Noise","Gash"],"picked":"Coolheaded","floor":7.0},{"not_picked":["Streamline","Conserve Battery"],"picked":"Darkness","floor":10.0},{"not_picked":["Reprogram","Hello World"],"picked":"Conserve Battery","floor":12.0},{"not_picked":["Chaos","Cold Snap"],"picked":"Doom and Gloom","floor":13.0},{"not_picked":["Hyperbeam","Reboot"],"picked":"Echo Form","floor":16.0},{"not_picked":["Darkness","Leap"],"picked":"Coolheaded+1","floor":18.0},{"not_picked":["Chaos+1","Skim"],"picked":"Chill","floor":20.0},{"not_picked":["Beam Cell","Ball Lightning"],"picked":"Turbo","floor":21.0},{"not_picked":["Beam Cell","Static Discharge+1"],"picked":"BootSequence","floor":22.0},{"not_picked":["Conserve Battery+1","Streamline"],"picked":"Compile Driver","floor":24.0},{"not_picked":["Stack","Beam Cell"],"picked":"Compile Driver","floor":25.0},{"not_picked":["Sweeping Beam","Aggregate+1"],"picked":"Biased Cognition","floor":29.0},{"not_picked":["Stack","Gash"],"picked":"Hologram","floor":31.0},{"not_picked":["Electrodynamics","Meteor Strike"],"picked":"Multi-Cast","floor":33.0},{"not_picked":["Steam","Tempest"],"picked":"Loop","floor":35.0},{"not_picked":["Gash","Lockon+1","Conserve Battery+1"],"picked":"SKIP","floor":36.0},{"not_picked":["Storm","Steam Power"],"picked":"Double Energy","floor":37.0},{"not_picked":["Beam Cell","Rip and Tear+1"],"picked":"Undo+1","floor":38.0},{"not_picked":["Leap","Reprogram"],"picked":"Heatsinks","floor":39.0},{"not_picked":["Blizzard+1","Biased Cognition"],"picked":"Turbo+1","floor":41.0},{"not_picked":["Hologram","Tempest"],"picked":"Go for the Eyes+1","floor":44.0},{"not_picked":["Sweeping Beam+1","Sunder","BootSequence+1"],"picked":"SKIP","floor":45.0},{"not_picked":["Conserve Battery+1","Leap"],"picked":"White Noise+1","floor":47.0},{"not_picked":["Gash+1","Undo+1"],"picked":"Stack+1","floor":54.0}],"player_experience":297506,"relics_obtained":[{"floor":6.0,"key":"Centennial Puzzle"},{"floor":9.0,"key":"Art of War"},{"floor":10.0,"key":"DataDisk"},{"floor":25.0,"key":"Boot"},{"floor":29.0,"key":"Girya"},{"floor":37.0,"key":"Torii"},{"floor":41.0,"key":"Blue Candle"},{"floor":43.0,"key":"Smiling Mask"},{"floor":54.0,"key":"Whetstone"}],"event_choices":[{"cards_removed":["Clumsy"],"damage_healed":0.0,"max_hp_gain":0.0,"max_hp_loss":0.0,"gold_gain":0.0,"event_name":"Golden Wing","player_choice":"Card Removal","floor":2.0,"gold_loss":0.0,"damage_taken":7.0},{"damage_healed":0.0,"max_hp_gain":0.0,"max_hp_loss":0.0,"gold_gain":0.0,"event_name":"Living Wall","player_choice":"Grow","floor":3.0,"gold_loss":0.0,"damage_taken":0.0,"cards_upgraded":["Hyperbeam"]},{"damage_healed":0.0,"max_hp_gain":0.0,"max_hp_loss":0.0,"gold_gain":100.0,"event_name":"Wheel of Change","player_choice":"Gold","floor":4.0,"gold_loss":0.0,"damage_taken":0.0},{"cards_removed":["Strike_B"],"damage_healed":0.0,"max_hp_gain":0.0,"max_hp_loss":0.0,"gold_gain":0.0,"event_name":"Bonfire Elementals","player_choice":"Offered Basic","floor":14.0,"gold_loss":0.0,"damage_taken":0.0},{"damage_healed":0.0,"max_hp_gain":0.0,"max_hp_loss":0.0,"gold_gain":0.0,"event_name":"Mysterious Sphere","player_choice":"Fight","floor":37.0,"gold_loss":0.0,"damage_taken":0.0},{"damage_healed":0.0,"max_hp_gain":0.0,"max_hp_loss":0.0,"gold_gain":0.0,"cards_transformed":["Strike_B"],"event_name":"Transmorgrifier","player_choice":"Transformed","floor":46.0,"gold_loss":0.0,"damage_taken":0.0,"cards_obtained":["Reprogram"]}],"is_beta":false,"boss_relics":[{"not_picked":["Velvet Choker","Pandora\u0027s Box"],"picked":"Astrolabe"},{"not_picked":["Runic Pyramid","Calling Bell"],"picked":"Sozu"}],"items_purged_floors":[48],"is_endless":false,"potions_floor_spawned":[1,7,13,16,21,29,33,38,39,45],"killed_by":"The Heart","ascension_level":5}