{"gold_per_floor":[119,7,21,21,21,32,32,50,76,87,87,87,116,131,131,236,236,255,265,26,26,26,26,60,60,60,60,60,72,105,122,122,226,226,243,243,24,44,60,60,92,92,92,125,145,162,162,194,194,194,194,194,1,30,30],"floor_reached":55,"playtime":2415,"items_purged":["Strike_G","Strike_G","Strike_G","Writhe"],"score":895,"play_id":"cc13fd5f-1a66-45ad-9144-7e5f0f5975d0","local_time":"20191008232257","is_ascension_mode":false,"campfire_choices":[{"data":"Noxious Fumes","floor":7,"key":"SMITH"},{"data":"Deadly Poison","floor":11,"key":"SMITH"},{"data":"Crippling Poison","floor":15,"key":"SMITH"},{"data":"Panache","floor":23,"key":"SMITH"},{"data":"Blade Dance","floor":25,"key":"SMITH"},{"data":"Deadly Poison","floor":27,"key":"SMITH"},{"floor":32,"key":"REST"},{"data":"Footwork","floor":40,"key":"SMITH"},{"data":"Cloak And Dagger","floor":42,"key":"SMITH"},{"floor":47,"key":"REST"},{"floor":49,"key":"RECALL"},{"data":"Venomology","floor":52,"key":"SMITH"}],"neow_cost":"PERCENT_DAMAGE","seed_source_timestamp":394194848687500,"circlet_count":0,"master_deck":["Strike_G+1","Defend_G","Defend_G","Defend_G","Defend_G","Defend_G","Survivor","Neutralize+1","Panache+1","Deadly Poison+1","Noxious Fumes+1","Footwork+1","Blade Dance+1","Dagger Throw","Deadly Poison+1","Crippling Poison+1","Corpse Explosion","Infinite Blades","PiercingWail","Infinite Blades+1","Venomology+1","Deflect+1","Master of Strategy","Footwork+1","Cloak And Dagger+1","Cloak And Dagger+1","Bouncing Flask+1","Blade Dance+1","Prepared+1","Deflect+1","Noxious Fumes+1","Noxious Fumes+1"],"relics":["Ring of the Snake","Bronze Scales","CultistMask","Oddly Smooth Stone","Cursed Key","Membership Card","Frozen Egg 2","Mercury Hourglass","Runic Pyramid","The Courier","Mummified Hand","HornCleat","TwistedFunnel","Toy Ornithopter","Anchor"],"potions_floor_usage":[13,14,16,30,33,33,35,41,41,41,44,50,54,55,55,55,55],"damage_taken":[{"damage":0,"enemies":"Jaw Worm","floor":1,"turns":7},{"damage":0,"enemies":"Cultist","floor":3,"turns":4},{"damage":0,"enemies":"2 Louse","floor":6,"turns":3},{"damage":1,"enemies":"Blue Slaver","floor":8,"turns":4},{"damage":3,"enemies":"Looter","floor":10,"turns":3},{"damage":20,"enemies":"3 Sentries","floor":13,"turns":6},{"damage":0,"enemies":"Lots of Slimes","floor":14,"turns":1},{"damage":0,"enemies":"The Guardian","floor":16,"turns":8},{"damage":0,"enemies":"3 Byrds","floor":18,"turns":2},{"damage":0,"enemies":"Chosen","floor":19,"turns":4},{"damage":14,"enemies":"Book of Stabbing","floor":24,"turns":5},{"damage":8,"enemies":"Snecko","floor":29,"turns":4},{"damage":0,"enemies":"Gremlin Leader","floor":30,"turns":4},{"damage":0,"enemies":"Cultist and Chosen","floor":31,"turns":3},{"damage":19,"enemies":"Champ","floor":33,"turns":8},{"damage":12,"enemies":"3 Darklings","floor":35,"turns":3},{"damage":0,"enemies":"Orb Walker","floor":38,"turns":4},{"damage":0,"enemies":"Maw","floor":39,"turns":7},{"damage":1,"enemies":"Nemesis","floor":41,"turns":7},{"damage":0,"enemies":"Reptomancer","floor":44,"turns":5},{"damage":11,"enemies":"Jaw Worm Horde","floor":45,"turns":2},{"damage":21,"enemies":"Transient","floor":46,"turns":5},{"damage":4,"enemies":"Nemesis","floor":48,"turns":6},{"damage":26,"enemies":"Awakened One","floor":50,"turns":9},{"damage":0,"enemies":"Shield and Spear","floor":54,"turns":5},{"damage":90,"enemies":"The Heart","floor":55,"turns":9}],"seed_played":"-1864761931407857226","potions_obtained":[{"floor":1,"key":"LiquidBronze"},{"floor":8,"key":"Fire Potion"},{"floor":10,"key":"Swift Potion"},{"floor":16,"key":"CunningPotion"},{"floor":24,"key":"GamblersBrew"},{"floor":29,"key":"GamblersBrew"},{"floor":44,"key":"Dexterity Potion"},{"floor":46,"key":"Swift Potion"}],"is_trial":false,"path_per_floor":["M","$","M","?","?","M","R","M","T","M","R","?","E","M","R","B",null,"M","M","$","?","?","R","E","R","T","R","?","M","E","M","R","B",null,"M","?","$","M","M","R","E","R","T","E","M","M","R","E","R","B",null,"R","$","E","B"],"character_chosen":"THE_SILENT","items_purchased":["Noxious Fumes","Membership Card","Infinite Blades","Master of Strategy","Footwork+1","Cloak And Dagger","TwistedFunnel","Toy Ornithopter"],"campfire_rested":2,"item_purchase_floors":[2,20,20,37,37,37,53,53],"current_hp_per_floor":[49,49,49,35,40,40,40,39,39,36,36,36,16,16,16,16,75,75,75,75,75,75,75,61,61,61,61,47,39,39,39,63,44,80,68,68,68,68,68,68,67,67,67,67,56,35,59,55,55,29,80,80,80,80,0],"gold":30,"neow_bonus":"RANDOM_COLORLESS_2","is_prod":false,"is_daily":false,"chose_seed":false,"campfire_upgraded":9,"win_rate":0,"timestamp":1570573377,"path_taken":["M","$","M","?","?","M","R","M","T","M","R","?","E","M","R","BOSS","M","?","$","?","?","R","E","R","T","R","?","M","E","M","R","BOSS","M","?","$","M","M","R","E","R","T","E","M","?","R","E","R","BOSS","R","$","E","BOSS"],"build_version":"2019-10-08","purchased_purges":4,"victory":false,"max_hp_per_floor":[70,70,70,70,75,75,75,75,75,75,75,75,75,75,75,75,75,75,75,75,75,75,75,75,75,75,75,80,80,80,80,80,80,80,80,80,80,80,80,80,80,80,80,80,80,80,80,80,80,80,80,80,80,80,80],"card_choices":[{"not_picked":["Master of Strategy","Transmutation"],"picked":"Panache","floor":0},{"not_picked":["Acrobatics","Terror"],"picked":"Deadly Poison","floor":1},{"not_picked":["Dagger Spray","Deadly Poison"],"picked":"Footwork","floor":3},{"not_picked":["Sucker Punch","Prepared"],"picked":"Blade Dance","floor":6},{"not_picked":["Envenom","Sucker Punch"],"picked":"Dagger Throw","floor":8},{"not_picked":["Backstab","Slice"],"picked":"Deadly Poison","floor":10},{"not_picked":["Wraith Form v2","Dagger Spray","Slice"],"picked":"SKIP","floor":13},{"not_picked":["Slice","Underhanded Strike"],"picked":"Crippling Poison","floor":14},{"not_picked":["Unload","Tools of the Trade"],"picked":"Corpse Explosion","floor":16},{"not_picked":["Caltrops","Outmaneuver","Dagger Spray"],"picked":"SKIP","floor":18},{"not_picked":["Dash","Eviscerate","Dagger Throw"],"picked":"SKIP","floor":19},{"not_picked":["Concentrate","Dagger Spray+1"],"picked":"PiercingWail","floor":24},{"not_picked":["Poisoned Stab+1","Dodge and Roll","Deadly Poison"],"picked":"SKIP","floor":29},{"not_picked":["Deflect","Dagger Throw"],"picked":"Infinite Blades+1","floor":30},{"not_picked":["Unload","Bouncing Flask","Dagger Spray"],"picked":"SKIP","floor":31},{"not_picked":["Grand Finale","Phantasmal Killer"],"picked":"Venomology","floor":33},{"not_picked":["Leg Sweep+1","Quick Slash"],"picked":"Deflect+1","floor":35},{"not_picked":["Poisoned Stab+1","Slice+1","Dagger Throw"],"picked":"SKIP","floor":38},{"not_picked":["Slice","Quick Slash"],"picked":"Cloak And Dagger+1","floor":39},{"not_picked":["Choke","Masterful Stab"],"picked":"Bouncing Flask+1","floor":41},{"not_picked":["Flying Knee+1","Crippling Poison"],"picked":"Blade Dance+1","floor":44},{"not_picked":["Flying Knee+1","Bouncing Flask"],"picked":"Prepared+1","floor":45},{"not_picked":["Grand Finale","Dodge and Roll"],"picked":"Deflect+1","floor":46},{"not_picked":["Prepared+1","Terror+1"],"picked":"Noxious Fumes+1","floor":48},{"not_picked":["Backstab","Terror+1"],"picked":"Noxious Fumes+1","floor":54}],"player_experience":1624936,"relics_obtained":[{"floor":9,"key":"Bronze Scales"},{"floor":13,"key":"Oddly Smooth Stone"},{"floor":24,"key":"Frozen Egg 2"},{"floor":30,"key":"Mercury Hourglass"},{"floor":41,"key":"The Courier"},{"floor":44,"key":"Mummified Hand"},{"floor":48,"key":"HornCleat"},{"floor":54,"key":"Anchor"}],"event_choices":[{"damage_healed":0,"gold_gain":0,"player_choice":"Entered Light","damage_taken":14,"max_hp_gain":0,"max_hp_loss":0,"event_name":"Shining Light","floor":4,"gold_loss":0,"cards_upgraded":["Strike_G","Neutralize"]},{"damage_healed":0,"gold_gain":0,"player_choice":"Donut","damage_taken":0,"max_hp_gain":5,"max_hp_loss":0,"event_name":"Big Fish","floor":5,"gold_loss":0},{"damage_healed":0,"gold_gain":0,"player_choice":"Trade","damage_taken":0,"relics_obtained":["CultistMask"],"max_hp_gain":0,"max_hp_loss":0,"event_name":"FaceTrader","floor":12,"gold_loss":0},{"damage_healed":0,"gold_gain":0,"player_choice":"Ignored","damage_taken":0,"max_hp_gain":0,"max_hp_loss":0,"event_name":"Ghosts","floor":21,"gold_loss":0},{"damage_healed":0,"gold_gain":0,"player_choice":"Ignored","damage_taken":0,"max_hp_gain":0,"max_hp_loss":0,"event_name":"Vampires","floor":22,"gold_loss":0},{"damage_healed":0,"gold_gain":0,"player_choice":"Shed Blood","damage_taken":19,"max_hp_gain":5,"max_hp_loss":0,"event_name":"Forgotten Altar","floor":28,"gold_loss":0},{"cards_removed":["Strike_G"],"damage_healed":0,"gold_gain":0,"player_choice":"Purged","damage_taken":0,"max_hp_gain":0,"max_hp_loss":0,"event_name":"Purifier","floor":36,"gold_loss":0}],"is_beta":true,"boss_relics":[{"not_picked":["SlaversCollar","Runic Dome"],"picked":"Cursed Key"},{"not_picked":["Coffee Dripper","Busted Crown"],"picked":"Runic Pyramid"}],"items_purged_floors":[2,20,37,53],"is_endless":false,"potions_floor_spawned":[1,8,10,16,24,29,44,46,48],"killed_by":"The Heart","ascension_level":0}