{"gold_per_floor":[118,193,206,206,222,222,147,147,174,33,33,43,43,55,55,150,150,165,365,365,365,384,384,398,228,254,264,289,301,301,321,321,321],"floor_reached":33,"playtime":1049,"items_purged":["Defend_R","Strike_R","Strike_R"],"score":257,"play_id":"26a9133d-5914-4a12-9136-20a9305ff8f8","local_time":"20180719223804","is_ascension_mode":false,"campfire_choices":[{"data":"Limit Break","floor":6,"key":"SMITH"},{"data":"Inflame","floor":11,"key":"SMITH"},{"floor":15,"key":"REST"},{"floor":23,"key":"REST"},{"data":"Reaper","floor":30,"key":"SMITH"},{"floor":32,"key":"REST"}],"neow_cost":"TEN_PERCENT_HP_LOSS","seed_source_timestamp":460098365595904,"circlet_count":0,"master_deck":["Strike_R","Strike_R","Defend_R","Defend_R","Defend_R","Bash","Limit Break+1","Clothesline","Inflame+1","Twin Strike","Inflame","Pommel Strike","Thunderclap","Reaper+1","Pummel","Offering","Pummel+1","Flex","Cleave+1","Heavy Blade+1","Heavy Blade+1","Spot Weakness+1"],"relics":["Burning Blood","Omamori","Nloth\u0027s Gift","Molten Egg 2","Regal Pillow","Oddly Smooth Stone"],"potions_floor_usage":[5,14,14,16,24,31],"damage_taken":[{"damage":3,"enemies":"Small Slimes","floor":1,"turns":3},{"damage":13,"enemies":"Jaw Worm","floor":3,"turns":4},{"damage":8,"enemies":"2 Louse","floor":5,"turns":3},{"damage":5,"enemies":"Looter","floor":12,"turns":3},{"damage":2,"enemies":"Lots of Slimes","floor":14,"turns":4},{"damage":3,"enemies":"Slime Boss","floor":16,"turns":6},{"damage":51,"enemies":"2 Thieves","floor":18,"turns":5},{"damage":32,"enemies":"Chosen","floor":22,"turns":6},{"damage":19,"enemies":"3 Cultists","floor":24,"turns":3},{"damage":10,"enemies":"Cultist and Chosen","floor":27,"turns":4},{"damage":50,"enemies":"Book of Stabbing","floor":28,"turns":4},{"damage":32,"enemies":"Centurion and Healer","floor":29,"turns":4},{"damage":10,"enemies":"Chosen and Byrds","floor":31,"turns":4},{"damage":75,"enemies":"Champ","floor":33,"turns":6}],"seed_played":"7944379803256820539","potions_obtained":[{"floor":1,"key":"BloodPotion"},{"floor":3,"key":"Weak Potion"},{"floor":5,"key":"Dexterity Potion"},{"floor":12,"key":"Swift Potion"},{"floor":22,"key":"AttackPotion"},{"floor":29,"key":"Explosive Potion"}],"is_trial":false,"path_per_floor":["M","?","M","?","M","R","$","?","T","$","R","M","$","M","R","B",null,"M","?","?","T","M","R","M","$","T","M","E","M","R","M","R"],"character_chosen":"IRONCLAD","items_purchased":["Inflame","Flex"],"campfire_rested":3,"item_purchase_floors":[10,25],"current_hp_per_floor":[72,61,54,47,52,52,52,40,40,40,40,41,41,45,66,69,72,44,44,44,44,18,39,50,50,50,60,37,39,39,35,71,0],"gold":321,"neow_bonus":"THREE_RARE_CARDS","is_prod":false,"is_daily":false,"chose_seed":false,"campfire_upgraded":3,"win_rate":0.0,"timestamp":1532029084,"path_taken":["M","?","M","?","M","R","$","?","T","?","R","?","$","M","R","BOSS","M","?","?","?","M","R","M","$","T","M","E","M","R","M","R","BOSS"],"build_version":"2018-07-12","purchased_purges":3,"victory":false,"max_hp_per_floor":[72,72,72,72,72,72,72,72,72,72,72,72,72,72,72,72,72,72,72,72,72,72,72,72,72,72,72,72,72,72,72,72,72],"card_choices":[{"not_picked":["Double Tap","Barricade"],"picked":"Limit Break","floor":0},{"not_picked":["Feel No Pain","Corruption"],"picked":"Clothesline","floor":1},{"not_picked":["Sword Boomerang","Anger"],"picked":"Inflame","floor":3},{"not_picked":["Pommel Strike","Warcry"],"picked":"Twin Strike","floor":5},{"not_picked":["Warcry","Burning Pact"],"picked":"Pommel Strike","floor":12},{"not_picked":["Brutality","Shrug It Off"],"picked":"Thunderclap","floor":14},{"not_picked":["Feed","Bludgeon"],"picked":"Reaper","floor":16},{"not_picked":["Perfected Strike+1","Entrench"],"picked":"Pummel","floor":18},{"not_picked":["Battle Trance","Heavy Blade+1"],"picked":"Offering","floor":22},{"not_picked":["Battle Trance+1","Intimidate"],"picked":"Pummel+1","floor":24},{"not_picked":["Inflame","Seeing Red"],"picked":"Cleave+1","floor":27},{"not_picked":["Barricade","Rampage+1"],"picked":"Heavy Blade+1","floor":28},{"not_picked":["Clash+1","Whirlwind+1"],"picked":"Heavy Blade+1","floor":29},{"not_picked":["Thunderclap+1","Warcry+1"],"picked":"Spot Weakness+1","floor":31}],"player_experience":107832,"relics_obtained":[{"floor":9,"key":"Omamori"},{"floor":21,"key":"Molten Egg 2"},{"floor":26,"key":"Regal Pillow"},{"floor":28,"key":"Oddly Smooth Stone"}],"event_choices":[{"event_name":"World of Goop","player_choice":"Gather Gold","floor":2,"damage_taken":0},{"event_name":"Golden Wing","player_choice":"Card Removal","floor":4,"damage_taken":0},{"event_name":"Scrap Ooze","player_choice":"success","floor":8,"damage_taken":12},{"event_name":"Wheel of Change","player_choice":"Gold","floor":19,"damage_taken":0},{"event_name":"N\u0027loth","player_choice":"Traded a Letter Opener","floor":20,"damage_taken":0}],"boss_relics":[{"not_picked":["Snecko Eye","Runic Dome","Fusion Hammer"]}],"items_purged_floors":[7,10,25],"is_endless":false,"potions_floor_spawned":[1,3,5,12,22,29],"killed_by":"Champ","ascension_level":0}