{"gold_per_floor":[20,20,30,30,47,47,47,47,47,66,78,98,115,135,135,135],"floor_reached":16,"playtime":1063,"items_purged":[],"score":101,"play_id":"22863152-fa3d-49ed-84b5-273e876474a1","local_time":"20180721223408","is_ascension_mode":true,"campfire_choices":[{"data":"True Grit","floor":6,"key":"SMITH"},{"data":"Seeing Red","floor":8,"key":"SMITH"},{"data":"Pommel Strike","floor":15,"key":"SMITH"}],"neow_cost":"NO_GOLD","seed_source_timestamp":632647078374912,"circlet_count":0,"master_deck":["Strike_R","Strike_R","Strike_R","Strike_R","Defend_R","Defend_R","Defend_R","Defend_R","Bash","Wild Strike","Dropkick","Seeing Red+1","True Grit+1","Burning Pact","Pommel Strike+1"],"relics":["Burning Blood","Calipers","Singing Bowl"],"potions_floor_usage":[16,16],"damage_taken":[{"damage":16,"enemies":"Jaw Worm","floor":1,"turns":5},{"damage":1,"enemies":"2 Louse","floor":3,"turns":2},{"damage":1,"enemies":"Cultist","floor":5,"turns":4},{"damage":25,"enemies":"Exordium Thugs","floor":10,"turns":6},{"damage":5,"enemies":"Blue Slaver","floor":11,"turns":3},{"damage":1,"enemies":"3 Louse","floor":12,"turns":4},{"damage":6,"enemies":"Lots of Slimes","floor":13,"turns":5},{"damage":22,"enemies":"Exordium Wildlife","floor":14,"turns":4},{"damage":67,"enemies":"Hexaghost","floor":16,"turns":11}],"seed_played":"-5766758879584657527","potions_obtained":[{"floor":5,"key":"SpeedPotion"},{"floor":12,"key":"BloodPotion"},{"floor":13,"key":"EssenceOfSteel"}],"is_trial":false,"path_per_floor":["M","?","M","$","M","R","$","R","T","M","M","M","M","M","R"],"character_chosen":"IRONCLAD","items_purchased":[],"campfire_rested":0,"item_purchase_floors":[],"current_hp_per_floor":[70,70,75,75,80,80,80,80,80,63,66,73,73,57,57,0],"gold":135,"neow_bonus":"ONE_RARE_RELIC","is_prod":false,"is_daily":false,"chose_seed":false,"campfire_upgraded":3,"win_rate":0,"timestamp":1532201648,"path_taken":["M","?","M","$","M","R","?","R","T","M","?","M","M","M","R","BOSS"],"build_version":"2018-07-19v2","purchased_purges":0,"victory":false,"max_hp_per_floor":[80,80,80,80,80,80,80,80,80,82,84,86,86,86,86,86],"card_choices":[{"not_picked":["Havoc","Second Wind"],"picked":"Wild Strike","floor":1},{"not_picked":["Battle Trance","Heavy Blade"],"picked":"Seeing Red","floor":3},{"not_picked":["Wild Strike","Rampage"],"picked":"True Grit","floor":5},{"not_picked":["Havoc","Headbutt","Seeing Red"],"picked":"Singing Bowl","floor":10},{"not_picked":["Havoc","Shrug It Off","Seeing Red"],"picked":"Singing Bowl","floor":11},{"not_picked":["Seeing Red","Metallicize","Disarm"],"picked":"Singing Bowl","floor":12},{"not_picked":["Carnage","Dark Embrace"],"picked":"Burning Pact","floor":13},{"not_picked":["Heavy Blade","Perfected Strike"],"picked":"Pommel Strike","floor":14}],"player_experience":158794,"relics_obtained":[{"floor":9,"key":"Singing Bowl"}],"event_choices":[{"event_name":"Living Wall","player_choice":"Change","floor":2,"damage_taken":0}],"is_beta":false,"boss_relics":[],"items_purged_floors":[],"is_endless":false,"potions_floor_spawned":[5,12,13,14],"killed_by":"Hexaghost","ascension_level":1}