{"gold_per_floor":[109,69,80,92,108,140,140,140,140,19,32,32,32,64,64,161,161,180,180,192,212,242,242,271,271,296,311,311,326,359,376,376,476,476,496,596,607,220,220,245,245,256,279,279,289,289,289,307,307,307],"floor_reached":51,"playtime":4702,"items_purged":["Strike_R","Strike_R"],"score":973,"play_id":"11fa7f55-af8e-4aac-9976-07015a6d04df","local_time":"20191016080214","is_ascension_mode":true,"campfire_choices":[{"data":"Clothesline","floor":8.0,"key":"SMITH"},{"data":"Metallicize","floor":12.0,"key":"SMITH"},{"floor":15.0,"key":"REST"},{"floor":23.0,"key":"REST"},{"data":"Flex","floor":25.0,"key":"SMITH"},{"floor":28.0,"key":"REST"},{"floor":32.0,"key":"REST"},{"data":"1","floor":41,"key":"LIFT"},{"data":"2","floor":44,"key":"LIFT"},{"data":"3","floor":47,"key":"LIFT"},{"data":"Apotheosis","floor":49,"key":"SMITH"}],"neow_cost":"PERCENT_DAMAGE","seed_source_timestamp":0,"circlet_count":0,"master_deck":["Defend_R","Defend_R","Defend_R","Defend_R","Bash","Clothesline+1","Pommel Strike","Shockwave","Cleave","Metallicize+1","Wild Strike+1","Blood for Blood","Offering","Flex+1","Shrug It Off","Body Slam+1","Limit Break","Shrug It Off+1","Sword Boomerang+1","Battle Trance","Rage","Reaper+1","Evolve+1","Wild Strike","Apotheosis+1","Madness","Madness","Flame Barrier","Pain","Reaper"],"special_seed":0,"relics":["Burning Blood","Smiling Mask","Pen Nib","Bottled Tornado","White Beast Statue","Red Mask","Champion Belt","Strawberry","Question Card","Cursed Key","Girya","Happy Flower","Kunai","Whetstone"],"potions_floor_usage":[33,33,33,40,40,48,50,50,50],"damage_taken":[{"damage":5.0,"enemies":"Jaw Worm","floor":1.0,"turns":5.0},{"damage":1.0,"enemies":"Cultist","floor":3.0,"turns":3.0},{"damage":0.0,"enemies":"2 Louse","floor":4.0,"turns":2.0},{"damage":20.0,"enemies":"Exordium Thugs","floor":5.0,"turns":5.0},{"damage":31.0,"enemies":"Lagavulin","floor":6.0,"turns":8.0},{"damage":7.0,"enemies":"Red Slaver","floor":11.0,"turns":4.0},{"damage":16.0,"enemies":"Gremlin Nob","floor":14.0,"turns":4.0},{"damage":52.0,"enemies":"Slime Boss","floor":16.0,"turns":12.0},{"damage":24.0,"enemies":"Chosen","floor":18.0,"turns":6.0},{"damage":33.0,"enemies":"2 Thieves","floor":20.0,"turns":4.0},{"damage":11.0,"enemies":"Snake Plant","floor":21.0,"turns":5.0},{"damage":14.0,"enemies":"Masked Bandits","floor":22.0,"turns":4.0},{"damage":46.0,"enemies":"Book of Stabbing","floor":24.0,"turns":6.0},{"damage":14.0,"enemies":"Chosen and Byrds","floor":27.0,"turns":6.0},{"damage":11.0,"enemies":"Centurion and Healer","floor":29.0,"turns":8.0},{"damage":45.0,"enemies":"Slavers","floor":30.0,"turns":7.0},{"damage":10.0,"enemies":"Cultist and Chosen","floor":31.0,"turns":4.0},{"damage":42,"enemies":"Champ","floor":33,"turns":17},{"damage":1,"enemies":"Orb Walker","floor":35,"turns":3},{"damage":10,"enemies":"Mind Bloom Boss Battle","floor":36,"turns":8},{"damage":14,"enemies":"3 Darklings","floor":37,"turns":4},{"damage":20,"enemies":"Giant Head","floor":40,"turns":6},{"damage":38,"enemies":"Sphere and 2 Shapes","floor":42,"turns":5},{"damage":24,"enemies":"4 Shapes","floor":45,"turns":6},{"damage":32,"enemies":"Spire Growth","floor":48,"turns":4},{"damage":46,"enemies":"Donu and Deca","floor":50,"turns":8}],"seed_played":"8793243322080734787","potions_obtained":[{"floor":2.0,"key":"SteroidPotion"},{"floor":2.0,"key":"Energy Potion"},{"floor":2.0,"key":"LiquidBronze"},{"floor":3.0,"key":"Dexterity Potion"},{"floor":11.0,"key":"Poison Potion"},{"floor":18.0,"key":"Dexterity Potion"},{"floor":20.0,"key":"BloodPotion"},{"floor":21.0,"key":"SkillPotion"},{"floor":22.0,"key":"FearPotion"},{"floor":24.0,"key":"Dexterity Potion"},{"floor":27.0,"key":"Regen Potion"},{"floor":29.0,"key":"EssenceOfSteel"},{"floor":30.0,"key":"Explosive Potion"},{"floor":31.0,"key":"Strength Potion"},{"floor":33,"key":"Block Potion"},{"floor":35,"key":"PowerPotion"},{"floor":36,"key":"BloodPotion"},{"floor":40,"key":"Poison Potion"},{"floor":42,"key":"Energy Potion"},{"floor":45,"key":"BloodPotion"},{"floor":48,"key":"Regen Potion"}],"is_trial":false,"path_per_floor":["M","?","M","M","M","E","?","R","T","$","M","R","?","E","R","B",null,"M","?","M","M","?","R","E","R","T","M","R","M","E","M","R","B",null,"M","?","M","$","?","E","R","M","T","R","M","?","R","M","R","B",null],"character_chosen":"IRONCLAD","items_purchased":["Metallicize","Apotheosis","Happy Flower"],"campfire_rested":4,"item_purchase_floors":[10,38,38],"current_hp_per_floor":[68,68,73,79,65,40,40,40,40,40,39,39,39,29,57,11,75,57,57,30,25,17,45,29,29,36,28,58,68,29,25,55,19,82,93,95,102,102,89,87,87,67,67,67,69,69,69,94,94,103],"gold":307,"neow_bonus":"TWENTY_PERCENT_HP_BONUS","is_prod":false,"is_daily":false,"chose_seed":false,"campfire_upgraded":4,"win_rate":0,"timestamp":1571205734,"path_taken":["M","?","M","?","M","E","?","R","T","$","M","R","?","E","R","BOSS","M","?","M","?","?","R","E","R","T","M","R","M","E","M","R","BOSS","M","?","M","$","?","E","R","M","T","R","M","?","R","?","R","BOSS"],"build_version":"2019-07-17","purchased_purges":2,"victory":true,"max_hp_per_floor":[96,96,96,96,96,96,96,96,96,96,96,96,96,96,96,96,96,96,96,96,96,96,96,96,96,103,103,103,103,103,103,103,103,103,103,103,103,103,103,103,103,103,103,103,103,103,103,103,103,103],"card_choices":[{"not_picked":["Pommel Strike","Intimidate"],"picked":"Clothesline","floor":1.0},{"not_picked":["Havoc","Thunderclap"],"picked":"Pommel Strike","floor":3.0},{"not_picked":["Feel No Pain","Iron Wave"],"picked":"Shockwave","floor":4.0},{"not_picked":["Thunderclap","Clash","Clothesline"],"picked":"SKIP","floor":5.0},{"not_picked":["Sever Soul","Cleave","Reckless Charge"],"picked":"SKIP","floor":6.0},{"not_picked":["Sever Soul","Reckless Charge"],"picked":"Cleave","floor":6.0},{"not_picked":["Havoc","Hemokinesis"],"picked":"Wild Strike","floor":11.0},{"not_picked":["Iron Wave","Body Slam","Exhume"],"picked":"SKIP","floor":14.0},{"not_picked":["Juggernaut","Impervious"],"picked":"Offering","floor":16.0},{"not_picked":["Warcry","Sword Boomerang"],"picked":"Flex","floor":18.0},{"not_picked":["Intimidate+1","True Grit"],"picked":"Shrug It Off","floor":20.0},{"not_picked":["Armaments","Thunderclap"],"picked":"Body Slam+1","floor":21.0},{"not_picked":["Power Through","Metallicize"],"picked":"Limit Break","floor":22.0},{"not_picked":["Twin Strike","Searing Blow"],"picked":"Shrug It Off+1","floor":24.0},{"not_picked":["Perfected Strike+1","Second Wind"],"picked":"Sword Boomerang+1","floor":27.0},{"not_picked":["Heavy Blade","Blood for Blood","Havoc"],"picked":"SKIP","floor":29.0},{"not_picked":["Pommel Strike+1","Iron Wave"],"picked":"Battle Trance","floor":30.0},{"not_picked":["Headbutt","Heavy Blade","Havoc+1"],"picked":"Rage","floor":31.0},{"not_picked":["Berserk","Brutality","Impervious"],"picked":"Reaper","floor":33},{"not_picked":["Body Slam","Shockwave+1","Armaments"],"picked":"Evolve+1","floor":35},{"not_picked":["Sentinel+1","Corruption+1","Blood for Blood"],"picked":"Wild Strike","floor":37},{"not_picked":["Armaments","Clash+1","Hemokinesis","Combust"],"picked":"SKIP","floor":40},{"not_picked":["Body Slam+1","Iron Wave","Armaments"],"picked":"Flame Barrier","floor":42},{"not_picked":["Feel No Pain+1","Clash+1","Entrench+1"],"picked":"Reaper","floor":45},{"not_picked":["Seeing Red","Warcry","Pommel Strike","Wild Strike"],"picked":"SKIP","floor":48}],"player_experience":276541,"relics_obtained":[{"floor":6.0,"key":"Smiling Mask"},{"floor":9.0,"key":"Pen Nib"},{"floor":14.0,"key":"Bottled Tornado"},{"floor":22.0,"key":"Red Mask"},{"floor":24.0,"key":"Champion Belt"},{"floor":26.0,"key":"Strawberry"},{"floor":30.0,"key":"Question Card"},{"floor":36,"key":"Girya"},{"floor":40,"key":"Kunai"},{"floor":43,"key":"Whetstone"}],"event_choices":[{"damage_healed":0.0,"max_hp_gain":0.0,"max_hp_loss":0.0,"gold_gain":0.0,"event_name":"The Woman in Blue","player_choice":"Bought 3 Potions","floor":2.0,"gold_loss":0.0,"damage_taken":0.0},{"cards_removed":["Strike_R"],"damage_healed":0.0,"max_hp_gain":0.0,"max_hp_loss":0.0,"gold_gain":0.0,"event_name":"Living Wall","player_choice":"Forget","floor":7.0,"gold_loss":0.0,"damage_taken":0.0},{"damage_healed":0.0,"max_hp_gain":0.0,"max_hp_loss":0.0,"gold_gain":0.0,"event_name":"Match and Keep!","player_choice":"1 cards matched","floor":13.0,"gold_loss":0.0,"damage_taken":0.0,"cards_obtained":["Blood for Blood"]},{"cards_removed":["Strike_R"],"damage_healed":0.0,"max_hp_gain":0.0,"max_hp_loss":0.0,"gold_gain":0.0,"event_name":"Purifier","player_choice":"Purged","floor":19.0,"gold_loss":0.0,"damage_taken":0.0},{"damage_healed":0.0,"max_hp_gain":0.0,"max_hp_loss":0.0,"gold_gain":0.0,"event_name":"Masked Bandits","player_choice":"Fought Bandits","floor":22.0,"gold_loss":0.0,"damage_taken":0.0},{"damage_healed":0,"gold_gain":0,"player_choice":"Fight","damage_taken":0,"max_hp_gain":0,"max_hp_loss":0,"event_name":"MindBloom","floor":36,"gold_loss":0},{"damage_healed":0,"gold_gain":0,"player_choice":"Embrace Madness","damage_taken":13,"max_hp_gain":0,"max_hp_loss":0,"event_name":"Winding Halls","floor":39,"gold_loss":0,"cards_obtained":["Madness","Madness"]},{"cards_removed":["Strike_R"],"damage_healed":0,"gold_gain":0,"player_choice":"Purged","damage_taken":0,"max_hp_gain":0,"max_hp_loss":0,"event_name":"Purifier","floor":46,"gold_loss":0}],"is_beta":false,"boss_relics":[{"not_picked":["Tiny House","Runic Pyramid"],"picked":"White Beast Statue"},{"not_picked":["Sozu","Lizard Tail"],"picked":"Cursed Key"}],"items_purged_floors":[10,38],"is_endless":false,"potions_floor_spawned":[3,11,18,20,21,22,24,27,29,30,31,33,35,36,37,40,42,45,48],"ascension_level":7}