{"gold_per_floor":[116,131,4,4,23,49,67,67,93,93,103,103,141,157,157,276,276],"floor_reached":17,"playtime":548,"items_purged":[],"score":167,"play_id":"1a57a9a6-0391-48f9-bd8a-e2c5fd85d1ee","local_time":"20190714235347","is_ascension_mode":false,"campfire_choices":[{"data":"Zap","floor":8,"key":"SMITH"},{"data":"Doom and Gloom","floor":10,"key":"SMITH"},{"floor":15,"key":"REST"}],"neow_cost":"TEN_PERCENT_HP_LOSS","seed_source_timestamp":364985537198465,"circlet_count":0,"master_deck":["Strike_B","Strike_B","Strike_B","Strike_B","Defend_B","Defend_B","Defend_B","Defend_B","Zap+1","Dualcast","Electrodynamics","Rebound","Conserve Battery","Go for the Eyes","Genetic Algorithm","Beam Cell","Doom and Gloom+1","All For One","Echo Form"],"relics":["Cracked Core","Potion Belt","Vajra","Golden Idol","Smiling Mask"],"potions_floor_usage":[7,7,14,16,16],"damage_taken":[{"damage":1,"enemies":"Jaw Worm","floor":1,"turns":3},{"damage":2,"enemies":"2 Louse","floor":2,"turns":2},{"damage":2,"enemies":"Small Slimes","floor":5,"turns":4},{"damage":29,"enemies":"3 Sentries","floor":6,"turns":4},{"damage":10,"enemies":"Exordium Thugs","floor":7,"turns":4},{"damage":1,"enemies":"3 Louse","floor":11,"turns":3},{"damage":19,"enemies":"Lagavulin","floor":13,"turns":6},{"damage":5,"enemies":"2 Fungi Beasts","floor":14,"turns":2},{"damage":25,"enemies":"The Guardian","floor":16,"turns":9}],"seed_played":"4544987906673614343","potions_obtained":[{"floor":2,"key":"Strength Potion"},{"floor":6,"key":"Swift Potion"},{"floor":7,"key":"Explosive Potion"},{"floor":13,"key":"Poison Potion"},{"floor":14,"key":"Fruit Juice"}],"is_trial":false,"path_per_floor":["M","M","$","?","M","E","M","R","T","R","M","?","E","M","R","B",null],"character_chosen":"DEFECT","items_purchased":["Go for the Eyes","Genetic Algorithm"],"campfire_rested":1,"item_purchase_floors":[3,3],"current_hp_per_floor":[67,65,65,70,68,39,29,29,29,29,28,28,9,9,30,5,5],"gold":276,"neow_bonus":"THREE_RARE_CARDS","is_prod":false,"is_daily":false,"chose_seed":false,"campfire_upgraded":2,"win_rate":0,"timestamp":1563144827,"path_taken":["M","M","$","?","M","E","M","R","T","R","M","?","E","M","R","BOSS"],"build_version":"2019-07-05","purchased_purges":0,"victory":false,"max_hp_per_floor":[68,68,68,73,73,73,73,73,73,73,73,68,68,73,73,73,73],"card_choices":[{"not_picked":["Meteor Strike","All For One"],"picked":"Electrodynamics","floor":0},{"not_picked":["Beam Cell","Compile Driver"],"picked":"Rebound","floor":1},{"not_picked":["Tempest","Force Field"],"picked":"Conserve Battery","floor":2},{"not_picked":["FTL","Stack"],"picked":"Beam Cell","floor":5},{"not_picked":["Auto Shields","Skim"],"picked":"Doom and Gloom","floor":6},{"not_picked":["Beam Cell","Go for the Eyes","Rebound"],"picked":"SKIP","floor":7},{"not_picked":["Sweeping Beam","Streamline","Steam"],"picked":"SKIP","floor":11},{"not_picked":["Sweeping Beam","Scrape","Tempest"],"picked":"SKIP","floor":13},{"not_picked":["Redo","Beam Cell"],"picked":"All For One","floor":14},{"not_picked":["Fission","Core Surge"],"picked":"Echo Form","floor":16}],"player_experience":1692897,"relics_obtained":[{"floor":6,"key":"Potion Belt"},{"floor":9,"key":"Vajra"},{"floor":13,"key":"Smiling Mask"}],"event_choices":[{"damage_healed":0,"gold_gain":0,"player_choice":"Donut","damage_taken":0,"max_hp_gain":5,"max_hp_loss":0,"event_name":"Big Fish","floor":4,"gold_loss":0},{"damage_healed":0,"gold_gain":0,"player_choice":"Lose Max HP","damage_taken":0,"relics_obtained":["Golden Idol"],"max_hp_gain":0,"max_hp_loss":5,"event_name":"Golden Idol","floor":12,"gold_loss":0}],"is_beta":false,"boss_relics":[],"items_purged_floors":[],"is_endless":false,"potions_floor_spawned":[2,6,7,13,14],"ascension_level":0}