{"gold_per_floor":[13,13,13,88,102,127,141,141,171,171,19,31,31,64,64,167,167,184,204,221,1,1,13,28,28,28,39,66,21,47,57,57,158,158,172,172,187,197,2,2,34,34,85,185,185,135,167,182,182,182,182,182,132,160,160],"floor_reached":55,"playtime":2212,"items_purged":["Strike_B","Strike_B","Strike_B"],"score":1065,"play_id":"d1a6ab3f-3b21-4d82-bf7f-ec1cba7829e0","local_time":"20190820192833","is_ascension_mode":true,"campfire_choices":[{"data":"Sweeping Beam","floor":8,"key":"SMITH"},{"data":"Zap","floor":10,"key":"SMITH"},{"data":"Dualcast","floor":15,"key":"SMITH"},{"data":"Defragment","floor":25,"key":"SMITH"},{"floor":32,"key":"REST"},{"floor":40,"key":"REST"},{"floor":42,"key":"RECALL"},{"floor":49,"key":"REST"},{"floor":52,"key":"REST"}],"neow_cost":"NO_GOLD","seed_source_timestamp":468227186505700,"circlet_count":0,"master_deck":["Defend_B","Defend_B","Defend_B","Defend_B","Zap+1","Dualcast+1","Buffer+1","Gash","Cold Snap","Sweeping Beam+1","Compile Driver","Gash","Cold Snap","Electrodynamics","Ball Lightning","Self Repair+1","Defragment+1","Core Surge","Core Surge","Gash+1","Force Field+1","Coolheaded","Machine Learning","Compile Driver","All For One","Coolheaded+1","Coolheaded","Coolheaded+1","Defragment+1"],"relics":["Cracked Core","Matryoshka","Tiny Chest","Lantern","DataDisk","Happy Flower","Sozu","Bronze Scales","Pen Nib","Omamori","Symbiotic Virus","Fusion Hammer","Blue Candle","Bag of Preparation","Smiling Mask","Emotion Chip","Vajra","Potion Belt","Dodecahedron"],"potions_floor_usage":[14,16,30],"damage_taken":[{"damage":11,"enemies":"Small Slimes","floor":1,"turns":4},{"damage":2,"enemies":"Jaw Worm","floor":5,"turns":3},{"damage":14,"enemies":"Gremlin Nob","floor":6,"turns":4},{"damage":0,"enemies":"2 Louse","floor":7,"turns":2},{"damage":4,"enemies":"Red Slaver","floor":12,"turns":3},{"damage":4,"enemies":"3 Sentries","floor":14,"turns":5},{"damage":0,"enemies":"Slime Boss","floor":16,"turns":6},{"damage":0,"enemies":"Spheric Guardian","floor":18,"turns":3},{"damage":1,"enemies":"Shell Parasite","floor":19,"turns":4},{"damage":3,"enemies":"Snecko","floor":20,"turns":5},{"damage":12,"enemies":"Cultist and Chosen","floor":23,"turns":5},{"damage":18,"enemies":"Shelled Parasite and Fungi","floor":24,"turns":5},{"damage":18,"enemies":"Centurion and Healer","floor":27,"turns":3},{"damage":14,"enemies":"Book of Stabbing","floor":28,"turns":4},{"damage":29,"enemies":"Slavers","floor":30,"turns":3},{"damage":0,"enemies":"Snake Plant","floor":31,"turns":2},{"damage":44,"enemies":"Champ","floor":33,"turns":10},{"damage":20,"enemies":"3 Darklings","floor":35,"turns":2},{"damage":3,"enemies":"3 Shapes","floor":37,"turns":4},{"damage":0,"enemies":"Sphere and 2 Shapes","floor":38,"turns":4},{"damage":0,"enemies":"Giant Head","floor":41,"turns":6},{"damage":0,"enemies":"Mind Bloom Boss Battle","floor":44,"turns":3},{"damage":3,"enemies":"Nemesis","floor":47,"turns":5},{"damage":0,"enemies":"Maw","floor":48,"turns":5},{"damage":32,"enemies":"Time Eater","floor":50,"turns":10},{"damage":56,"enemies":"Shield and Spear","floor":54,"turns":5},{"damage":48,"enemies":"The Heart","floor":55,"turns":2}],"seed_played":"-5925555885323847016","potions_obtained":[{"floor":5,"key":"Energy Potion"},{"floor":6,"key":"Fire Potion"},{"floor":12,"key":"SkillPotion"}],"is_trial":false,"path_per_floor":["M","?","$","?","M","E","M","R","T","R","$","M","?","E","R","B",null,"M","M","M","$","?","M","M","R","T","M","E","$","E","M","R","B",null,"M","?","M","M","$","R","E","R","T","?","T","$","E","M","R","B",null,"R","$","E","B"],"character_chosen":"DEFECT","items_purchased":["DataDisk","Defragment","Core Surge","Coolheaded","Bag of Preparation","Coolheaded"],"campfire_rested":4,"item_purchase_floors":[11,21,21,29,39,39],"current_hp_per_floor":[57,57,57,46,44,30,30,30,30,30,30,26,51,47,47,47,68,68,67,64,64,64,62,54,54,54,46,42,42,23,23,45,11,59,39,39,46,56,56,75,75,75,75,75,75,75,75,75,75,53,70,75,75,29,0],"gold":160,"neow_bonus":"THREE_RARE_CARDS","is_prod":false,"is_daily":false,"chose_seed":false,"campfire_upgraded":4,"win_rate":0,"timestamp":1566325713,"path_taken":["M","?","?","?","M","E","M","R","T","R","$","M","?","E","R","BOSS","M","M","M","$","?","?","?","R","T","M","E","?","E","M","R","BOSS","M","?","?","M","$","R","E","R","T","?","?","$","E","?","R","BOSS","R","$","E","BOSS"],"build_version":"2019-07-17","purchased_purges":3,"victory":false,"max_hp_per_floor":[75,75,75,75,75,75,75,75,75,75,75,75,75,75,75,75,75,75,75,75,75,75,75,75,75,75,75,75,75,75,75,75,75,75,75,75,75,75,75,75,75,75,75,75,75,75,75,75,75,75,75,75,75,75,75],"card_choices":[{"not_picked":["Amplify","Machine Learning"],"picked":"Buffer","floor":0},{"not_picked":["Stack","Conserve Battery"],"picked":"Gash","floor":1},{"not_picked":["Lockon","Compile Driver"],"picked":"Cold Snap","floor":5},{"not_picked":["Chill","Turbo"],"picked":"Sweeping Beam","floor":6},{"not_picked":["Barrage","Stack"],"picked":"Compile Driver","floor":7},{"not_picked":["Force Field","Heatsinks"],"picked":"Gash","floor":12},{"not_picked":["FTL","Reprogram"],"picked":"Cold Snap","floor":14},{"not_picked":["Hyperbeam","Biased Cognition"],"picked":"Electrodynamics","floor":16},{"not_picked":["Ball Lightning","Steam+1","Leap"],"picked":"SKIP","floor":18},{"not_picked":["Steam+1","Leap"],"picked":"Ball Lightning","floor":18},{"not_picked":["Go for the Eyes","Reprogram"],"picked":"Darkness+1","floor":19},{"not_picked":["Aggregate+1","Conserve Battery"],"picked":"Self Repair+1","floor":20},{"not_picked":["Rebound","Chaos","Stack"],"picked":"SKIP","floor":23},{"not_picked":["Cold Snap","Beam Cell","Ball Lightning"],"picked":"SKIP","floor":24},{"not_picked":["Fusion+1","Leap"],"picked":"Gash+1","floor":27},{"not_picked":["Consume","Conserve Battery+1"],"picked":"Force Field+1","floor":28},{"not_picked":["Chill","Barrage"],"picked":"Machine Learning","floor":30},{"not_picked":["Chill","Rebound"],"picked":"Compile Driver","floor":31},{"not_picked":["Fission","Machine Learning"],"picked":"All For One","floor":33},{"not_picked":["Turbo+1","Stack","Hologram"],"picked":"SKIP","floor":35},{"not_picked":["Cold Snap","Redo","Gash"],"picked":"SKIP","floor":37},{"not_picked":["Aggregate+1","Blizzard"],"picked":"Coolheaded+1","floor":38},{"not_picked":["Beam Cell","Turbo","Chaos"],"picked":"SKIP","floor":41},{"not_picked":["Multi-Cast","Stack","Ball Lightning"],"picked":"SKIP","floor":47},{"not_picked":["Hologram+1","Melter+1"],"picked":"Coolheaded+1","floor":48},{"not_picked":["Hologram+1","Electrodynamics"],"picked":"Defragment+1","floor":54}],"player_experience":1827628,"relics_obtained":[{"floor":6,"key":"Matryoshka"},{"floor":9,"key":"Tiny Chest"},{"floor":9,"key":"Lantern"},{"floor":14,"key":"Happy Flower"},{"floor":26,"key":"Bronze Scales"},{"floor":26,"key":"Pen Nib"},{"floor":28,"key":"Omamori"},{"floor":30,"key":"Symbiotic Virus"},{"floor":41,"key":"Smiling Mask"},{"floor":44,"key":"Emotion Chip"},{"floor":45,"key":"Vajra"},{"floor":47,"key":"Potion Belt"},{"floor":54,"key":"Dodecahedron"}],"event_choices":[{"damage_healed":0,"gold_gain":0,"player_choice":"Grow","damage_taken":0,"max_hp_gain":0,"max_hp_loss":0,"event_name":"Living Wall","floor":2,"gold_loss":0,"cards_upgraded":["Buffer"]},{"damage_healed":0,"gold_gain":75,"player_choice":"Gather Gold","damage_taken":11,"max_hp_gain":0,"max_hp_loss":0,"event_name":"World of Goop","floor":4,"gold_loss":0},{"damage_healed":25,"gold_gain":0,"player_choice":"Banana","damage_taken":0,"max_hp_gain":0,"max_hp_loss":0,"event_name":"Big Fish","floor":13,"gold_loss":0},{"damage_healed":0,"gold_gain":0,"cards_transformed":["Strike_B"],"player_choice":"Transformed","damage_taken":0,"max_hp_gain":0,"max_hp_loss":0,"event_name":"Transmorgrifier","floor":22,"gold_loss":0,"cards_obtained":["Core Surge"]},{"cards_removed":["Darkness"],"damage_healed":0,"gold_gain":0,"player_choice":"Gave Card","damage_taken":0,"relics_obtained":["Blue Candle"],"max_hp_gain":0,"max_hp_loss":0,"event_name":"WeMeetAgain","floor":36,"gold_loss":0},{"damage_healed":0,"gold_gain":0,"player_choice":"Fight","damage_taken":0,"max_hp_gain":0,"max_hp_loss":0,"event_name":"MindBloom","floor":44,"gold_loss":0}],"is_beta":false,"boss_relics":[{"not_picked":["Busted Crown","Philosopher\u0027s Stone"],"picked":"Sozu"},{"not_picked":["White Beast Statue","Orrery"],"picked":"Fusion Hammer"}],"items_purged_floors":[21,46,53],"is_endless":false,"potions_floor_spawned":[5,6,12,20,24,30,31,33,41,44,47,48,54],"killed_by":"The Heart","ascension_level":6}