{"gold_per_floor":[111,128,139,139,139,139,168,179,179,206,10,10,27,59,59,160,160,176,187,102,27,46,46,73,73,73,92,120,120,72,85,85,186,186,197,197,213,230,247,247,264,264,264,291,44,57,57,68,68,68,68,68,22,53,53],"floor_reached":55,"playtime":2297,"items_purged":["Strike_R","Strike_R"],"score":759,"play_id":"f96d7c8a-0813-4095-8c00-8256c261d786","local_time":"20190714002702","is_ascension_mode":false,"campfire_choices":[{"data":"Carnage","floor":6,"key":"SMITH"},{"data":"Pommel Strike","floor":15,"key":"SMITH"},{"data":"Metallicize","floor":23,"key":"SMITH"},{"data":"Bash","floor":25,"key":"SMITH"},{"data":"Spot Weakness","floor":29,"key":"SMITH"},{"floor":32,"key":"RECALL"},{"floor":40,"key":"REST"},{"data":"Twin Strike","floor":42,"key":"SMITH"},{"data":"Rupture","floor":49,"key":"SMITH"},{"data":"Defend_R","floor":52,"key":"SMITH"}],"neow_cost":"NONE","seed_source_timestamp":278827630575342,"circlet_count":0,"master_deck":["Strike_R","Defend_R+1","Defend_R","Defend_R","Defend_R","Bash+1","Carnage+1","Twin Strike+1","Spot Weakness+1","Metallicize+1","Cleave","Flex+1","Reaper","Armaments+1","Pommel Strike+1","Limit Break+1","Shrug It Off+1","Twin Strike","Headbutt","Warcry+1","True Grit+1","Brutality+1","Double Tap+1","True Grit+1","Dual Wield+1","Combust+1","Clothesline+1","Offering+1","Offering+1","Madness+1","Madness+1","Rupture+1","Shrug It Off+1","Warcry+1"],"relics":["Burning Blood","Bag of Marbles","Toxic Egg 2","Shuriken","Lantern","Regal Pillow","Philosopher\u0027s Stone","Art of War","Gremlin Horn","Blood Vial","Orrery","Mummified Hand","Pen Nib","Bag of Preparation"],"potions_floor_usage":[14,16,18,24,24,33,50,55,55],"damage_taken":[{"damage":8,"enemies":"Jaw Worm","floor":1,"turns":3},{"damage":1,"enemies":"2 Louse","floor":2,"turns":2},{"damage":2,"enemies":"Small Slimes","floor":3,"turns":2},{"damage":22,"enemies":"3 Sentries","floor":7,"turns":7},{"damage":0,"enemies":"3 Louse","floor":8,"turns":3},{"damage":18,"enemies":"Lagavulin","floor":10,"turns":8},{"damage":0,"enemies":"Exordium Thugs","floor":13,"turns":2},{"damage":1,"enemies":"3 Sentries","floor":14,"turns":4},{"damage":13,"enemies":"Slime Boss","floor":16,"turns":7},{"damage":12,"enemies":"3 Byrds","floor":18,"turns":3},{"damage":11,"enemies":"Spheric Guardian","floor":19,"turns":3},{"damage":0,"enemies":"Snake Plant","floor":22,"turns":2},{"damage":14,"enemies":"Slavers","floor":24,"turns":5},{"damage":7,"enemies":"Snecko","floor":27,"turns":4},{"damage":0,"enemies":"Gremlin Leader","floor":28,"turns":3},{"damage":0,"enemies":"Centurion and Healer","floor":31,"turns":4},{"damage":31,"enemies":"Champ","floor":33,"turns":6},{"damage":1,"enemies":"Orb Walker","floor":35,"turns":3},{"damage":6,"enemies":"3 Shapes","floor":37,"turns":2},{"damage":41,"enemies":"Writhing Mass","floor":38,"turns":3},{"damage":21,"enemies":"Spire Growth","floor":39,"turns":5},{"damage":25,"enemies":"Jaw Worm Horde","floor":41,"turns":3},{"damage":40,"enemies":"Giant Head","floor":44,"turns":7},{"damage":20,"enemies":"Maw","floor":46,"turns":5},{"damage":9,"enemies":"Sphere and 2 Shapes","floor":48,"turns":3},{"damage":61,"enemies":"Donu and Deca","floor":50,"turns":4},{"damage":58,"enemies":"Shield and Spear","floor":54,"turns":5},{"damage":103,"enemies":"The Heart","floor":55,"turns":3}],"seed_played":"8180209579235523642","potions_obtained":[{"floor":7,"key":"LiquidBronze"},{"floor":8,"key":"Swift Potion"},{"floor":10,"key":"SkillPotion"},{"floor":14,"key":"Strength Potion"},{"floor":16,"key":"Poison Potion"},{"floor":18,"key":"Swift Potion"},{"floor":27,"key":"Dexterity Potion"},{"floor":28,"key":"Explosive Potion"},{"floor":39,"key":"Dexterity Potion"},{"floor":41,"key":"Block Potion"}],"is_trial":false,"path_per_floor":["M","M","M","?","?","R","E","M","T","E","$","?","M","E","R","B",null,"M","M","?","$","M","R","E","R","T","M","E","R","$","M","R","B",null,"M","?","M","M","M","R","M","R","T","E","$","M","?","M","R","B",null,"R","$","E","B"],"character_chosen":"IRONCLAD","items_purchased":["Reaper","Armaments+1","True Grit+1","Offering+1","Shrug It Off+1"],"campfire_rested":1,"item_purchase_floors":[11,11,30,45,53],"current_hp_per_floor":[78,80,80,73,78,78,62,68,68,56,56,53,83,85,85,78,85,79,84,84,84,85,85,85,85,85,84,85,85,85,85,85,85,85,85,85,85,50,44,84,82,82,82,77,77,85,74,73,73,42,85,85,85,85,0],"gold":53,"neow_bonus":"REMOVE_CARD","is_prod":false,"is_daily":false,"chose_seed":false,"campfire_upgraded":8,"win_rate":0,"timestamp":1563060422,"path_taken":["M","M","M","?","?","R","E","M","T","E","$","?","M","E","R","BOSS","M","M","?","?","M","R","E","R","T","?","E","R","$","M","R","BOSS","M","?","?","M","M","R","M","R","T","E","$","M","?","M","R","BOSS","R","$","E","BOSS"],"build_version":"2019-07-05","purchased_purges":2,"victory":false,"max_hp_per_floor":[80,80,80,80,85,85,85,85,85,85,85,85,85,85,85,85,85,85,85,85,85,85,85,85,85,85,85,85,85,85,85,85,85,85,85,85,85,85,85,85,85,85,85,85,85,85,85,85,85,85,85,85,85,85,85],"card_choices":[{"not_picked":["Anger","Perfected Strike"],"picked":"Carnage","floor":1},{"not_picked":["Thunderclap","Burning Pact"],"picked":"Twin Strike","floor":2},{"not_picked":["Warcry","Evolve"],"picked":"Spot Weakness","floor":3},{"not_picked":["Rupture","Havoc"],"picked":"Metallicize","floor":7},{"not_picked":["Iron Wave","Sword Boomerang"],"picked":"Cleave","floor":8},{"not_picked":["Uppercut","Inflame"],"picked":"Flex+1","floor":10},{"not_picked":["Thunderclap","Clothesline"],"picked":"Pommel Strike","floor":13},{"not_picked":["Cleave","Dropkick"],"picked":"Limit Break+1","floor":14},{"not_picked":["Clash","Heavy Blade"],"picked":"Shrug It Off+1","floor":18},{"not_picked":["Anger","Infernal Blade+1"],"picked":"Twin Strike","floor":19},{"not_picked":["Cleave","Flex+1"],"picked":"Headbutt","floor":22},{"not_picked":["Corruption","Whirlwind"],"picked":"Warcry+1","floor":24},{"not_picked":["Havoc+1","Cleave","Fire Breathing"],"picked":"SKIP","floor":27},{"not_picked":["Iron Wave","Whirlwind","Anger"],"picked":"SKIP","floor":28},{"not_picked":["Iron Wave+1","Shrug It Off+1"],"picked":"Brutality","floor":31},{"not_picked":["Exhume+1","Demon Form"],"picked":"Double Tap+1","floor":33},{"not_picked":["Spot Weakness+1","Bloodletting+1"],"picked":"True Grit+1","floor":34},{"not_picked":["Warcry+1","True Grit+1"],"picked":"Dual Wield+1","floor":34},{"not_picked":["Anger","Iron Wave"],"picked":"Combust+1","floor":34},{"not_picked":["Headbutt","Twin Strike","Juggernaut"],"picked":"SKIP","floor":35},{"not_picked":["Blood for Blood","Havoc+1","Armaments+1"],"picked":"SKIP","floor":37},{"not_picked":["Rampage","True Grit+1","Sentinel+1"],"picked":"SKIP","floor":38},{"not_picked":["Sentinel+1","Iron Wave"],"picked":"Clothesline+1","floor":39},{"not_picked":["Flame Barrier+1","Havoc+1"],"picked":"Offering+1","floor":41},{"not_picked":["Cleave","True Grit+1","Searing Blow"],"picked":"SKIP","floor":44},{"not_picked":["Warcry+1","Perfected Strike+1","Thunderclap+1"],"picked":"SKIP","floor":46},{"not_picked":["Twin Strike","Cleave+1"],"picked":"Rupture","floor":48},{"not_picked":["Dark Embrace","Flex+1"],"picked":"Warcry+1","floor":54}],"player_experience":1688239,"relics_obtained":[{"floor":7,"key":"Bag of Marbles"},{"floor":9,"key":"Toxic Egg 2"},{"floor":10,"key":"Shuriken"},{"floor":14,"key":"Regal Pillow"},{"floor":24,"key":"Gremlin Horn"},{"floor":28,"key":"Blood Vial"},{"floor":43,"key":"Mummified Hand"},{"floor":44,"key":"Pen Nib"},{"floor":54,"key":"Bag of Preparation"}],"event_choices":[{"cards_removed":["Strike_R"],"damage_healed":0,"gold_gain":0,"player_choice":"Card Removal","damage_taken":7,"max_hp_gain":0,"max_hp_loss":0,"event_name":"Golden Wing","floor":4,"gold_loss":0},{"damage_healed":0,"gold_gain":0,"player_choice":"Donut","damage_taken":0,"max_hp_gain":5,"max_hp_loss":0,"event_name":"Big Fish","floor":5,"gold_loss":0},{"damage_healed":0,"gold_gain":0,"player_choice":"Success","damage_taken":3,"relics_obtained":["Lantern"],"max_hp_gain":0,"max_hp_loss":0,"event_name":"Scrap Ooze","floor":12,"gold_loss":0},{"damage_healed":0,"gold_gain":0,"player_choice":"Obtained Relic","damage_taken":0,"relics_obtained":["Art of War"],"max_hp_gain":0,"max_hp_loss":0,"event_name":"Addict","floor":20,"gold_loss":85},{"damage_healed":0,"gold_gain":0,"player_choice":"Upgraded","damage_taken":0,"max_hp_gain":0,"max_hp_loss":0,"event_name":"Upgrade Shrine","floor":36,"gold_loss":0,"cards_upgraded":["Brutality"]},{"damage_healed":0,"gold_gain":0,"player_choice":"Embrace Madness","damage_taken":11,"max_hp_gain":0,"max_hp_loss":0,"event_name":"Winding Halls","floor":47,"gold_loss":0,"cards_obtained":["Madness","Madness"]}],"is_beta":false,"boss_relics":[{"not_picked":["Black Blood","Runic Cube"],"picked":"Philosopher\u0027s Stone"},{"not_picked":["Cursed Key","Eternal Feather"],"picked":"Orrery"}],"items_purged_floors":[21,45],"is_endless":false,"potions_floor_spawned":[7,8,10,14,16,18,27,28,39,41,44],"killed_by":"The Heart","ascension_level":0}