{"gold_per_floor":[117,135,152,168,179,179,206,206,253,253,269,303,319,331,331,402,402,414,434,0,0,50,80,100,100,100,100],"floor_reached":27,"playtime":2003,"items_purged":["Strike_B"],"score":445,"play_id":"66ed98d8-70e5-4939-a9de-378792a9d5ce","local_time":"20191026172203","is_ascension_mode":true,"campfire_choices":[{"data":"Sunder","floor":6.0,"key":"SMITH"},{"floor":8.0,"key":"REST"},{"floor":15.0,"key":"REST"},{"data":"Self Repair","floor":25,"key":"SMITH"}],"neow_cost":"NONE","seed_source_timestamp":1156754546635100,"circlet_count":0,"master_deck":["AscendersBane","Strike_B","Defend_B","Defend_B","Defend_B","Defend_B","Zap","Dualcast","Go for the Eyes","Reinforced Body","Sweeping Beam","Sunder+1","Gash","Rip and Tear","Capacitor","Cold Snap","Gash","All For One","Gash","White Noise","Self Repair+1","Turbo","Necronomicurse","Conserve Battery"],"special_seed":0,"relics":["Cracked Core","Cables","Orichalcum","Singing Bowl","Coffee Dripper","Sling","Necronomicon","Dream Catcher","Bottled Flame"],"potions_floor_usage":[23,23],"damage_taken":[{"damage":1.0,"enemies":"Cultist","floor":1.0,"turns":3.0},{"damage":2.0,"enemies":"2 Louse","floor":2.0,"turns":3.0},{"damage":0.0,"enemies":"Small Slimes","floor":3.0,"turns":3.0},{"damage":16.0,"enemies":"Blue Slaver","floor":4.0,"turns":4.0},{"damage":0.0,"enemies":"2 Fungi Beasts","floor":5.0,"turns":3.0},{"damage":25.0,"enemies":"Lagavulin","floor":7.0,"turns":7.0},{"damage":6.0,"enemies":"Exordium Thugs","floor":11.0,"turns":3.0},{"damage":5.0,"enemies":"3 Sentries","floor":12.0,"turns":6.0},{"damage":6.0,"enemies":"Looter","floor":13.0,"turns":2.0},{"damage":0.0,"enemies":"Large Slime","floor":14.0,"turns":5.0},{"damage":34.0,"enemies":"The Guardian","floor":16.0,"turns":11.0},{"damage":0.0,"enemies":"3 Byrds","floor":18.0,"turns":5.0},{"damage":2.0,"enemies":"Spheric Guardian","floor":19.0,"turns":3.0},{"damage":9,"enemies":"Slavers","floor":23,"turns":5},{"damage":18,"enemies":"Snake Plant","floor":24,"turns":3},{"damage":30,"enemies":"Shelled Parasite and Fungi","floor":27,"turns":5}],"seed_played":"4301977183801185859","potions_obtained":[{"floor":4.0,"key":"Fire Potion"},{"floor":7.0,"key":"SpeedPotion"},{"floor":13.0,"key":"SkillPotion"},{"floor":19.0,"key":"Swift Potion"}],"is_trial":false,"path_per_floor":["M","M","M","M","M","R","E","R","T","?","M","E","M","M","R","B",null,"M","M","$","?","?","E","M","R","T","M"],"character_chosen":"DEFECT","items_purchased":["Self Repair","Turbo","Sling"],"campfire_rested":2,"item_purchase_floors":[20,20,20],"current_hp_per_floor":[63,61,61,45,45,45,20,41,41,41,35,30,24,24,45,11,56,56,54,54,33,33,33,22,22,22,0],"gold":100,"neow_bonus":"REMOVE_CARD","is_prod":false,"is_daily":false,"chose_seed":false,"campfire_upgraded":2,"win_rate":0,"timestamp":1572103323,"path_taken":["M","?","M","M","M","R","E","R","T","?","M","E","M","?","R","BOSS","M","M","$","?","?","E","?","R","T","M"],"build_version":"2019-07-17","purchased_purges":1,"victory":false,"max_hp_per_floor":[71,71,71,71,71,71,71,71,71,71,71,71,71,71,71,71,71,71,71,71,71,71,73,73,73,73,73],"card_choices":[{"not_picked":["Turbo","Steam","Skim"],"picked":"SKIP","floor":1.0},{"not_picked":["Chill","Streamline"],"picked":"Go for the Eyes","floor":2.0},{"not_picked":["Coolheaded","Force Field"],"picked":"Reinforced Body","floor":3.0},{"not_picked":["Fission","Heatsinks"],"picked":"Sweeping Beam","floor":4.0},{"not_picked":["Leap","Skim"],"picked":"Sunder","floor":5.0},{"not_picked":["Hello World","Turbo"],"picked":"Gash","floor":7.0},{"not_picked":["Stack","Conserve Battery"],"picked":"Rip and Tear","floor":11.0},{"not_picked":["Reboot","Steam Power"],"picked":"Capacitor","floor":12.0},{"not_picked":["Skim","Barrage"],"picked":"Cold Snap","floor":13.0},{"not_picked":["Double Energy","Fusion"],"picked":"Gash","floor":14.0},{"not_picked":["Meteor Strike","Buffer"],"picked":"All For One","floor":16.0},{"not_picked":["Barrage","Compile Driver"],"picked":"Gash","floor":18.0},{"not_picked":["Hologram","Heatsinks"],"picked":"White Noise","floor":19.0},{"not_picked":["Redo","Reprogram","Streamline+1"],"picked":"Singing Bowl","floor":23},{"not_picked":["Chaos","Rebound+1"],"picked":"Conserve Battery","floor":24}],"player_experience":351157,"relics_obtained":[{"floor":7.0,"key":"Cables"},{"floor":9.0,"key":"Orichalcum"},{"floor":12.0,"key":"Singing Bowl"},{"floor":21.0,"key":"Necronomicon"},{"floor":23,"key":"Dream Catcher"},{"floor":26,"key":"Bottled Flame"}],"event_choices":[{"cards_removed":["Strike_B"],"damage_healed":0.0,"max_hp_gain":0.0,"max_hp_loss":0.0,"gold_gain":0.0,"event_name":"Wheel of Change","player_choice":"Card Removal","floor":10.0,"gold_loss":0.0,"damage_taken":0.0},{"damage_healed":0.0,"max_hp_gain":0.0,"max_hp_loss":0.0,"gold_gain":0.0,"event_name":"Cursed Tome","player_choice":"Obtained Book","floor":21.0,"gold_loss":0.0,"damage_taken":21.0},{"damage_healed":0.0,"max_hp_gain":0.0,"max_hp_loss":0.0,"gold_gain":50.0,"event_name":"Golden Shrine","player_choice":"Pray","floor":22.0,"gold_loss":0.0,"damage_taken":0.0}],"is_beta":false,"boss_relics":[{"not_picked":["Runic Dome","Pandora\u0027s Box"],"picked":"Coffee Dripper"}],"items_purged_floors":[20],"is_endless":false,"potions_floor_spawned":[4,7,11,13,19],"killed_by":"Shelled Parasite and Fungi","ascension_level":16}