{"gold_per_floor":[13,29,49,49,99,125,125,139,162,188,203,232,246,32,32,32],"floor_reached":16,"playtime":1709,"items_purged":[],"score":244,"play_id":"1b46c329-b1e7-41d9-8a08-d0bfa00935e8","local_time":"20191026144507","is_ascension_mode":true,"campfire_choices":[{"data":"Dualcast","floor":7,"key":"SMITH"},{"data":"Defragment","floor":15,"key":"SMITH"}],"neow_cost":"NO_GOLD","seed_source_timestamp":1205361132071500,"circlet_count":0,"master_deck":["AscendersBane","Strike_B","Strike_B","Defend_B","Defend_B","Defend_B","Zap","Dualcast+1","Rebound","Gash","FTL","Go for the Eyes","Genetic Algorithm","Sweeping Beam","Glacier","Ball Lightning","Genetic Algorithm","Defragment+1"],"special_seed":0,"relics":["Cracked Core","Oddly Smooth Stone","Akabeko","Strawberry","Nunchaku","Centennial Puzzle"],"potions_floor_usage":[10,12,16],"damage_taken":[{"damage":4.0,"enemies":"Small Slimes","floor":1.0,"turns":4.0},{"damage":9.0,"enemies":"Jaw Worm","floor":2.0,"turns":3.0},{"damage":1.0,"enemies":"Cultist","floor":3.0,"turns":3.0},{"damage":20,"enemies":"Lagavulin","floor":6,"turns":7},{"damage":7,"enemies":"Blue Slaver","floor":8,"turns":3},{"damage":6,"enemies":"Gremlin Nob","floor":10,"turns":3},{"damage":6,"enemies":"Large Slime","floor":11,"turns":5},{"damage":9,"enemies":"Lagavulin","floor":12,"turns":5},{"damage":0,"enemies":"2 Fungi Beasts","floor":13,"turns":2},{"damage":14,"enemies":"Hexaghost","floor":16,"turns":9}],"seed_played":"7341966126182858465","potions_obtained":[{"floor":6,"key":"Fire Potion"},{"floor":8,"key":"AttackPotion"},{"floor":10,"key":"AttackPotion"}],"is_trial":false,"path_per_floor":["M","M","M","?","?","E","R","M","T","E","M","E","M","$","R","B"],"character_chosen":"DEFECT","items_purchased":["Defragment","Centennial Puzzle"],"campfire_rested":0,"item_purchase_floors":[14,14],"current_hp_per_floor":[60,51,50,50,50,30,30,23,23,24,18,9,9,9,9,0],"gold":32,"neow_bonus":"REMOVE_TWO","is_prod":false,"is_daily":false,"chose_seed":false,"campfire_upgraded":2,"win_rate":0,"timestamp":1572115507,"path_taken":["M","M","M","?","?","E","R","?","T","E","M","E","M","$","R","BOSS"],"build_version":"2019-10-25-V3","purchased_purges":0,"victory":false,"max_hp_per_floor":[71,71,71,71,71,71,71,71,71,78,78,78,78,78,78,78],"card_choices":[{"not_picked":["Coolheaded","Hologram"],"picked":"Rebound","floor":1.0},{"not_picked":["Recycle","Stack"],"picked":"Gash","floor":2.0},{"not_picked":["Turbo","Conserve Battery"],"picked":"FTL","floor":3.0},{"not_picked":["Meteor Strike","Compile Driver","Redo"],"picked":"SKIP","floor":6},{"not_picked":["Force Field","Rebound"],"picked":"Genetic Algorithm","floor":8},{"not_picked":["Go for the Eyes","Heatsinks"],"picked":"Sweeping Beam","floor":10},{"not_picked":["Cold Snap","Double Energy"],"picked":"Glacier","floor":11},{"not_picked":["Lockon","Capacitor"],"picked":"Ball Lightning","floor":12},{"not_picked":["Coolheaded","Storm"],"picked":"Genetic Algorithm","floor":13}],"player_experience":933697,"relics_obtained":[{"floor":6,"key":"Oddly Smooth Stone"},{"floor":9,"key":"Akabeko"},{"floor":10,"key":"Strawberry"},{"floor":12,"key":"Nunchaku"}],"event_choices":[{"damage_healed":0.0,"max_hp_gain":0.0,"max_hp_loss":0.0,"gold_gain":0.0,"cards_transformed":["Strike_B"],"event_name":"Living Wall","player_choice":"Change","floor":4.0,"gold_loss":0.0,"damage_taken":0.0,"cards_obtained":["Go for the Eyes"]},{"damage_healed":0.0,"max_hp_gain":0.0,"max_hp_loss":0.0,"gold_gain":50.0,"event_name":"Golden Shrine","player_choice":"Pray","floor":5.0,"gold_loss":0.0,"damage_taken":0.0}],"is_beta":true,"boss_relics":[],"items_purged_floors":[],"is_endless":false,"potions_floor_spawned":[6,8,10],"killed_by":"Hexaghost","ascension_level":20}