{"gold_per_floor":[111,111,129,129,152,195,195,213,237,256,281,3,19,43,43,162,162,180,180,103,127,52,52,77,100,100,100,25,124,71,82,82,82],"floor_reached":33,"playtime":1022,"items_purged":["Strike_R"],"score":276,"play_id":"b92ef475-efcd-45c7-a9b6-7d0b33e32bf2","local_time":"20180721114857","is_ascension_mode":false,"campfire_choices":[{"data":"Demon Form","floor":7,"key":"SMITH"},{"floor":15,"key":"REST"},{"data":"Limit Break","floor":23,"key":"SMITH"},{"floor":32,"key":"REST"}],"neow_cost":"NONE","seed_source_timestamp":593977829095680,"circlet_count":0,"master_deck":["Strike_R","Defend_R","Defend_R","Defend_R","Heavy Blade","Shrug It Off","Demon Form+1","Iron Wave","Flex","Sword Boomerang","Seeing Red","Heavy Blade","Seeing Red","Limit Break+1","Headbutt","J.A.X.","Battle Trance+1","True Grit"],"relics":["Burning Blood","Bloody Idol","Centennial Puzzle","Potion Belt","HandDrill","Empty Cage","Oddly Smooth Stone"],"potions_floor_usage":[13,14,18,24,24,31],"damage_taken":[{"damage":8,"enemies":"Jaw Worm","floor":1,"turns":4},{"damage":0,"enemies":"Small Slimes","floor":3,"turns":3},{"damage":7,"enemies":"Cultist","floor":5,"turns":4},{"damage":27,"enemies":"3 Sentries","floor":6,"turns":6},{"damage":2,"enemies":"Looter","floor":8,"turns":3},{"damage":7,"enemies":"2 Fungi Beasts","floor":10,"turns":3},{"damage":18,"enemies":"Gremlin Gang","floor":11,"turns":5},{"damage":4,"enemies":"Blue Slaver","floor":13,"turns":3},{"damage":12,"enemies":"3 Louse","floor":14,"turns":4},{"damage":4,"enemies":"Slime Boss","floor":16,"turns":6},{"damage":17,"enemies":"Shell Parasite","floor":18,"turns":4},{"damage":3,"enemies":"Spheric Guardian","floor":21,"turns":3},{"damage":50,"enemies":"Slaver and Parasite","floor":24,"turns":6},{"damage":24,"enemies":"Centurion and Healer","floor":25,"turns":4},{"damage":25,"enemies":"3 Cultists","floor":31,"turns":5},{"damage":51,"enemies":"Collector","floor":33,"turns":5}],"seed_played":"4032534891555837856","potions_obtained":[{"floor":3,"key":"GamblersBrew"},{"floor":11,"key":"Energy Potion"},{"floor":14,"key":"Weak Potion"},{"floor":16,"key":"Fire Potion"},{"floor":21,"key":"EssenceOfSteel"}],"is_trial":false,"path_per_floor":["M","?","M","?","M","E","R","M","T","M","M","$","M","M","R","B",null,"M","?","?","M","?","R","M","M","T","?","$","?","$","M","R"],"character_chosen":"IRONCLAD","items_purchased":["HandDrill","Regen Potion","True Grit"],"campfire_rested":2,"item_purchase_floors":[12,28,30],"current_hp_per_floor":[78,78,80,60,59,38,38,42,42,41,29,29,31,25,49,51,80,69,69,69,72,72,72,28,10,10,10,10,15,15,15,39,0],"gold":82,"neow_bonus":"TRANSFORM_CARD","is_prod":false,"is_daily":false,"chose_seed":false,"campfire_upgraded":2,"win_rate":0.0,"timestamp":1532162937,"path_taken":["M","?","?","?","M","E","R","M","T","M","M","$","M","M","R","BOSS","M","?","?","M","?","R","?","M","T","?","$","?","?","M","R","BOSS"],"build_version":"2018-07-19v2","purchased_purges":1,"victory":false,"max_hp_per_floor":[80,80,80,80,80,80,80,80,80,80,80,80,80,80,80,80,80,80,80,80,80,80,80,80,80,80,80,80,80,80,80,80,80],"card_choices":[{"not_picked":["Anger","Heavy Blade"],"picked":"Shrug It Off","floor":1},{"not_picked":["Headbutt","Uppercut"],"picked":"Iron Wave","floor":3},{"not_picked":["Body Slam","Battle Trance"],"picked":"Flex","floor":5},{"not_picked":["Shockwave","Bludgeon"],"picked":"Sword Boomerang","floor":6},{"not_picked":["Feel No Pain","Disarm"],"picked":"Seeing Red","floor":8},{"not_picked":["Perfected Strike","Metallicize"],"picked":"Heavy Blade","floor":10},{"not_picked":["Thunderclap","Flex","Hemokinesis"],"picked":"SKIP","floor":11},{"not_picked":["Corruption","Pommel Strike","Shockwave"],"picked":"SKIP","floor":13},{"not_picked":["Cleave","Twin Strike"],"picked":"Seeing Red","floor":14},{"not_picked":["Exhume","Double Tap"],"picked":"Limit Break","floor":16},{"not_picked":["Rampage","Armaments"],"picked":"Headbutt","floor":18},{"not_picked":["Second Wind","Flex"],"picked":"Battle Trance+1","floor":21},{"not_picked":["Fire Breathing","Clothesline","Perfected Strike+1"],"picked":"SKIP","floor":24},{"not_picked":["Twin Strike+1","Intimidate","Dark Embrace"],"picked":"SKIP","floor":25},{"not_picked":["Shockwave","Reckless Charge+1","Wild Strike"],"picked":"SKIP","floor":31}],"player_experience":129368,"relics_obtained":[{"floor":6,"key":"Centennial Puzzle"},{"floor":9,"key":"Potion Belt"},{"floor":26,"key":"Oddly Smooth Stone"}],"event_choices":[{"event_name":"Living Wall","player_choice":"Change","floor":2,"damage_taken":0},{"event_name":"Golden Idol","player_choice":"Take Damage","floor":4,"damage_taken":0},{"event_name":"Ghosts","player_choice":"Ignored","floor":19,"damage_taken":0},{"event_name":"Drug Dealer","player_choice":"Got JAXXED","floor":20,"damage_taken":0},{"event_name":"Beggar","player_choice":"Gave Gold","floor":22,"damage_taken":0},{"event_name":"Forgotten Altar","player_choice":"Gave Idol","floor":27,"damage_taken":0},{"event_name":"Nest","player_choice":"Stole From Cult","floor":29,"damage_taken":0}],"is_beta":false,"boss_relics":[{"not_picked":["White Beast Statue","Coffee Dripper"],"picked":"Empty Cage"}],"items_purged_floors":[12],"is_endless":false,"potions_floor_spawned":[3,11,14,16,21],"killed_by":"Collector","ascension_level":0}