{"gold_per_floor":[117,127,127,145,164,194,194,224,224,251,251,265,292,309,309,412,412,430,445,476,489,185,185,215,234,234,264,264,275,287,287,287,390,390,401,623,171,171,71,83,83,117,117,150,150,180,234,260,260,260,260,260,54,79,79],"floor_reached":56,"playtime":3125,"items_purged":["Strike_R","Anger+1","Defend_R"],"score":1400,"play_id":"5bba2534-b60b-484f-b0c8-d73fa5da2f08","local_time":"20191001230727","is_ascension_mode":true,"campfire_choices":[{"data":"Armaments","floor":7,"key":"SMITH"},{"data":"Inflame","floor":11,"key":"SMITH"},{"data":"Battle Trance","floor":15,"key":"SMITH"},{"data":"Rampage","floor":23,"key":"SMITH"},{"data":"Flame Barrier","floor":28,"key":"SMITH"},{"data":"Burning Pact","floor":32,"key":"SMITH"},{"data":"Limit Break","floor":41,"key":"SMITH"},{"floor":45,"key":"REST"},{"floor":49,"key":"RECALL"},{"data":"Feel No Pain","floor":52,"key":"SMITH"}],"neow_cost":"PERCENT_DAMAGE","seed_source_timestamp":279315432906700,"circlet_count":0,"master_deck":["Defend_R","Defend_R","Defend_R","Bash","Rage","Rampage+1","Armaments+1","Inflame+1","Battle Trance+1","Shrug It Off","Fiend Fire","Headbutt+1","Pummel+1","Flame Barrier+1","Burning Pact+1","Dropkick","Heavy Blade","Limit Break+1","Flame Barrier","Feel No Pain+1","Bludgeon","Disarm+1","Feel No Pain+1","Shockwave"],"relics":["Burning Blood","Juzu Bracelet","Odd Mushroom","Bottled Flame","Du-Vu Doll","Potion Belt","Velvet Choker","Red Mask","TheAbacus","Gremlin Horn","Bronze Scales","Snecko Eye","Orrery","Calipers","Omamori","Darkstone Periapt","Bag of Marbles","Dream Catcher","CaptainsWheel","Pantograph","TungstenRod"],"potions_floor_usage":[8,33,35,44,47,47,55,55],"damage_taken":[{"damage":0,"enemies":"Small Slimes","floor":1,"turns":7},{"damage":2,"enemies":"2 Louse","floor":2,"turns":4},{"damage":5,"enemies":"Jaw Worm","floor":4,"turns":5},{"damage":2,"enemies":"Blue Slaver","floor":5,"turns":4},{"damage":18,"enemies":"3 Sentries","floor":6,"turns":9},{"damage":2,"enemies":"The Mushroom Lair","floor":8,"turns":5},{"damage":14,"enemies":"Lagavulin","floor":10,"turns":6},{"damage":3,"enemies":"3 Louse","floor":12,"turns":3},{"damage":4,"enemies":"3 Sentries","floor":13,"turns":8},{"damage":7,"enemies":"2 Fungi Beasts","floor":14,"turns":3},{"damage":25,"enemies":"The Guardian","floor":16,"turns":11},{"damage":2,"enemies":"Spheric Guardian","floor":18,"turns":4},{"damage":1,"enemies":"Shell Parasite","floor":19,"turns":5},{"damage":0,"enemies":"Masked Bandits","floor":20,"turns":3},{"damage":2,"enemies":"Snake Plant","floor":21,"turns":2},{"damage":7,"enemies":"Slavers","floor":24,"turns":6},{"damage":6,"enemies":"Centurion and Healer","floor":25,"turns":4},{"damage":7,"enemies":"Book of Stabbing","floor":27,"turns":5},{"damage":0,"enemies":"Chosen and Byrds","floor":29,"turns":4},{"damage":7,"enemies":"Snecko","floor":30,"turns":4},{"damage":44,"enemies":"Automaton","floor":33,"turns":8},{"damage":0,"enemies":"3 Shapes","floor":35,"turns":2},{"damage":0,"enemies":"3 Darklings","floor":40,"turns":3},{"damage":33,"enemies":"Giant Head","floor":42,"turns":9},{"damage":22,"enemies":"Reptomancer","floor":44,"turns":7},{"damage":6,"enemies":"Nemesis","floor":46,"turns":5},{"damage":45,"enemies":"2 Orb Walkers","floor":47,"turns":6},{"damage":0,"enemies":"Giant Head","floor":48,"turns":8},{"damage":12,"enemies":"Time Eater","floor":50,"turns":8},{"damage":18,"enemies":"Shield and Spear","floor":54,"turns":7},{"damage":25,"enemies":"The Heart","floor":55,"turns":7}],"seed_played":"3911877467561546228","potions_obtained":[{"floor":2,"key":"Fire Potion"},{"floor":4,"key":"Regen Potion"},{"floor":10,"key":"Energy Potion"},{"floor":12,"key":"SteroidPotion"},{"floor":25,"key":"AttackPotion"},{"floor":27,"key":"Weak Potion"},{"floor":40,"key":"LiquidBronze"},{"floor":42,"key":"Dexterity Potion"},{"floor":48,"key":"SteroidPotion"}],"is_trial":false,"path_per_floor":["M","M","?","M","M","E","R","?","T","E","R","M","E","M","R","B",null,"M","M","?","M","$","R","E","M","T","E","R","M","M","?","R","B",null,"M","?","$","?","$","M","R","E","T","E","R","E","?","E","R","B",null,"R","$","E","B",null],"character_chosen":"IRONCLAD","items_purchased":["DuplicationPotion","TheAbacus","Orrery","Calipers","Shockwave"],"campfire_rested":1,"item_purchase_floors":[22,22,37,37,53],"current_hp_per_floor":[62,66,66,67,71,59,59,63,63,55,55,58,60,59,59,40,80,80,80,80,80,80,80,79,79,79,78,78,80,79,79,79,41,80,80,80,80,80,80,80,80,53,53,37,61,61,37,43,43,62,80,80,80,68,61],"gold":79,"neow_bonus":"REMOVE_TWO","is_prod":false,"is_daily":false,"chose_seed":false,"campfire_upgraded":8,"win_rate":0,"timestamp":1569967647,"path_taken":["M","M","?","M","M","E","R","?","T","E","R","M","E","M","R","BOSS","M","M","?","M","$","R","E","M","T","E","R","M","M","?","R","BOSS","M","?","$","?","$","M","R","E","T","E","R","E","?","E","R","BOSS","R","$","E","BOSS"],"build_version":"2019-10-01","purchased_purges":3,"victory":true,"max_hp_per_floor":[80,80,80,80,80,80,80,80,80,80,80,80,80,80,80,80,80,80,80,80,80,80,80,80,80,80,80,80,80,80,80,80,80,80,80,80,80,80,80,80,80,80,80,80,80,80,80,80,80,80,80,80,80,80,80],"card_choices":[{"not_picked":["Heavy Blade","Reckless Charge"],"picked":"Anger","floor":1},{"not_picked":["Intimidate","Havoc"],"picked":"Rage","floor":2},{"not_picked":["True Grit","Twin Strike"],"picked":"Rampage","floor":4},{"not_picked":["Thunderclap","Havoc"],"picked":"Armaments","floor":5},{"not_picked":["Second Wind","Sever Soul","Fire Breathing"],"picked":"SKIP","floor":6},{"not_picked":["Perfected Strike","Infernal Blade"],"picked":"Inflame","floor":8},{"not_picked":["Cleave","Armaments"],"picked":"Battle Trance","floor":10},{"not_picked":["Armaments","Infernal Blade"],"picked":"Iron Wave","floor":12},{"not_picked":["Dark Embrace","Clash"],"picked":"Shrug It Off","floor":13},{"not_picked":["Sword Boomerang","Rampage","Entrench"],"picked":"SKIP","floor":14},{"not_picked":["Exhume","Double Tap"],"picked":"Fiend Fire","floor":16},{"not_picked":["Corruption","Flex"],"picked":"Headbutt+1","floor":18},{"not_picked":["Wild Strike","Rage+1","Sentinel"],"picked":"SKIP","floor":19},{"not_picked":["Dropkick+1","Sword Boomerang"],"picked":"Pummel+1","floor":20},{"not_picked":["Flex+1","Combust+1"],"picked":"Flame Barrier","floor":21},{"not_picked":["Carnage","Heavy Blade","Havoc"],"picked":"SKIP","floor":24},{"not_picked":["Pommel Strike+1","Shrug It Off","Flex+1"],"picked":"SKIP","floor":25},{"not_picked":["Shrug It Off","Inflame+1"],"picked":"Burning Pact","floor":27},{"not_picked":["Bloodletting","Cleave","Flex"],"picked":"SKIP","floor":29},{"not_picked":["Thunderclap","Warcry","Sword Boomerang+1"],"picked":"SKIP","floor":30},{"not_picked":["Barricade","Demon Form"],"picked":"Limit Break","floor":33},{"not_picked":["Ghostly Armor","Carnage+1"],"picked":"Flame Barrier","floor":35},{"not_picked":["Warcry","Body Slam+1"],"picked":"Feel No Pain+1","floor":37},{"not_picked":["Armaments+1","Wild Strike","Sever Soul"],"picked":"SKIP","floor":40},{"not_picked":["Body Slam","Clash+1","Cleave+1"],"picked":"SKIP","floor":42},{"not_picked":["Dropkick","Bloodletting"],"picked":"Bludgeon","floor":44},{"not_picked":["Fiend Fire","Cleave+1"],"picked":"Disarm+1","floor":46},{"not_picked":["Seeing Red+1","Pummel"],"picked":"Feel No Pain","floor":47},{"not_picked":["Pummel","Rampage","Sword Boomerang"],"picked":"SKIP","floor":48},{"not_picked":["Bloodletting","Thunderclap","True Grit"],"picked":"SKIP","floor":54}],"player_experience":1599052,"relics_obtained":[{"floor":6,"key":"Juzu Bracelet"},{"floor":8,"key":"Odd Mushroom"},{"floor":9,"key":"Bottled Flame"},{"floor":10,"key":"Du-Vu Doll"},{"floor":13,"key":"Potion Belt"},{"floor":20,"key":"Red Mask"},{"floor":24,"key":"Gremlin Horn"},{"floor":27,"key":"Bronze Scales"},{"floor":42,"key":"Omamori"},{"floor":43,"key":"Darkstone Periapt"},{"floor":44,"key":"Bag of Marbles"},{"floor":46,"key":"Dream Catcher"},{"floor":47,"key":"CaptainsWheel"},{"floor":48,"key":"Pantograph"},{"floor":54,"key":"TungstenRod"}],"event_choices":[{"damage_healed":0,"gold_gain":0,"player_choice":"Grow","damage_taken":0,"max_hp_gain":0,"max_hp_loss":0,"event_name":"Living Wall","floor":3,"gold_loss":0,"cards_upgraded":["Anger"]},{"damage_healed":0,"gold_gain":0,"player_choice":"Fought Mushrooms","damage_taken":0,"max_hp_gain":0,"max_hp_loss":0,"event_name":"Mushrooms","floor":8,"gold_loss":0},{"damage_healed":0,"gold_gain":0,"player_choice":"Fought Bandits","damage_taken":0,"max_hp_gain":0,"max_hp_loss":0,"event_name":"Masked Bandits","floor":20,"gold_loss":0},{"damage_healed":0,"gold_gain":0,"cards_transformed":["Strike_R","Strike_R"],"player_choice":"Became Test Subject","damage_taken":0,"max_hp_gain":0,"max_hp_loss":0,"event_name":"Drug Dealer","floor":31,"gold_loss":0,"cards_obtained":["Dropkick","Heavy Blade"]},{"damage_healed":0,"gold_gain":222,"player_choice":"Wore Mask","damage_taken":0,"max_hp_gain":0,"max_hp_loss":0,"event_name":"Tomb of Lord Red Mask","floor":36,"gold_loss":0},{"cards_removed":["Iron Wave"],"damage_healed":0,"gold_gain":0,"player_choice":"Removed Attack","damage_taken":0,"max_hp_gain":0,"max_hp_loss":0,"event_name":"Falling","floor":38,"gold_loss":0},{"damage_healed":0,"gold_gain":0,"player_choice":"Fight","damage_taken":0,"max_hp_gain":0,"max_hp_loss":0,"event_name":"Mysterious Sphere","floor":47,"gold_loss":0}],"is_beta":true,"boss_relics":[{"not_picked":["SlaversCollar","Tiny House"],"picked":"Velvet Choker"},{"not_picked":["Runic Dome","Cursed Key"],"picked":"Snecko Eye"}],"items_purged_floors":[22,39,53],"is_endless":false,"potions_floor_spawned":[2,4,10,12,25,27,29,30,40,42,48],"ascension_level":1}