{"gold_per_floor":[116,131,131,11,29,29,43,43,43,59,59,77,77,91,91,192,192,204,204,224,235,252,252,65,65,65,65,96,108,108,0,0,0],"floor_reached":33,"playtime":3229,"items_purged":[],"score":259,"play_id":"cbbdf90d-dc65-47d7-955f-8e8008b2cc9f","local_time":"20191012024425","is_ascension_mode":false,"campfire_choices":[{"data":"Quick Slash","floor":6.0,"key":"SMITH"},{"data":"Neutralize","floor":8.0,"key":"SMITH"},{"floor":13.0,"key":"REST"},{"floor":15,"key":"REST"},{"floor":23,"key":"REST"},{"floor":25,"key":"REST"},{"floor":27,"key":"REST"},{"floor":30,"key":"REST"},{"floor":32,"key":"REST"}],"neow_cost":"NONE","seed_source_timestamp":189944305449000,"circlet_count":0,"master_deck":["Strike_G","Strike_G","Strike_G","Strike_G","Defend_G","Defend_G","Defend_G","Defend_G","Defend_G","Survivor","Neutralize+1","Trip","Distraction","Outmaneuver","Prepared","Tactician","Quick Slash+1","Dagger Throw","Corpse Explosion","Die Die Die","Dagger Spray","Choke+1","Prepared+1","Secret Weapon","Noxious Fumes","Noxious Fumes+1"],"special_seed":0,"relics":["Ring of the Snake","Juzu Bracelet","Toxic Egg 2","Bottled Lightning"],"potions_floor_usage":[16,21,28],"damage_taken":[{"damage":0.0,"enemies":"2 Louse","floor":1.0,"turns":4.0},{"damage":2.0,"enemies":"Jaw Worm","floor":2.0,"turns":5.0},{"damage":5.0,"enemies":"Cultist","floor":5.0,"turns":6.0},{"damage":7.0,"enemies":"Large Slime","floor":7.0,"turns":4.0},{"damage":16.0,"enemies":"3 Louse","floor":10.0,"turns":3.0},{"damage":4.0,"enemies":"Gremlin Gang","floor":12.0,"turns":4.0},{"damage":1,"enemies":"Exordium Wildlife","floor":14,"turns":2},{"damage":36,"enemies":"The Guardian","floor":16,"turns":14},{"damage":4,"enemies":"Chosen","floor":18,"turns":5},{"damage":15,"enemies":"3 Byrds","floor":20,"turns":3},{"damage":32,"enemies":"Snecko","floor":21,"turns":6},{"damage":11,"enemies":"3 Cultists","floor":22,"turns":3},{"damage":37,"enemies":"Slavers","floor":28,"turns":5},{"damage":18,"enemies":"Cultist and Chosen","floor":29,"turns":5},{"damage":64,"enemies":"Collector","floor":33,"turns":7}],"seed_played":"5044702902034959038","potions_obtained":[{"floor":1.0,"key":"SkillPotion"},{"floor":2.0,"key":"GamblersBrew"},{"floor":10.0,"key":"Poison Potion"},{"floor":12.0,"key":"FearPotion"},{"floor":20,"key":"Strength Potion"},{"floor":22,"key":"SkillPotion"}],"is_trial":false,"path_per_floor":["M","M","?","$","M","R","M","R","T","M","?","M","R","M","R","B",null,"M","?","M","M","M","R","$","R","T","R","E","M","R","?","R","B"],"character_chosen":"THE_SILENT","items_purchased":["Prepared","Tactician","Secret Weapon"],"campfire_rested":7,"item_purchase_floors":[4,4,24],"current_hp_per_floor":[70,68,73,73,68,68,61,61,61,45,45,41,63,62,75,39,75,71,71,56,24,13,35,35,57,57,75,38,20,42,42,64,0],"gold":0,"neow_bonus":"RANDOM_COLORLESS","is_prod":false,"is_daily":false,"chose_seed":false,"campfire_upgraded":2,"win_rate":0,"timestamp":1570869865,"path_taken":["M","M","?","$","M","R","M","R","T","M","?","M","R","M","R","BOSS","M","?","M","M","M","R","?","R","T","R","E","M","R","?","R","BOSS"],"build_version":"2019-07-17","purchased_purges":0,"victory":false,"max_hp_per_floor":[70,70,75,75,75,75,75,75,75,75,75,75,75,75,75,75,75,75,75,75,75,75,75,75,75,75,75,75,75,75,75,75,75],"card_choices":[{"not_picked":["Blur","Acrobatics"],"picked":"Distraction","floor":1.0},{"not_picked":["Calculated Gamble","Quick Slash"],"picked":"Outmaneuver","floor":2.0},{"not_picked":["PiercingWail","Blade Dance"],"picked":"Quick Slash","floor":5.0},{"not_picked":["PiercingWail","Distraction","Flying Knee"],"picked":"SKIP","floor":7.0},{"not_picked":["Backflip","Caltrops"],"picked":"Dagger Throw","floor":10.0},{"not_picked":["Catalyst","Flying Knee"],"picked":"Corpse Explosion","floor":12.0},{"not_picked":["Blade Dance","Crippling Poison","Outmaneuver"],"picked":"SKIP","floor":14},{"not_picked":["Envenom","Wraith Form v2"],"picked":"Die Die Die","floor":16},{"not_picked":["Distraction","Poisoned Stab"],"picked":"Dagger Spray","floor":18},{"not_picked":["All Out Attack+1","Flechettes+1","Slice"],"picked":"SKIP","floor":20},{"not_picked":["Flying Knee+1","Backstab"],"picked":"Choke+1","floor":21},{"not_picked":["Accuracy","PiercingWail+1"],"picked":"Prepared+1","floor":22},{"not_picked":["Distraction+1","Setup+1"],"picked":"Noxious Fumes","floor":28},{"not_picked":["Heel Hook","Terror+1"],"picked":"Noxious Fumes+1","floor":29}],"player_experience":386203,"relics_obtained":[{"floor":9.0,"key":"Juzu Bracelet"},{"floor":26,"key":"Toxic Egg 2"},{"floor":28,"key":"Bottled Lightning"}],"event_choices":[{"damage_healed":0.0,"max_hp_gain":5.0,"max_hp_loss":0.0,"gold_gain":0.0,"event_name":"Big Fish","player_choice":"Donut","floor":3.0,"gold_loss":0.0,"damage_taken":0.0},{"damage_healed":0.0,"max_hp_gain":0.0,"max_hp_loss":0.0,"gold_gain":0.0,"event_name":"Liars Game","player_choice":"Ignored","floor":11.0,"gold_loss":0.0,"damage_taken":0.0},{"cards_removed":["Strike_G"],"damage_healed":0,"gold_gain":0,"player_choice":"Offered Basic","damage_taken":0,"max_hp_gain":0,"max_hp_loss":0,"event_name":"Bonfire Elementals","floor":19,"gold_loss":0},{"damage_healed":0,"gold_gain":0,"player_choice":"Paid Fearfully","damage_taken":0,"max_hp_gain":0,"max_hp_loss":0,"event_name":"Masked Bandits","floor":31,"gold_loss":108}],"is_beta":false,"boss_relics":[{"not_picked":["Calling Bell","Fusion Hammer","HoveringKite"]}],"items_purged_floors":[],"is_endless":false,"potions_floor_spawned":[1,2,10,12,20,22],"killed_by":"Collector","ascension_level":0}