{"gold_per_floor":[116,39,39,57,67,67,93,93,143,143,156,190,202,239,251,361,373,397,66,66,66,79,105,105,105],"floor_reached":25,"playtime":1279,"items_purged":["Strike_B"],"score":308,"play_id":"00514e9a-15b8-47b0-8e81-f5ce5eff49af","local_time":"20190821192556","is_ascension_mode":true,"campfire_choices":[{"data":"Compile Driver","floor":6,"key":"SMITH"},{"data":"Coolheaded","floor":8,"key":"SMITH"},{"data":"Glacier","floor":10,"key":"SMITH"},{"data":"Hologram","floor":13,"key":"SMITH"},{"data":"Dualcast","floor":15,"key":"SMITH"},{"floor":24,"key":"REST"}],"neow_cost":"NONE","seed_source_timestamp":555407184059800,"circlet_count":0,"master_deck":["Strike_B","Defend_B","Defend_B","Defend_B","Defend_B","Zap+1","Dualcast+1","Gash","Glacier+1","Compile Driver+1","Coolheaded+1","Genetic Algorithm","Sweeping Beam","Hologram+1","Biased Cognition+1","Coolheaded","Self Repair+1","Coolheaded+1","Necronomicurse","Chill+1","Streamline"],"relics":["Cracked Core","Dream Catcher","Oddly Smooth Stone","MawBank","Frozen Egg 2","Nuclear Battery","DollysMirror","Necronomicon","Bag of Preparation"],"potions_floor_usage":[23,23,23,25],"damage_taken":[{"damage":0,"enemies":"Small Slimes","floor":1,"turns":2},{"damage":0,"enemies":"2 Louse","floor":4,"turns":2},{"damage":0,"enemies":"Cultist","floor":5,"turns":4},{"damage":14,"enemies":"Lagavulin","floor":7,"turns":9},{"damage":5,"enemies":"Blue Slaver","floor":11,"turns":3},{"damage":7,"enemies":"3 Sentries","floor":12,"turns":8},{"damage":5,"enemies":"Lagavulin","floor":14,"turns":6},{"damage":10,"enemies":"The Guardian","floor":16,"turns":11},{"damage":0,"enemies":"3 Byrds","floor":18,"turns":4},{"damage":2,"enemies":"Shell Parasite","floor":22,"turns":4},{"damage":31,"enemies":"Book of Stabbing","floor":23,"turns":8},{"damage":57,"enemies":"Gremlin Leader","floor":25,"turns":11}],"seed_played":"2050704311246385767","potions_obtained":[{"floor":7,"key":"SkillPotion"},{"floor":12,"key":"SpeedPotion"},{"floor":22,"key":"Energy Potion"},{"floor":23,"key":"Explosive Potion"}],"is_trial":false,"path_per_floor":["M","$","?","M","M","R","E","R","T","R","M","E","R","E","R","B",null,"M","$","?","?","M","E","R","E"],"character_chosen":"DEFECT","items_purchased":["Glacier","Self Repair+1","DollysMirror"],"campfire_rested":1,"item_purchase_floors":[2,19,19],"current_hp_per_floor":[68,68,61,61,61,61,47,47,47,47,42,35,35,30,30,20,61,61,61,61,45,53,32,54,0],"gold":105,"neow_bonus":"UPGRADE_CARD","is_prod":false,"is_daily":false,"chose_seed":false,"campfire_upgraded":5,"win_rate":0,"timestamp":1566411956,"path_taken":["M","$","?","M","M","R","E","R","T","R","M","E","R","E","R","BOSS","M","$","?","?","M","E","R","E"],"build_version":"2019-07-17","purchased_purges":1,"victory":false,"max_hp_per_floor":[75,75,75,75,75,75,75,75,75,75,75,75,75,75,75,75,75,75,75,75,75,75,75,75,75],"card_choices":[{"not_picked":["Turbo","Hologram"],"picked":"Gash","floor":1},{"not_picked":["Static Discharge","Barrage"],"picked":"Compile Driver","floor":4},{"not_picked":["Reboot","Heatsinks"],"picked":"Coolheaded","floor":5},{"not_picked":["Loop","BootSequence"],"picked":"Genetic Algorithm","floor":7},{"not_picked":["Steam","Turbo"],"picked":"Sweeping Beam","floor":11},{"not_picked":["Reinforced Body","Coolheaded"],"picked":"Hologram","floor":12},{"not_picked":["Ball Lightning","Redo","All For One"],"picked":"SKIP","floor":14},{"not_picked":["Machine Learning+1","All For One"],"picked":"Biased Cognition+1","floor":16},{"not_picked":["Fusion","Genetic Algorithm+1"],"picked":"Coolheaded","floor":18},{"not_picked":["Reprogram","Leap+1"],"picked":"Chill+1","floor":22},{"not_picked":["Beam Cell","Go for the Eyes","Darkness"],"picked":"SKIP","floor":23},{"not_picked":["Barrage","Steam"],"picked":"Streamline","floor":24}],"player_experience":1831940,"relics_obtained":[{"floor":7,"key":"Dream Catcher"},{"floor":9,"key":"Oddly Smooth Stone"},{"floor":12,"key":"MawBank"},{"floor":14,"key":"Frozen Egg 2"},{"floor":21,"key":"Necronomicon"},{"floor":23,"key":"Bag of Preparation"}],"event_choices":[{"cards_removed":["Strike_B"],"damage_healed":0,"gold_gain":0,"player_choice":"Card Removal","damage_taken":7,"max_hp_gain":0,"max_hp_loss":0,"event_name":"Golden Wing","floor":3,"gold_loss":0},{"cards_removed":["Strike_B"],"damage_healed":0,"gold_gain":0,"player_choice":"Elegance","damage_taken":0,"max_hp_gain":0,"max_hp_loss":0,"event_name":"Back to Basics","floor":20,"gold_loss":0},{"damage_healed":0,"gold_gain":0,"player_choice":"Obtained Book","damage_taken":16,"max_hp_gain":0,"max_hp_loss":0,"event_name":"Cursed Tome","floor":21,"gold_loss":0}],"is_beta":false,"boss_relics":[{"not_picked":["Black Star","Runic Dome"],"picked":"Nuclear Battery"}],"items_purged_floors":[19],"is_endless":false,"potions_floor_spawned":[7,12,22,23],"killed_by":"Gremlin Leader","ascension_level":6}