{"gold_per_floor":[214,228,228,21,32,32,43,43,43,72,88,263,15,47,47,47],"floor_reached":16,"playtime":508,"items_purged":["Defend_R","Doubt"],"score":116,"play_id":"907533eb-e3c3-43dc-9381-462bafc465d3","local_time":"20190406155916","is_ascension_mode":true,"campfire_choices":[{"data":"Uppercut","floor":6,"key":"SMITH"},{"data":"Thunderclap","floor":8,"key":"SMITH"},{"data":"Inflame","floor":15,"key":"SMITH"}],"neow_cost":"NONE","seed_source_timestamp":1201513415298100,"circlet_count":0,"master_deck":["Strike_R","Strike_R","Strike_R","Strike_R","Strike_R","Defend_R","Defend_R","Defend_R","Bash","Armaments","Thunderclap+1","Armaments","Uppercut+1","Flex","Thunderclap+1","Offering","Pommel Strike","Inflame+1","Armaments","Burning Pact"],"relics":["Burning Blood","Champion Belt","Pocketwatch","Art of War"],"potions_floor_usage":[2,10,16],"damage_taken":[{"damage":1,"enemies":"Cultist","floor":1,"turns":3},{"damage":2,"enemies":"2 Louse","floor":2,"turns":4},{"damage":2,"enemies":"Small Slimes","floor":5,"turns":3},{"damage":2,"enemies":"Looter","floor":7,"turns":3},{"damage":26,"enemies":"3 Sentries","floor":10,"turns":7},{"damage":6,"enemies":"Blue Slaver","floor":11,"turns":3},{"damage":22,"enemies":"Lagavulin","floor":14,"turns":4},{"damage":44,"enemies":"Hexaghost","floor":16,"turns":9}],"seed_played":"406966497408236462","potions_obtained":[{"floor":1,"key":"EntropicBrew"},{"floor":14,"key":"Ancient Potion"}],"is_trial":false,"path_per_floor":["M","M","?","$","M","R","M","R","T","E","M","?","$","E","R","B"],"character_chosen":"IRONCLAD","items_purchased":["Armaments","Uppercut","Inflame","Armaments","Swift Potion"],"campfire_rested":0,"item_purchase_floors":[4,4,13,13,13],"current_hp_per_floor":[80,80,80,80,80,80,80,80,80,60,60,60,60,44,44,0],"gold":47,"neow_bonus":"HUNDRED_GOLD","is_prod":false,"is_daily":false,"chose_seed":false,"campfire_upgraded":3,"win_rate":0,"timestamp":1554555556,"path_taken":["M","?","?","$","M","R","M","R","T","E","M","?","$","E","R","BOSS"],"build_version":"2019-01-23","purchased_purges":2,"victory":false,"max_hp_per_floor":[80,80,80,80,80,80,80,80,80,80,80,80,80,80,80,80],"card_choices":[{"not_picked":["Evolve","Perfected Strike"],"picked":"Armaments","floor":1},{"not_picked":["Sword Boomerang","Iron Wave"],"picked":"Thunderclap","floor":2},{"not_picked":["Fire Breathing","Iron Wave"],"picked":"Flex","floor":5},{"not_picked":["Pommel Strike","Clothesline"],"picked":"Thunderclap","floor":7},{"not_picked":["Reckless Charge","Burning Pact"],"picked":"Offering","floor":10},{"not_picked":["Anger","Battle Trance"],"picked":"Pommel Strike","floor":11},{"not_picked":["Warcry","Uppercut"],"picked":"Burning Pact","floor":14}],"player_experience":249596,"relics_obtained":[{"floor":9,"key":"Champion Belt"},{"floor":10,"key":"Pocketwatch"},{"floor":14,"key":"Art of War"}],"event_choices":[{"damage_healed":0,"gold_gain":0,"player_choice":"Grow","damage_taken":0,"max_hp_gain":0,"max_hp_loss":0,"event_name":"Living Wall","floor":3,"gold_loss":0,"cards_upgraded":["Thunderclap"]},{"damage_healed":0,"gold_gain":175,"player_choice":"AGREE","damage_taken":0,"max_hp_gain":0,"max_hp_loss":0,"event_name":"Liars Game","floor":12,"gold_loss":0,"cards_obtained":["Doubt"]}],"is_beta":false,"boss_relics":[],"items_purged_floors":[4,13],"is_endless":false,"potions_floor_spawned":[1,14],"killed_by":"Hexaghost","ascension_level":1}