{"gold_per_floor":[110,110,110,122,25,90,90,103,152,181,181,181,181,206,206,302,302,313,323,340,359,378,411,411,152,152,186,32,132,47,59,59,155,155,167,178,178,178,53,53,53,65,65,30,30,59,59,59,59,59,59,59,7,41,41],"floor_reached":56,"playtime":5677,"items_purged":["Regret","Sever Soul","Strike_R"],"score":1382,"play_id":"220f2f01-ec0d-4fbe-9314-b4560739d56c","local_time":"20190925172423","is_ascension_mode":true,"campfire_choices":[{"data":"Body Slam","floor":7,"key":"SMITH"},{"data":"Evolve","floor":11,"key":"SMITH"},{"data":"True Grit","floor":13,"key":"SMITH"},{"data":"Twin Strike","floor":15,"key":"SMITH"},{"floor":24,"key":"REST"},{"data":"Barricade","floor":32,"key":"SMITH"},{"data":"Entrench","floor":40,"key":"SMITH"},{"data":"Metallicize","floor":47,"key":"SMITH"},{"floor":49,"key":"RECALL"},{"data":"Barricade","floor":52,"key":"SMITH"}],"neow_cost":"NONE","seed_source_timestamp":768282873375500,"circlet_count":0,"master_deck":["Strike_R+1","Defend_R+1","Defend_R","Defend_R+1","Defend_R","Bash","Body Slam+1","Evolve+1","True Grit+1","Thunderclap+1","Twin Strike+1","Power Through+1","Fiend Fire","Entrench+1","Power Through+1","Barricade+1","Cleave","Metallicize+1","Purity","Iron Wave","Sentinel","Iron Wave+1","Barricade+1","Feel No Pain+1","Madness","Bloodletting"],"relics":["Burning Blood","NeowsBlessing","Orichalcum","Tiny Chest","Thread and Needle","War Paint","Empty Cage","Letter Opener","Whetstone","Juzu Bracelet","Happy Flower","Incense Burner","Gremlin Horn","Regal Pillow","Busted Crown","Oddly Smooth Stone","Bottled Lightning","Prayer Wheel","Bird Faced Urn","Bottled Tornado"],"potions_floor_usage":[10,16,22,23,27,33,50,54,55,55],"damage_taken":[{"damage":0,"enemies":"2 Louse","floor":1,"turns":1},{"damage":0,"enemies":"Small Slimes","floor":4,"turns":1},{"damage":0,"enemies":"Gremlin Nob","floor":6,"turns":1},{"damage":1,"enemies":"Cultist","floor":8,"turns":4},{"damage":26,"enemies":"Lagavulin","floor":10,"turns":6},{"damage":8,"enemies":"Gremlin Nob","floor":14,"turns":5},{"damage":20,"enemies":"The Guardian","floor":16,"turns":12},{"damage":0,"enemies":"Chosen","floor":18,"turns":4},{"damage":7,"enemies":"3 Byrds","floor":19,"turns":8},{"damage":27,"enemies":"Snake Plant","floor":20,"turns":5},{"damage":14,"enemies":"Snecko","floor":21,"turns":5},{"damage":0,"enemies":"Sentry and Sphere","floor":22,"turns":6},{"damage":48,"enemies":"Gremlin Leader","floor":23,"turns":9},{"damage":11,"enemies":"Book of Stabbing","floor":27,"turns":8},{"damage":17,"enemies":"Colosseum Slavers","floor":29,"turns":8},{"damage":0,"enemies":"Colosseum Nobs","floor":29,"turns":6},{"damage":0,"enemies":"Cultist and Chosen","floor":31,"turns":7},{"damage":31,"enemies":"Collector","floor":33,"turns":10},{"damage":0,"enemies":"3 Darklings","floor":35,"turns":9},{"damage":14,"enemies":"3 Shapes","floor":36,"turns":6},{"damage":0,"enemies":"Maw","floor":42,"turns":9},{"damage":3,"enemies":"Giant Head","floor":46,"turns":10},{"damage":0,"enemies":"Awakened One","floor":50,"turns":12},{"damage":0,"enemies":"Shield and Spear","floor":54,"turns":11},{"damage":43,"enemies":"The Heart","floor":55,"turns":15}],"seed_played":"1573480680436854964","potions_obtained":[{"floor":4,"key":"Strength Potion"},{"floor":14,"key":"AttackPotion"},{"floor":20,"key":"PowerPotion"},{"floor":21,"key":"Strength Potion"},{"floor":23,"key":"Swift Potion"},{"floor":31,"key":"Dexterity Potion"},{"floor":33,"key":"Regen Potion"},{"floor":48,"key":"FairyPotion"},{"floor":48,"key":"EssenceOfSteel"},{"floor":54,"key":"Poison Potion"}],"is_trial":false,"path_per_floor":["M","?","?","M","$","E","R","M","T","E","R","?","R","E","R","B",null,"M","M","M","M","M","E","R","$","T","E","$","?","?","M","R","B",null,"M","M","?","T","$","R","$","M","T","$","T","E","R","?","R","B",null,"R","$","E","B",null],"character_chosen":"IRONCLAD","items_purchased":["True Grit","Metallicize","Purity","Happy Flower","Bloodletting","SkillPotion"],"campfire_rested":1,"item_purchase_floors":[5,25,25,28,44,53],"current_hp_per_floor":[80,73,73,79,79,80,80,80,80,60,60,60,60,58,58,44,80,80,79,58,50,56,14,38,38,38,33,33,28,28,34,34,9,80,80,72,72,72,72,72,72,78,78,78,78,80,80,80,80,80,80,80,80,80,60],"gold":41,"neow_bonus":"THREE_ENEMY_KILL","is_prod":false,"is_daily":false,"chose_seed":false,"campfire_upgraded":8,"win_rate":0,"timestamp":1569457463,"path_taken":["M","?","?","M","$","E","R","M","T","E","R","?","R","E","R","BOSS","M","?","M","?","M","E","R","$","T","E","?","?","?","M","R","BOSS","M","M","?","?","$","R","?","M","T","$","?","E","R","?","R","BOSS","R","$","E","BOSS"],"build_version":"2019-07-17","purchased_purges":3,"victory":true,"max_hp_per_floor":[80,80,80,80,80,80,80,80,80,80,80,80,80,80,80,80,80,80,80,80,80,80,80,80,80,80,80,80,80,80,80,80,80,80,80,80,80,80,80,80,80,80,80,80,80,80,80,80,80,80,80,80,80,80,80],"card_choices":[{"not_picked":["Flex","Clash"],"picked":"Body Slam","floor":1},{"not_picked":["Thunderclap","Clothesline"],"picked":"Evolve","floor":4},{"not_picked":["Havoc","Brutality"],"picked":"Thunderclap","floor":6},{"not_picked":["Anger","Clothesline"],"picked":"Twin Strike","floor":8},{"not_picked":["Thunderclap","Burning Pact"],"picked":"Power Through","floor":10},{"not_picked":["Thunderclap","Clash"],"picked":"Sever Soul","floor":14},{"not_picked":["Reaper","Impervious"],"picked":"Fiend Fire","floor":16},{"not_picked":["True Grit","Reckless Charge"],"picked":"Entrench","floor":18},{"not_picked":["Clash","True Grit+1"],"picked":"Power Through+1","floor":19},{"not_picked":["Sever Soul","Sword Boomerang","Flex"],"picked":"SKIP","floor":20},{"not_picked":["Thunderclap","Havoc","Rupture"],"picked":"SKIP","floor":21},{"not_picked":["Burning Pact","Shrug It Off+1"],"picked":"Barricade","floor":22},{"not_picked":["Corruption","Reckless Charge+1"],"picked":"Cleave","floor":23},{"not_picked":["Wild Strike","Limit Break"],"picked":"Iron Wave","floor":27},{"not_picked":["Clothesline","Shrug It Off+1"],"picked":"Sentinel","floor":29},{"not_picked":["Havoc","Wild Strike"],"picked":"Iron Wave+1","floor":31},{"not_picked":["Double Tap","Immolate"],"picked":"Barricade","floor":33},{"not_picked":[],"picked":"Feel No Pain+1","floor":35},{"not_picked":["Sword Boomerang+1"],"picked":"SKIP","floor":36},{"not_picked":[],"picked":"Madness","floor":37},{"not_picked":["Blood for Blood+1"],"picked":"SKIP","floor":42},{"not_picked":["Perfected Strike+1"],"picked":"SKIP","floor":46},{"not_picked":["Twin Strike+1"],"picked":"SKIP","floor":54}],"player_experience":185146,"relics_obtained":[{"floor":6,"key":"Tiny Chest"},{"floor":10,"key":"Thread and Needle"},{"floor":14,"key":"War Paint"},{"floor":23,"key":"Letter Opener"},{"floor":26,"key":"Whetstone"},{"floor":27,"key":"Juzu Bracelet"},{"floor":29,"key":"Incense Burner"},{"floor":29,"key":"Gremlin Horn"},{"floor":38,"key":"Oddly Smooth Stone"},{"floor":43,"key":"Bottled Lightning"},{"floor":45,"key":"Prayer Wheel"},{"floor":46,"key":"Bird Faced Urn"},{"floor":54,"key":"Bottled Tornado"}],"event_choices":[{"cards_removed":["Strike_R"],"damage_healed":0,"gold_gain":0,"player_choice":"Card Removal","damage_taken":7,"max_hp_gain":0,"max_hp_loss":0,"event_name":"Golden Wing","floor":2,"gold_loss":0},{"damage_healed":0,"gold_gain":0,"player_choice":"Box","damage_taken":0,"relics_obtained":["Orichalcum"],"max_hp_gain":0,"max_hp_loss":0,"event_name":"Big Fish","floor":3,"gold_loss":0,"cards_obtained":["Regret"]},{"damage_healed":0,"gold_gain":0,"player_choice":"Upgraded","damage_taken":0,"max_hp_gain":0,"max_hp_loss":0,"event_name":"Upgrade Shrine","floor":12,"gold_loss":0,"cards_upgraded":["Power Through"]},{"damage_healed":0,"gold_gain":0,"player_choice":"Fight","damage_taken":0,"max_hp_gain":0,"max_hp_loss":0,"event_name":"Colosseum","floor":29,"gold_loss":0},{"damage_healed":0,"gold_gain":0,"player_choice":"Fought Nobs","damage_taken":0,"max_hp_gain":0,"max_hp_loss":0,"event_name":"Colosseum","floor":29,"gold_loss":0},{"damage_healed":0,"gold_gain":0,"player_choice":"Obtained Relic","damage_taken":0,"relics_obtained":["Regal Pillow"],"max_hp_gain":0,"max_hp_loss":0,"event_name":"Addict","floor":30,"gold_loss":85},{"damage_healed":0,"gold_gain":0,"player_choice":"Memory 1","damage_taken":0,"max_hp_gain":0,"max_hp_loss":0,"event_name":"SensoryStone","floor":37,"gold_loss":0},{"damage_healed":0,"gold_gain":0,"player_choice":"Got Potions","damage_taken":0,"max_hp_gain":0,"max_hp_loss":0,"event_name":"Lab","floor":48,"gold_loss":0}],"is_beta":false,"boss_relics":[{"not_picked":["Runic Pyramid","Runic Cube"],"picked":"Empty Cage"},{"not_picked":["White Beast Statue","Cursed Key"],"picked":"Busted Crown"}],"items_purged_floors":[5,25,39],"is_endless":false,"potions_floor_spawned":[4,14,20,21,23,29,31,33,54],"ascension_level":2}