{"gold_per_floor":[111,127,7,107,122,152,152,182,182,182],"floor_reached":10,"playtime":481,"items_purged":[],"score":84,"play_id":"d93d3e00-7907-4443-8faf-bb11a6304f72","local_time":"20190915112116","is_ascension_mode":true,"campfire_choices":[{"data":"Zap","floor":7,"key":"SMITH"}],"neow_cost":"NONE","seed_source_timestamp":269370196708899,"circlet_count":0,"master_deck":["Strike_B","Strike_B","Strike_B","Strike_B","Defend_B","Defend_B","Defend_B","Defend_B","Zap+1","Dualcast","Beam Cell","Go for the Eyes","Defragment","Hologram","Chaos","Sunder","Multi-Cast"],"relics":["Cracked Core","NeowsBlessing","Potion Belt","Bottled Lightning","Bag of Preparation"],"potions_floor_usage":[6],"damage_taken":[{"damage":0,"enemies":"Small Slimes","floor":1,"turns":1},{"damage":0,"enemies":"Cultist","floor":2,"turns":1},{"damage":0,"enemies":"2 Louse","floor":5,"turns":1},{"damage":38,"enemies":"3 Sentries","floor":6,"turns":8},{"damage":26,"enemies":"Gremlin Nob","floor":8,"turns":4},{"damage":11,"enemies":"Gremlin Gang","floor":10,"turns":1}],"seed_played":"1259185673363326499","potions_obtained":[{"floor":2,"key":"Weak Potion"},{"floor":8,"key":"Strength Potion"}],"is_trial":false,"path_per_floor":["M","M","$","?","M","E","R","E","T","M"],"character_chosen":"DEFECT","items_purchased":["Defragment","Hologram"],"campfire_rested":0,"item_purchase_floors":[3,3],"current_hp_per_floor":[75,75,75,75,75,37,37,11,11,0],"gold":182,"neow_bonus":"THREE_ENEMY_KILL","is_prod":false,"is_daily":false,"chose_seed":false,"campfire_upgraded":1,"win_rate":0,"timestamp":1568571676,"path_taken":["M","M","$","?","?","E","R","E","T","M"],"build_version":"2019-07-17","purchased_purges":0,"victory":false,"max_hp_per_floor":[75,75,75,75,75,75,75,75,75,75],"card_choices":[{"not_picked":["Compile Driver","Blizzard"],"picked":"Beam Cell","floor":1},{"not_picked":["Barrage","Rip and Tear"],"picked":"Go for the Eyes","floor":2},{"not_picked":["Beam Cell","Gash"],"picked":"Chaos","floor":5},{"not_picked":["Sweeping Beam","Stack"],"picked":"Sunder","floor":6},{"not_picked":["Steam","Coolheaded"],"picked":"Multi-Cast","floor":8}],"player_experience":68852,"relics_obtained":[{"floor":6,"key":"Potion Belt"},{"floor":8,"key":"Bottled Lightning"},{"floor":9,"key":"Bag of Preparation"}],"event_choices":[{"damage_healed":0,"gold_gain":100,"player_choice":"Gold","damage_taken":0,"max_hp_gain":0,"max_hp_loss":0,"event_name":"Wheel of Change","floor":4,"gold_loss":0}],"is_beta":false,"boss_relics":[],"items_purged_floors":[],"is_endless":false,"potions_floor_spawned":[2,8],"killed_by":"Gremlin Gang","ascension_level":2}