{"gold_per_floor":[119,119,136,149,48,79,79,134,157,157,176,51,65,76,76,176,176,194,205,205,205,219,219,237,237,237,112,127,127,146,174,174,174],"floor_reached":33,"playtime":2737,"items_purged":["Strike_B","Defend_B","Writhe"],"score":296,"play_id":"aaacc9a0-5ade-47e8-8cca-48c6e0d16464","local_time":"20190921151606","is_ascension_mode":true,"campfire_choices":[{"data":"Genetic Algorithm","floor":7.0,"key":"SMITH"},{"data":"Dualcast","floor":10.0,"key":"SMITH"},{"data":"Defragment","floor":15.0,"key":"SMITH"},{"floor":23,"key":"REST"},{"data":"Seek","floor":25,"key":"SMITH"},{"data":"Fission","floor":29,"key":"SMITH"},{"floor":32,"key":"REST"}],"neow_cost":"NONE","seed_source_timestamp":0,"circlet_count":0,"master_deck":["Strike_B","Strike_B","Defend_B","Defend_B","Defend_B","Zap+1","Dualcast+1","Chill","Turbo","BootSequence","Streamline","Genetic Algorithm+1","Coolheaded","Double Energy","Turbo","Double Energy","Defragment+1","Seek+1","Melter","Go for the Eyes+1","Tempest+1","Self Repair","Fission+1","Sunder","Redo"],"special_seed":0,"relics":["Cracked Core","Centennial Puzzle","Bag of Preparation","Oddly Smooth Stone","Nuclear Battery","Singing Bowl","Potion Belt"],"potions_floor_usage":[22,33,33],"damage_taken":[{"damage":12.0,"enemies":"Small Slimes","floor":1.0,"turns":3.0},{"damage":0.0,"enemies":"Cultist","floor":3.0,"turns":3.0},{"damage":5.0,"enemies":"Jaw Worm","floor":4.0,"turns":2.0},{"damage":1.0,"enemies":"Lagavulin","floor":6.0,"turns":8.0},{"damage":20.0,"enemies":"Lagavulin Event","floor":8.0,"turns":6.0},{"damage":2.0,"enemies":"Large Slime","floor":11.0,"turns":4.0},{"damage":0.0,"enemies":"Blue Slaver","floor":13.0,"turns":3.0},{"damage":0.0,"enemies":"Exordium Wildlife","floor":14.0,"turns":5.0},{"damage":3.0,"enemies":"Hexaghost","floor":16.0,"turns":12.0},{"damage":18.0,"enemies":"3 Byrds","floor":18.0,"turns":6.0},{"damage":0.0,"enemies":"Spheric Guardian","floor":19.0,"turns":1.0},{"damage":37,"enemies":"Centurion and Healer","floor":22,"turns":10},{"damage":0,"enemies":"Sentry and Sphere","floor":24,"turns":3},{"damage":7,"enemies":"Shelled Parasite and Fungi","floor":28,"turns":4},{"damage":16,"enemies":"Centurion and Healer","floor":30,"turns":6},{"damage":17,"enemies":"Slavers","floor":31,"turns":7},{"damage":46,"enemies":"Automaton","floor":33,"turns":10}],"seed_played":"-777640221908980984","potions_obtained":[{"floor":1.0,"key":"SneckoOil"},{"floor":3.0,"key":"PowerPotion"},{"floor":8.0,"key":"Swift Potion"},{"floor":13.0,"key":"Dexterity Potion"},{"floor":14.0,"key":"Block Potion"},{"floor":19.0,"key":"EssenceOfSteel"},{"floor":28,"key":"Strength Potion"},{"floor":31,"key":"AttackPotion"}],"is_trial":false,"path_per_floor":["M","?","M","M","$","E","R","?","T","R","M","$","M","M","R","B",null,"M","M","?","?","M","R","M","R","T","$","M","R","M","E","R","B"],"character_chosen":"DEFECT","items_purchased":["Streamline","Turbo"],"campfire_rested":2,"item_purchase_floors":[5,12],"current_hp_per_floor":[63,63,63,58,58,57,57,37,37,37,35,35,35,35,35,32,75,57,57,57,57,20,42,42,42,42,42,42,42,33,23,45,0],"gold":174,"neow_bonus":"REMOVE_CARD","is_prod":false,"is_daily":false,"chose_seed":false,"campfire_upgraded":5,"win_rate":0,"timestamp":1569104166,"path_taken":["M","?","?","M","$","E","R","?","T","R","M","$","M","M","R","BOSS","M","M","?","?","M","R","M","R","T","?","M","R","M","E","R","BOSS"],"build_version":"2019-07-17","purchased_purges":3,"victory":false,"max_hp_per_floor":[75,75,75,75,75,75,75,75,75,75,75,75,75,75,75,75,75,75,75,75,75,75,75,75,75,75,75,75,75,75,75,75,75],"card_choices":[{"not_picked":["Rip and Tear","Recycle"],"picked":"Chill","floor":1.0},{"not_picked":["Ball Lightning","Steam"],"picked":"Turbo","floor":3.0},{"not_picked":["Conserve Battery","Hologram"],"picked":"BootSequence","floor":4.0},{"not_picked":["Capacitor","Blizzard"],"picked":"Genetic Algorithm","floor":6.0},{"not_picked":["Compile Driver","Stack"],"picked":"Coolheaded","floor":8.0},{"not_picked":["Turbo","Sunder"],"picked":"Double Energy","floor":11.0},{"not_picked":["Coolheaded","Steam"],"picked":"Double Energy","floor":13.0},{"not_picked":["Compile Driver","Coolheaded"],"picked":"Defragment","floor":14.0},{"not_picked":["Buffer","Electrodynamics"],"picked":"Seek","floor":16.0},{"not_picked":["Recycle","Stack"],"picked":"Melter","floor":18.0},{"not_picked":["Beam Cell","Gash"],"picked":"Go for the Eyes+1","floor":19.0},{"not_picked":["Storm","Consume"],"picked":"Tempest+1","floor":22},{"not_picked":["Compile Driver","Streamline"],"picked":"Self Repair","floor":24},{"not_picked":["Turbo+1","Barrage"],"picked":"Fission","floor":28},{"not_picked":["Rebound+1","Reinforced Body"],"picked":"Sunder","floor":30},{"not_picked":["Rip and Tear","Amplify"],"picked":"Redo","floor":31}],"player_experience":155691,"relics_obtained":[{"floor":6.0,"key":"Centennial Puzzle"},{"floor":8.0,"key":"Bag of Preparation"},{"floor":9.0,"key":"Oddly Smooth Stone"},{"floor":31,"key":"Potion Belt"}],"event_choices":[{"damage_healed":0.0,"max_hp_gain":0.0,"max_hp_loss":0.0,"gold_gain":0.0,"event_name":"Upgrade Shrine","player_choice":"Upgraded","floor":2.0,"gold_loss":0.0,"damage_taken":0.0,"cards_upgraded":["Zap"]},{"damage_healed":0.0,"max_hp_gain":0.0,"max_hp_loss":0.0,"gold_gain":30.0,"event_name":"Dead Adventurer","player_choice":"Searched \u00273\u0027 times","floor":8.0,"gold_loss":0.0,"damage_taken":0.0},{"damage_healed":0.0,"max_hp_gain":0.0,"max_hp_loss":0.0,"gold_gain":0.0,"event_name":"Ghosts","player_choice":"Ignored","floor":20.0,"gold_loss":0.0,"damage_taken":0.0},{"damage_healed":0.0,"max_hp_gain":0.0,"max_hp_loss":0.0,"gold_gain":0.0,"event_name":"The Mausoleum","player_choice":"Opened","floor":21.0,"gold_loss":0.0,"damage_taken":0.0,"relics_obtained":["Singing Bowl"],"cards_obtained":["Writhe"]}],"is_beta":false,"boss_relics":[{"not_picked":["Runic Pyramid","Velvet Choker"],"picked":"Nuclear Battery"}],"items_purged_floors":[5,12,27],"is_endless":false,"potions_floor_spawned":[1,3,8,13,14,19,28,31],"killed_by":"Automaton","ascension_level":2}