{"gold_per_floor":[117,130,130,130,149,177,177,202,202,202,220,237,270,285,285,385,385,399,413,42,60,79,92,124,124,150,168,168,199,199,216,216,319,369,380,380,94,108,208,234,234,234,234,244,257,257,284,284,284,284],"floor_reached":51,"playtime":4331,"items_purged":["Strike_R"],"score":961,"play_id":"a944ab02-d131-4683-a6a0-c92de2eae8fe","local_time":"20191009081654","is_ascension_mode":true,"campfire_choices":[{"data":"Iron Wave","floor":7.0,"key":"SMITH"},{"floor":10.0,"key":"REST"},{"data":"Whirlwind","floor":15.0,"key":"SMITH"},{"data":"Inflame","floor":25.0,"key":"SMITH"},{"data":"Metallicize","floor":28.0,"key":"SMITH"},{"data":"Offering","floor":30.0,"key":"SMITH"},{"floor":32.0,"key":"REST"},{"data":"Limit Break","floor":42.0,"key":"SMITH"},{"data":"Demon Form","floor":46,"key":"SMITH"},{"floor":49,"key":"REST"}],"neow_cost":"NONE","seed_source_timestamp":37499903384800,"circlet_count":0,"master_deck":["Strike_R+1","Strike_R+1","Strike_R","Defend_R","Defend_R","Defend_R","Defend_R","Bash+1","Iron Wave+1","Wild Strike","Clothesline","Body Slam+1","Whirlwind+1","Inflame+1","Offering+1","Metallicize+1","Power Through+1","Flex+1","Impervious","Limit Break+1","Whirlwind+1","Madness","Madness","Disarm+1","Flex+1","Dark Shackles","Ghostly Armor+1","Demon Form+1"],"special_seed":0,"relics":["Burning Blood","Blood Vial","Paper Frog","Torii","Bag of Preparation","Whetstone","Philosopher\u0027s Stone","Red Skull","Potion Belt","Bird Faced Urn","Juzu Bracelet","Vajra","Tiny House","Nunchaku","Turnip","Ice Cream","Question Card","Sundial"],"potions_floor_usage":[45,50,50,50,50,50],"damage_taken":[{"damage":7.0,"enemies":"2 Louse","floor":1.0,"turns":3.0},{"damage":7.0,"enemies":"Jaw Worm","floor":2.0,"turns":4.0},{"damage":0.0,"enemies":"Cultist","floor":5.0,"turns":2.0},{"damage":25.0,"enemies":"Lagavulin","floor":6.0,"turns":6.0},{"damage":36.0,"enemies":"3 Sentries","floor":8.0,"turns":10.0},{"damage":2.0,"enemies":"Blue Slaver","floor":11.0,"turns":4.0},{"damage":0.0,"enemies":"3 Louse","floor":12.0,"turns":2.0},{"damage":26.0,"enemies":"Lagavulin","floor":13.0,"turns":8.0},{"damage":13.0,"enemies":"Large Slime","floor":14.0,"turns":3.0},{"damage":0.0,"enemies":"Slime Boss","floor":16.0,"turns":6.0},{"damage":18.0,"enemies":"2 Thieves","floor":18.0,"turns":2.0},{"damage":6.0,"enemies":"Spheric Guardian","floor":19.0,"turns":3.0},{"damage":7.0,"enemies":"Centurion and Healer","floor":21.0,"turns":5.0},{"damage":17.0,"enemies":"Snecko","floor":22.0,"turns":3.0},{"damage":7.0,"enemies":"3 Cultists","floor":23.0,"turns":3.0},{"damage":23.0,"enemies":"Slavers","floor":24.0,"turns":5.0},{"damage":1.0,"enemies":"Cultist and Chosen","floor":27.0,"turns":4.0},{"damage":21.0,"enemies":"Book of Stabbing","floor":29.0,"turns":4.0},{"damage":6.0,"enemies":"Snake Plant","floor":31.0,"turns":2.0},{"damage":68.0,"enemies":"Automaton","floor":33.0,"turns":10.0},{"damage":14.0,"enemies":"3 Darklings","floor":35.0,"turns":2.0},{"damage":15.0,"enemies":"3 Shapes","floor":38.0,"turns":3.0},{"damage":0.0,"enemies":"Mind Bloom Boss Battle","floor":39.0,"turns":5.0},{"damage":21.0,"enemies":"Reptomancer","floor":40.0,"turns":5.0},{"damage":7.0,"enemies":"Jaw Worm Horde","floor":44.0,"turns":3.0},{"damage":12,"enemies":"Transient","floor":45,"turns":5},{"damage":21,"enemies":"Giant Head","floor":47,"turns":7},{"damage":69,"enemies":"Time Eater","floor":50,"turns":9}],"seed_played":"1620737581732430017","potions_obtained":[{"floor":2.0,"key":"Energy Potion"},{"floor":5.0,"key":"Weak Potion"},{"floor":6.0,"key":"BloodPotion"},{"floor":12.0,"key":"AttackPotion"},{"floor":16.0,"key":"SkillPotion"},{"floor":23.0,"key":"Regen Potion"},{"floor":27.0,"key":"Swift Potion"},{"floor":29.0,"key":"GamblersBrew"},{"floor":34.0,"key":"SmokeBomb"},{"floor":40.0,"key":"Ancient Potion"},{"floor":45,"key":"Fruit Juice"},{"floor":47,"key":"Block Potion"}],"is_trial":false,"path_per_floor":["M","M","?","?","M","E","R","E","T","R","M","M","E","M","R","B",null,"M","M","$","M","M","M","E","R","T","M","R","E","R","M","R","B",null,"M","?","$","M","?","E","?","R","T","M","M","R","E","?","R","B",null],"character_chosen":"IRONCLAD","items_purchased":["Red Skull","Potion Belt","Nunchaku"],"campfire_rested":3,"item_purchase_floors":[20,20,37],"current_hp_per_floor":[79,78,78,53,61,44,44,16,16,40,46,54,36,31,31,39,70,60,62,62,63,54,55,40,40,40,49,49,40,40,46,70,14,69,65,54,54,51,63,54,54,54,54,57,62,62,55,55,82,54],"gold":284,"neow_bonus":"UPGRADE_CARD","is_prod":false,"is_daily":false,"chose_seed":false,"campfire_upgraded":7,"win_rate":0,"timestamp":1570601814,"path_taken":["M","M","?","?","M","E","R","E","T","R","?","?","E","M","R","BOSS","M","M","$","M","M","M","E","R","T","M","R","E","R","M","R","BOSS","M","?","$","M","?","E","?","R","T","M","M","R","E","?","R","BOSS"],"build_version":"2019-07-17","purchased_purges":1,"victory":true,"max_hp_per_floor":[80,80,80,80,80,80,80,80,80,80,80,80,80,80,80,80,80,80,80,80,80,80,80,80,80,80,80,80,80,80,80,80,80,85,85,85,85,85,85,85,85,85,85,85,90,90,90,90,90,90],"card_choices":[{"not_picked":["Carnage","Cleave"],"picked":"Iron Wave","floor":1.0},{"not_picked":["Clash","Spot Weakness"],"picked":"Wild Strike","floor":2.0},{"not_picked":["Flex","Pommel Strike"],"picked":"Clothesline","floor":5.0},{"not_picked":["Hemokinesis","Reckless Charge"],"picked":"Body Slam","floor":6.0},{"not_picked":["Flex","Cleave"],"picked":"Whirlwind","floor":8.0},{"not_picked":["Searing Blow","Cleave","Bludgeon"],"picked":"SKIP","floor":11.0},{"not_picked":["Warcry","Pommel Strike","Clothesline"],"picked":"SKIP","floor":12.0},{"not_picked":["Rupture","Spot Weakness"],"picked":"Inflame","floor":13.0},{"not_picked":["Sword Boomerang","Body Slam","Headbutt"],"picked":"SKIP","floor":14.0},{"not_picked":["Double Tap","Impervious"],"picked":"Offering","floor":16.0},{"not_picked":["Anger","Disarm"],"picked":"Metallicize","floor":18.0},{"not_picked":["Warcry","Anger+1","Clothesline"],"picked":"SKIP","floor":19.0},{"not_picked":["Body Slam","Dropkick","Twin Strike"],"picked":"SKIP","floor":21.0},{"not_picked":["Fire Breathing","Carnage","Twin Strike"],"picked":"SKIP","floor":22.0},{"not_picked":["Warcry","Clash"],"picked":"Power Through+1","floor":23.0},{"not_picked":["Iron Wave","Twin Strike"],"picked":"Flex+1","floor":24.0},{"not_picked":["Perfected Strike","Sever Soul","Reckless Charge"],"picked":"SKIP","floor":27.0},{"not_picked":["Heavy Blade","Headbutt"],"picked":"Impervious","floor":29.0},{"not_picked":["Rupture","Dual Wield","Havoc"],"picked":"SKIP","floor":31.0},{"not_picked":["Barricade","Juggernaut"],"picked":"Limit Break","floor":33.0},{"not_picked":["Anger","Infernal Blade+1"],"picked":"Whirlwind+1","floor":34.0},{"not_picked":["Cleave","Havoc+1","Sword Boomerang"],"picked":"SKIP","floor":35.0},{"not_picked":["Whirlwind","Heavy Blade+1"],"picked":"Disarm+1","floor":38.0},{"not_picked":["Twin Strike","Spot Weakness"],"picked":"Flex+1","floor":39.0},{"not_picked":["True Grit","Heavy Blade+1","Intimidate+1"],"picked":"SKIP","floor":40.0},{"not_picked":["Dramatic Entrance","Trip"],"picked":"Dark Shackles","floor":41.0},{"not_picked":["Whirlwind+1","Intimidate","Anger"],"picked":"Ghostly Armor+1","floor":44.0},{"not_picked":["Carnage","Sentinel+1","Infernal Blade"],"picked":"Demon Form","floor":45},{"not_picked":["Cleave","Sever Soul+1","Body Slam","Havoc"],"picked":"SKIP","floor":47}],"player_experience":227025,"relics_obtained":[{"floor":6.0,"key":"Paper Frog"},{"floor":8.0,"key":"Torii"},{"floor":9.0,"key":"Bag of Preparation"},{"floor":13.0,"key":"Whetstone"},{"floor":24.0,"key":"Bird Faced Urn"},{"floor":26.0,"key":"Juzu Bracelet"},{"floor":29.0,"key":"Vajra"},{"floor":39.0,"key":"Turnip"},{"floor":40.0,"key":"Ice Cream"},{"floor":43.0,"key":"Question Card"},{"floor":47,"key":"Sundial"}],"event_choices":[{"cards_removed":["Strike_R"],"damage_healed":0.0,"max_hp_gain":0.0,"max_hp_loss":0.0,"gold_gain":0.0,"event_name":"Living Wall","player_choice":"Forget","floor":3.0,"gold_loss":0.0,"damage_taken":0.0},{"damage_healed":0.0,"max_hp_gain":0.0,"max_hp_loss":0.0,"gold_gain":0.0,"event_name":"Scrap Ooze","player_choice":"Success","floor":4.0,"gold_loss":0.0,"damage_taken":25.0,"relics_obtained":["Blood Vial"]},{"damage_healed":0.0,"max_hp_gain":0.0,"max_hp_loss":0.0,"gold_gain":0.0,"event_name":"Winding Halls","player_choice":"Embrace Madness","floor":36.0,"gold_loss":0.0,"damage_taken":11.0,"cards_obtained":["Madness","Madness"]},{"damage_healed":0.0,"max_hp_gain":0.0,"max_hp_loss":0.0,"gold_gain":0.0,"event_name":"MindBloom","player_choice":"Fight","floor":39.0,"gold_loss":0.0,"damage_taken":0.0},{"damage_healed":0.0,"max_hp_gain":0.0,"max_hp_loss":0.0,"gold_gain":0.0,"event_name":"SensoryStone","player_choice":"Memory 1","floor":41.0,"gold_loss":0.0,"damage_taken":0.0},{"damage_healed":0,"gold_gain":0,"player_choice":"Ignored","damage_taken":0,"max_hp_gain":0,"max_hp_loss":0,"event_name":"Mysterious Sphere","floor":48,"gold_loss":0}],"is_beta":false,"boss_relics":[{"not_picked":["Sozu","Runic Pyramid"],"picked":"Philosopher\u0027s Stone"},{"not_picked":["Orrery","Velvet Choker"],"picked":"Tiny House"}],"items_purged_floors":[20],"is_endless":false,"potions_floor_spawned":[2,5,6,12,16,19,23,27,29,40,45,47],"ascension_level":5}