{"gold_per_floor":[115,40,58,76,76,76,88,117,117,131,31,31,64,41,41,142,142,161,171,54,54,72,72,83,83,83,83,98,126,5,23,23,23],"floor_reached":33,"playtime":1150,"items_purged":["Strike_R","Strike_R"],"score":374,"play_id":"c86b7b10-4842-4b4d-b37b-2943770d15c0","local_time":"20191012163206","is_ascension_mode":true,"campfire_choices":[{"data":"Body Slam","floor":6.0,"key":"SMITH"},{"data":"Pommel Strike","floor":12.0,"key":"SMITH"},{"floor":15.0,"key":"REST"},{"floor":23.0,"key":"REST"},{"data":"Armaments","floor":25.0,"key":"SMITH"},{"data":"Bash","floor":27.0,"key":"SMITH"},{"floor":32,"key":"REST"}],"neow_cost":"NONE","seed_source_timestamp":531102653886700,"circlet_count":0,"master_deck":["Strike_R+1","Strike_R","Strike_R+1","Defend_R","Defend_R","Defend_R","Defend_R","Bash+1","Body Slam+1","Armaments+1","Pommel Strike+1","Uppercut","Combust","Havoc","Disarm","Reaper","Havoc+1","Anger","Shockwave","Metallicize","Battle Trance","Dropkick","Fiend Fire","Flex+1"],"special_seed":0,"relics":["Burning Blood","NeowsBlessing","Toy Ornithopter","Vajra","HornCleat","SacredBark","Unceasing Top","MealTicket"],"potions_floor_usage":[29,31,33],"damage_taken":[{"damage":0.0,"enemies":"Cultist","floor":1.0,"turns":1.0},{"damage":0.0,"enemies":"Jaw Worm","floor":3.0,"turns":1.0},{"damage":0.0,"enemies":"Small Slimes","floor":4.0,"turns":1.0},{"damage":11.0,"enemies":"2 Fungi Beasts","floor":7.0,"turns":4.0},{"damage":24.0,"enemies":"Gremlin Nob","floor":8.0,"turns":4.0},{"damage":8.0,"enemies":"Looter","floor":10.0,"turns":2.0},{"damage":26.0,"enemies":"Lagavulin","floor":13.0,"turns":5.0},{"damage":24.0,"enemies":"The Guardian","floor":16.0,"turns":11.0},{"damage":34.0,"enemies":"3 Byrds","floor":18.0,"turns":5.0},{"damage":21.0,"enemies":"Spheric Guardian","floor":19.0,"turns":4.0},{"damage":51.0,"enemies":"Shelled Parasite and Fungi","floor":22.0,"turns":9.0},{"damage":25.0,"enemies":"Snecko","floor":24.0,"turns":7.0},{"damage":29.0,"enemies":"Chosen and Byrds","floor":28.0,"turns":7.0},{"damage":36,"enemies":"Gremlin Leader","floor":29,"turns":7},{"damage":24,"enemies":"Centurion and Healer","floor":31,"turns":6},{"damage":79,"enemies":"Champ","floor":33,"turns":8}],"seed_played":"-4760203493622053854","potions_obtained":[{"floor":4.0,"key":"Strength Potion"},{"floor":10.0,"key":"Ancient Potion"},{"floor":13.0,"key":"AttackPotion"},{"floor":22.0,"key":"SpeedPotion"},{"floor":29,"key":"Strength Potion"},{"floor":31,"key":"AttackPotion"}],"is_trial":false,"path_per_floor":["M","$","M","M","?","R","M","E","T","M","$","R","E","?","R","B",null,"M","M","$","?","M","R","M","R","T","R","M","E","$","M","R","B"],"character_chosen":"IRONCLAD","items_purchased":["Shockwave","Metallicize","Fiend Fire","Fire Potion"],"campfire_rested":3,"item_purchase_floors":[20,20,30,30],"current_hp_per_floor":[78,78,80,80,64,64,59,41,41,39,39,39,19,19,43,35,69,47,37,37,63,23,47,42,42,42,42,19,9,24,29,53,0],"gold":23,"neow_bonus":"THREE_ENEMY_KILL","is_prod":false,"is_daily":false,"chose_seed":false,"campfire_upgraded":4,"win_rate":0,"timestamp":1570887126,"path_taken":["M","$","M","?","?","R","M","E","T","M","?","R","E","?","R","BOSS","M","M","$","?","M","R","M","R","T","R","M","E","$","M","R","BOSS"],"build_version":"2019-10-11","purchased_purges":2,"victory":false,"max_hp_per_floor":[80,80,80,80,80,80,80,80,80,80,80,80,80,80,80,80,80,80,80,80,80,80,80,80,80,80,80,80,80,80,80,80,80],"card_choices":[{"not_picked":["Heavy Blade","Blood for Blood"],"picked":"Body Slam","floor":1.0},{"not_picked":["Pommel Strike","Perfected Strike"],"picked":"Armaments","floor":3.0},{"not_picked":["Whirlwind","Hemokinesis"],"picked":"Pommel Strike","floor":4.0},{"not_picked":["Clash","Burning Pact"],"picked":"Uppercut","floor":7.0},{"not_picked":["Body Slam","Clothesline"],"picked":"Combust","floor":8.0},{"not_picked":["Flex","Limit Break"],"picked":"Havoc","floor":10.0},{"not_picked":["Perfected Strike","Clothesline"],"picked":"Disarm","floor":13.0},{"not_picked":["Berserk","Bludgeon"],"picked":"Reaper","floor":16.0},{"not_picked":["Thunderclap","Clothesline"],"picked":"Havoc+1","floor":18.0},{"not_picked":["Sword Boomerang+1","Twin Strike"],"picked":"Anger","floor":19.0},{"not_picked":["Perfected Strike","Whirlwind+1","Brutality"],"picked":"SKIP","floor":22.0},{"not_picked":["Wild Strike","Thunderclap"],"picked":"Battle Trance","floor":24.0},{"not_picked":["Wild Strike+1","Body Slam","Reckless Charge"],"picked":"SKIP","floor":28.0},{"not_picked":["Infernal Blade","Combust"],"picked":"Dropkick","floor":29},{"not_picked":["Thunderclap+1","Heavy Blade"],"picked":"Flex+1","floor":31}],"player_experience":378892,"relics_obtained":[{"floor":8.0,"key":"Toy Ornithopter"},{"floor":9.0,"key":"Vajra"},{"floor":13.0,"key":"HornCleat"},{"floor":26.0,"key":"Unceasing Top"},{"floor":29,"key":"MealTicket"}],"event_choices":[{"damage_healed":0.0,"max_hp_gain":0.0,"max_hp_loss":0.0,"gold_gain":0.0,"event_name":"Shining Light","player_choice":"Entered Light","floor":5.0,"gold_loss":0.0,"damage_taken":16.0,"cards_upgraded":["Strike_R","Strike_R"]},{"damage_healed":0.0,"max_hp_gain":0.0,"max_hp_loss":0.0,"gold_gain":0.0,"event_name":"World of Goop","player_choice":"Left Gold","floor":14.0,"gold_loss":23.0,"damage_taken":0.0},{"damage_healed":26.0,"max_hp_gain":0.0,"max_hp_loss":0.0,"gold_gain":0.0,"event_name":"The Library","player_choice":"Heal","floor":21.0,"gold_loss":0.0,"damage_taken":0.0}],"is_beta":true,"boss_relics":[{"not_picked":["Philosopher\u0027s Stone","Pandora\u0027s Box"],"picked":"SacredBark"}],"items_purged_floors":[2,11],"is_endless":false,"potions_floor_spawned":[4,10,13,22,29,31],"killed_by":"Champ","ascension_level":7}