{"gold_per_floor":[364,4,23,23,23,48,48,78,130,165,165,176,176,176,176,275,275,286,306,405,405,418,449,463,497,497,497,64,64,75,85,85,186,186,198,212,232,232,86,115,115,149,173,173,198,198,198,218,218,218,218,218,18,43,43],"floor_reached":55,"playtime":2685,"items_purged":["Strike_G","Strike_G"],"score":850,"play_id":"6e455854-0d2a-4de9-b4e7-a330a2017da4","local_time":"20191006134435","is_ascension_mode":true,"campfire_choices":[{"data":"Dagger Spray","floor":7,"key":"SMITH"},{"data":"Deadly Poison","floor":11,"key":"SMITH"},{"floor":15,"key":"REST"},{"floor":27,"key":"REST"},{"data":"Cloak And Dagger","floor":32,"key":"SMITH"},{"floor":41,"key":"REST"},{"data":"Footwork","floor":44,"key":"SMITH"},{"floor":49,"key":"RECALL"},{"data":"After Image","floor":52,"key":"SMITH"}],"neow_cost":"TEN_PERCENT_HP_LOSS","seed_source_timestamp":186420655180800,"circlet_count":0,"master_deck":["Strike_G","Strike_G+1","Defend_G","Defend_G","Defend_G+1","Defend_G","Defend_G+1","Survivor","Neutralize+1","Flying Knee","Noxious Fumes+1","Dagger Throw","Deadly Poison+1","Glass Knife","Prepared","Slice+1","Dagger Throw+1","PiercingWail","After Image+1","Cloak And Dagger+1","Predator","Flechettes+1","Catalyst+1","Deadly Poison+1","Footwork+1","Blur+1","Backflip+1","Finesse","Blind","Dodge and Roll+1","Quick Slash+1"],"relics":["Ring of the Snake","Mercury Hourglass","Whetstone","Bronze Scales","War Paint","Singing Bowl","Ninja Scroll","HoveringKite","CloakClasp","Dead Branch","Shuriken","Art of War","WristBlade","Potion Belt","StrikeDummy","Gremlin Horn","Bird Faced Urn","Snake Skull"],"potions_floor_usage":[23,25,35,40,40,40,40,50,50,50,50,50,55,55,55],"damage_taken":[{"damage":0,"enemies":"Small Slimes","floor":1,"turns":3},{"damage":1,"enemies":"Jaw Worm","floor":3,"turns":4},{"damage":22,"enemies":"Gremlin Nob","floor":6,"turns":4},{"damage":8,"enemies":"Lagavulin","floor":8,"turns":6},{"damage":10,"enemies":"3 Sentries","floor":10,"turns":4},{"damage":0,"enemies":"2 Louse","floor":12,"turns":2},{"damage":37,"enemies":"Slime Boss","floor":16,"turns":7},{"damage":0,"enemies":"Shell Parasite","floor":18,"turns":3},{"damage":2,"enemies":"Chosen","floor":19,"turns":3},{"damage":0,"enemies":"Centurion and Healer","floor":22,"turns":4},{"damage":26,"enemies":"Slavers","floor":23,"turns":3},{"damage":11,"enemies":"Snecko","floor":24,"turns":4},{"damage":0,"enemies":"Gremlin Leader","floor":25,"turns":7},{"damage":0,"enemies":"Chosen and Byrds","floor":30,"turns":3},{"damage":0,"enemies":"Shelled Parasite and Fungi","floor":31,"turns":3},{"damage":38,"enemies":"Collector","floor":33,"turns":8},{"damage":4,"enemies":"Orb Walker","floor":35,"turns":2},{"damage":0,"enemies":"3 Darklings","floor":36,"turns":3},{"damage":8,"enemies":"Writhing Mass","floor":37,"turns":5},{"damage":36,"enemies":"Nemesis","floor":40,"turns":7},{"damage":4,"enemies":"Reptomancer","floor":42,"turns":5},{"damage":8,"enemies":"Giant Head","floor":45,"turns":7},{"damage":9,"enemies":"Maw","floor":48,"turns":6},{"damage":12,"enemies":"Donu and Deca","floor":50,"turns":8},{"damage":38,"enemies":"Shield and Spear","floor":54,"turns":7},{"damage":59,"enemies":"The Heart","floor":55,"turns":3}],"seed_played":"7639270261664633732","potions_obtained":[{"floor":10,"key":"EssenceOfSteel"},{"floor":16,"key":"GamblersBrew"},{"floor":22,"key":"Ancient Potion"},{"floor":23,"key":"Block Potion"},{"floor":24,"key":"EntropicBrew"},{"floor":25,"key":"SkillPotion"},{"floor":36,"key":"SkillPotion"},{"floor":42,"key":"LiquidBronze"},{"floor":45,"key":"PowerPotion"}],"is_trial":false,"path_per_floor":["M","$","M","?","?","E","R","E","T","E","R","M","T","?","R","B",null,"M","M","?","?","M","E","M","E","T","R","$","?","M","M","R","B",null,"M","M","M","?","$","E","R","E","T","R","E","?","?","M","R","B",null,"R","$","E","B"],"character_chosen":"THE_SILENT","items_purchased":["Noxious Fumes","Mercury Hourglass","After Image","Cloak And Dagger","Art of War","Potion Belt","Ancient Potion","SteroidPotion","Regen Potion"],"campfire_rested":3,"item_purchase_floors":[2,2,28,28,28,39,53,53,53],"current_hp_per_floor":[63,63,62,67,67,45,45,37,37,29,29,31,31,24,45,8,72,72,70,70,70,70,46,37,37,37,59,59,59,61,61,61,25,80,76,76,68,68,68,32,56,52,52,52,44,44,36,33,33,31,78,78,78,42,0],"gold":43,"neow_bonus":"TWO_FIFTY_GOLD","is_prod":false,"is_daily":false,"chose_seed":false,"campfire_upgraded":5,"win_rate":0,"timestamp":1570365875,"path_taken":["M","$","M","?","?","E","R","E","T","E","R","M","?","?","R","BOSS","M","M","?","?","M","E","M","E","T","R","$","?","M","M","R","BOSS","M","M","M","?","$","E","R","E","T","R","E","?","?","M","R","BOSS","R","$","E","BOSS"],"build_version":"2019-10-04","purchased_purges":2,"victory":false,"max_hp_per_floor":[63,63,63,68,68,68,68,68,68,70,70,72,72,72,72,72,72,72,72,72,72,72,74,76,76,76,76,76,76,78,78,78,80,80,80,80,80,80,80,80,80,80,80,80,80,76,78,78,78,78,78,78,78,78,78],"card_choices":[{"not_picked":["Bane","Terror"],"picked":"Flying Knee","floor":1},{"not_picked":["Expertise","Endless Agony"],"picked":"Dagger Throw","floor":3},{"not_picked":["Dodge and Roll","Finisher"],"picked":"Dagger Spray","floor":6},{"not_picked":["Accuracy","Underhanded Strike"],"picked":"Deadly Poison","floor":8},{"not_picked":["Storm of Steel","Poisoned Stab","Dagger Throw"],"picked":"Singing Bowl","floor":10},{"not_picked":["Blur","Blade Dance","Flying Knee"],"picked":"Singing Bowl","floor":12},{"not_picked":["Night Terror","Phantasmal Killer"],"picked":"Glass Knife","floor":16},{"not_picked":["Blade Dance","Flechettes"],"picked":"Prepared","floor":18},{"not_picked":["Dagger Throw","Sucker Punch+1"],"picked":"Slice+1","floor":19},{"not_picked":["Backflip","Leg Sweep"],"picked":"Dagger Throw+1","floor":22},{"not_picked":["Noxious Fumes","Prepared","Bane+1"],"picked":"Singing Bowl","floor":23},{"not_picked":["Choke","Skewer","Sucker Punch"],"picked":"Singing Bowl","floor":24},{"not_picked":["Phantasmal Killer","Sucker Punch"],"picked":"PiercingWail","floor":25},{"not_picked":["Sucker Punch","Prepared","Concentrate+1"],"picked":"Singing Bowl","floor":30},{"not_picked":["Reflex","Masterful Stab"],"picked":"Predator","floor":31},{"not_picked":["Bullet Time","Glass Knife","Doppelganger"],"picked":"Singing Bowl","floor":33},{"not_picked":["Infinite Blades","Predator+1"],"picked":"Flechettes+1","floor":35},{"not_picked":["Infinite Blades","Dagger Throw+1"],"picked":"Catalyst+1","floor":36},{"not_picked":["Poisoned Stab","Cloak And Dagger"],"picked":"Deadly Poison+1","floor":37},{"not_picked":["Tactician+1","Choke+1"],"picked":"Footwork","floor":40},{"not_picked":["Outmaneuver","Catalyst"],"picked":"Blur+1","floor":42},{"not_picked":["Dodge and Roll","Deflect"],"picked":"Backflip+1","floor":45},{"not_picked":["Dramatic Entrance","Swift Strike"],"picked":"Finesse","floor":47},{"not_picked":["Good Instincts","Forethought","Impatience"],"picked":"Singing Bowl","floor":47},{"not_picked":["Jack Of All Trades","Violence"],"picked":"Blind","floor":47},{"not_picked":["Dagger Spray","Underhanded Strike+1"],"picked":"Dodge and Roll+1","floor":48},{"not_picked":["Reflex","Corpse Explosion"],"picked":"Quick Slash+1","floor":54}],"player_experience":1619857,"relics_obtained":[{"floor":6,"key":"Whetstone"},{"floor":8,"key":"Bronze Scales"},{"floor":9,"key":"War Paint"},{"floor":10,"key":"Singing Bowl"},{"floor":13,"key":"Ninja Scroll"},{"floor":23,"key":"CloakClasp"},{"floor":25,"key":"Dead Branch"},{"floor":26,"key":"Shuriken"},{"floor":40,"key":"StrikeDummy"},{"floor":42,"key":"Gremlin Horn"},{"floor":45,"key":"Bird Faced Urn"},{"floor":54,"key":"Snake Skull"}],"event_choices":[{"damage_healed":0,"gold_gain":0,"player_choice":"Donut","damage_taken":0,"max_hp_gain":5,"max_hp_loss":0,"event_name":"Big Fish","floor":4,"gold_loss":0},{"damage_healed":0,"gold_gain":0,"player_choice":"Grow","damage_taken":0,"max_hp_gain":0,"max_hp_loss":0,"event_name":"Living Wall","floor":5,"gold_loss":0,"cards_upgraded":["Noxious Fumes"]},{"cards_removed":["Strike_G"],"damage_healed":0,"gold_gain":0,"player_choice":"Card Removal","damage_taken":7,"max_hp_gain":0,"max_hp_loss":0,"event_name":"Golden Wing","floor":14,"gold_loss":0},{"damage_healed":0,"gold_gain":99,"player_choice":"Stole From Cult","damage_taken":0,"max_hp_gain":0,"max_hp_loss":0,"event_name":"Nest","floor":20,"gold_loss":0},{"damage_healed":0,"gold_gain":0,"player_choice":"Ignored","damage_taken":0,"max_hp_gain":0,"max_hp_loss":0,"event_name":"Vampires","floor":21,"gold_loss":0},{"damage_healed":0,"gold_gain":0,"player_choice":"Ignored","damage_taken":0,"max_hp_gain":0,"max_hp_loss":0,"event_name":"Ghosts","floor":29,"gold_loss":0},{"cards_removed":["Dagger Spray"],"damage_healed":0,"gold_gain":0,"player_choice":"Removed Attack","damage_taken":0,"max_hp_gain":0,"max_hp_loss":0,"event_name":"Falling","floor":38,"gold_loss":0},{"damage_healed":0,"gold_gain":0,"player_choice":"Max HP","damage_taken":0,"max_hp_gain":0,"max_hp_loss":4,"event_name":"Winding Halls","floor":46,"gold_loss":0},{"damage_healed":0,"gold_gain":0,"player_choice":"Memory 3","damage_taken":10,"max_hp_gain":0,"max_hp_loss":0,"event_name":"SensoryStone","floor":47,"gold_loss":0}],"is_beta":true,"boss_relics":[{"not_picked":["Philosopher\u0027s Stone","Velvet Choker"],"picked":"HoveringKite"},{"not_picked":["Pandora\u0027s Box","Snecko Eye"],"picked":"WristBlade"}],"items_purged_floors":[2,28],"is_endless":false,"potions_floor_spawned":[10,16,22,23,24,25,33,36,42,45],"killed_by":"The Heart","ascension_level":1}