{"gold_per_floor":[116,134,59,71,71,71,71,71,71,71,104,104,123,207,207,310,310,325,325,356,373,391,391,407,407,407,332,47,81,81,98,98,197,197,207,226,298,315,331,331,378,109,109,109,11,28,28,42,42,42],"floor_reached":50,"playtime":8419,"items_purged":["Bash","Strike_R"],"score":460,"play_id":"1d898d8f-d124-4684-839e-524315c3d251","local_time":"20191006211556","is_ascension_mode":false,"campfire_choices":[{"data":"Clothesline","floor":6.0,"key":"SMITH"},{"data":"Defend_R","floor":8.0,"key":"SMITH"},{"data":"Strike_R","floor":10.0,"key":"SMITH"},{"floor":15.0,"key":"REST"},{"floor":23.0,"key":"REST"},{"data":"Armaments","floor":25.0,"key":"SMITH"},{"floor":32.0,"key":"REST"},{"floor":40,"key":"REST"},{"floor":44,"key":"REST"},{"floor":49,"key":"REST"}],"neow_cost":"NONE","seed_source_timestamp":0,"circlet_count":0,"master_deck":["Strike_R","Strike_R+1","Defend_R+1","Defend_R","Defend_R","Defend_R","Clothesline+1","Havoc","Pummel","Pommel Strike","Armaments","Bludgeon","Spot Weakness","Metallicize","Armaments+1","Uppercut","Battle Trance","Rampage","Offering","Havoc+1","Rampage","Secret Technique","Doubt","Good Instincts","Master of Strategy"],"special_seed":0,"relics":["Black Blood","Regal Pillow","Omamori","Bronze Scales","Tiny Chest","Cursed Key","Red Mask","Bag of Marbles","Medical Kit","Gremlin Horn","Shuriken","Turnip","Darkstone Periapt"],"potions_floor_usage":[41,46,50],"damage_taken":[{"damage":1.0,"enemies":"Jaw Worm","floor":1.0,"turns":5.0},{"damage":0.0,"enemies":"2 Louse","floor":2.0,"turns":2.0},{"damage":0.0,"enemies":"Cultist","floor":4.0,"turns":4.0},{"damage":39.0,"enemies":"3 Sentries","floor":11.0,"turns":8.0},{"damage":5.0,"enemies":"Exordium Wildlife","floor":13.0,"turns":5.0},{"damage":70.0,"enemies":"Hexaghost","floor":16.0,"turns":14.0},{"damage":17.0,"enemies":"2 Thieves","floor":18.0,"turns":3.0},{"damage":15.0,"enemies":"Masked Bandits","floor":20.0,"turns":4.0},{"damage":0.0,"enemies":"Spheric Guardian","floor":21.0,"turns":3.0},{"damage":6.0,"enemies":"Snecko","floor":22.0,"turns":5.0},{"damage":10.0,"enemies":"Centurion and Healer","floor":24.0,"turns":6.0},{"damage":30.0,"enemies":"Gremlin Leader","floor":29.0,"turns":9.0},{"damage":15.0,"enemies":"Snake Plant","floor":31.0,"turns":4.0},{"damage":88.0,"enemies":"Automaton","floor":33.0,"turns":13.0},{"damage":33.0,"enemies":"3 Darklings","floor":35.0,"turns":7.0},{"damage":13.0,"enemies":"3 Shapes","floor":36.0,"turns":4.0},{"damage":17,"enemies":"Writhing Mass","floor":38,"turns":5},{"damage":10,"enemies":"4 Shapes","floor":39,"turns":5},{"damage":86,"enemies":"2 Orb Walkers","floor":41,"turns":7},{"damage":21,"enemies":"Spire Growth","floor":46,"turns":5},{"damage":22,"enemies":"Maw","floor":48,"turns":9},{"damage":99,"enemies":"Time Eater","floor":50,"turns":9}],"seed_played":"-6570736430961881526","potions_obtained":[{"floor":2.0,"key":"SkillPotion"},{"floor":11.0,"key":"SteroidPotion"},{"floor":13.0,"key":"Regen Potion"},{"floor":20.0,"key":"GamblersBrew"},{"floor":22.0,"key":"GamblersBrew"},{"floor":24.0,"key":"FearPotion"},{"floor":35.0,"key":"SpeedPotion"},{"floor":38,"key":"Swift Potion"},{"floor":41,"key":"BloodPotion"},{"floor":48,"key":"AttackPotion"}],"is_trial":false,"path_per_floor":["M","M","$","M","?","R","$","R","T","R","E","?","M","T","R","B",null,"M","?","?","M","M","R","M","R","T","?","$","E","?","M","R","B",null,"M","M","T","M","M","R","?","$","T","R","$","M","?","M","R","B"],"character_chosen":"IRONCLAD","items_purchased":["Uppercut","Medical Kit","Secret Technique","Good Instincts"],"campfire_rested":6,"item_purchase_floors":[28,28,42,45],"current_hp_per_floor":[88,88,88,88,88,88,88,88,88,88,55,55,56,56,88,24,88,77,60,51,57,69,93,89,89,89,89,89,65,65,56,93,11,93,70,67,67,60,60,93,17,17,17,59,59,71,71,59,93,0],"gold":42,"neow_bonus":"TEN_PERCENT_HP_BONUS","is_prod":false,"is_daily":false,"chose_seed":false,"campfire_upgraded":4,"win_rate":0,"timestamp":1570418156,"path_taken":["M","M","$","M","?","R","$","R","T","R","E","?","?","?","R","BOSS","M","?","?","M","M","R","M","R","T","?","$","E","?","M","R","BOSS","M","M","?","M","M","R","?","?","T","R","$","M","?","M","R","BOSS"],"build_version":"2019-07-17","purchased_purges":2,"victory":false,"max_hp_per_floor":[88,88,88,88,88,88,88,88,88,88,88,88,88,88,88,88,88,88,93,93,93,93,93,93,93,93,93,93,93,93,93,93,93,93,93,93,93,93,93,93,93,93,93,93,93,93,93,93,93,93],"card_choices":[{"not_picked":["Headbutt","Anger"],"picked":"Clothesline","floor":1.0},{"not_picked":["Heavy Blade","Shrug It Off"],"picked":"Havoc","floor":2.0},{"not_picked":["Clothesline","Pommel Strike"],"picked":"Pummel","floor":4.0},{"not_picked":["Flex","Warcry"],"picked":"Pommel Strike","floor":11.0},{"not_picked":["Body Slam","Cleave"],"picked":"Armaments","floor":13.0},{"not_picked":["Juggernaut","Limit Break"],"picked":"Bludgeon","floor":16.0},{"not_picked":["Searing Blow","Inflame+1"],"picked":"Spot Weakness","floor":18.0},{"not_picked":["True Grit","Pommel Strike"],"picked":"Metallicize","floor":21.0},{"not_picked":["Corruption","Dropkick","Anger"],"picked":"SKIP","floor":22.0},{"not_picked":["Headbutt","Body Slam"],"picked":"Armaments","floor":24.0},{"not_picked":["Entrench","Limit Break"],"picked":"Battle Trance","floor":29.0},{"not_picked":["Warcry","Havoc"],"picked":"Rampage","floor":31.0},{"not_picked":["Dark Embrace","Bludgeon"],"picked":"Offering","floor":33.0},{"not_picked":["Feel No Pain+1","Evolve+1","Headbutt"],"picked":"SKIP","floor":35.0},{"not_picked":["Iron Wave","Pommel Strike+1"],"picked":"Havoc+1","floor":36.0},{"not_picked":["Thunderclap+1","True Grit+1"],"picked":"Rampage","floor":38},{"not_picked":["Feel No Pain","Body Slam+1","Clash+1"],"picked":"SKIP","floor":39},{"not_picked":["Impervious","Combust+1","Havoc+1"],"picked":"SKIP","floor":46},{"not_picked":["Discovery","Impatience"],"picked":"Master of Strategy","floor":47},{"not_picked":["Twin Strike+1","Warcry","Sword Boomerang+1"],"picked":"SKIP","floor":48}],"player_experience":377784,"relics_obtained":[{"floor":9.0,"key":"Regal Pillow"},{"floor":11.0,"key":"Omamori"},{"floor":14.0,"key":"Tiny Chest"},{"floor":20.0,"key":"Red Mask"},{"floor":26.0,"key":"Bag of Marbles"},{"floor":29.0,"key":"Gremlin Horn"},{"floor":37.0,"key":"Shuriken"},{"floor":41,"key":"Turnip"},{"floor":43,"key":"Darkstone Periapt"}],"event_choices":[{"cards_removed":["Strike_R"],"damage_healed":0.0,"max_hp_gain":0.0,"max_hp_loss":0.0,"gold_gain":0.0,"event_name":"Living Wall","player_choice":"Forget","floor":5.0,"gold_loss":0.0,"damage_taken":0.0},{"damage_healed":0.0,"max_hp_gain":0.0,"max_hp_loss":0.0,"gold_gain":0.0,"event_name":"WeMeetAgain","player_choice":"Gave Potion","floor":12.0,"gold_loss":0.0,"damage_taken":0.0,"relics_obtained":["Bronze Scales"]},{"damage_healed":0.0,"max_hp_gain":5.0,"max_hp_loss":0.0,"gold_gain":0.0,"event_name":"Forgotten Altar","player_choice":"Shed Blood","floor":19.0,"gold_loss":0.0,"damage_taken":22.0},{"damage_healed":0.0,"max_hp_gain":0.0,"max_hp_loss":0.0,"gold_gain":0.0,"event_name":"Masked Bandits","player_choice":"Fought Bandits","floor":20.0,"gold_loss":0.0,"damage_taken":0.0},{"cards_removed":["Strike_R"],"damage_healed":0.0,"max_hp_gain":0.0,"max_hp_loss":0.0,"gold_gain":0.0,"event_name":"Beggar","player_choice":"Gave Gold","floor":27.0,"gold_loss":75.0,"damage_taken":0.0},{"damage_healed":0.0,"max_hp_gain":0.0,"max_hp_loss":0.0,"gold_gain":0.0,"event_name":"The Woman in Blue","player_choice":"Bought 0 Potions","floor":30.0,"gold_loss":0.0,"damage_taken":0.0},{"damage_healed":0,"gold_gain":0,"player_choice":"Fight","damage_taken":0,"max_hp_gain":0,"max_hp_loss":0,"event_name":"Mysterious Sphere","floor":41,"gold_loss":0},{"damage_healed":0,"gold_gain":0,"player_choice":"Memory 1","damage_taken":0,"max_hp_gain":0,"max_hp_loss":0,"event_name":"SensoryStone","floor":47,"gold_loss":0}],"is_beta":false,"boss_relics":[{"not_picked":["Orrery","Black Star"],"picked":"Cursed Key"},{"not_picked":["Pandora\u0027s Box","Philosopher\u0027s Stone"],"picked":"Black Blood"}],"items_purged_floors":[3,42],"is_endless":false,"potions_floor_spawned":[2,11,13,20,22,24,35,38,41,48],"killed_by":"Time Eater","ascension_level":0}