{"gold_per_floor":[114,137,137,137,150,178,194,226,249,249,49,49,49,124,124,227,227,239,239,252,270,270],"floor_reached":22,"playtime":859,"items_purged":["Defend_R"],"score":217,"play_id":"dbd70587-5399-47e2-a503-7f588387ee13","local_time":"20180722114512","is_ascension_mode":false,"campfire_choices":[{"data":"Barricade","floor":10,"key":"SMITH"},{"data":"Demon Form","floor":13,"key":"SMITH"},{"data":"Spot Weakness","floor":15,"key":"SMITH"}],"neow_cost":"NONE","seed_source_timestamp":680315432646400,"circlet_count":0,"master_deck":["Strike_R","Strike_R","Strike_R","Strike_R","Defend_R","Defend_R","Bash","Spot Weakness+1","Armaments","Power Through","Power Through","Barricade+1","Demon Form+1","Demon Form","Heavy Blade","Sever Soul","Shrug It Off"],"relics":["Burning Blood","NeowsBlessing","Centennial Puzzle","Nunchaku","Smiling Mask","Red Skull","Art of War","Juzu Bracelet","Mark of Pain"],"potions_floor_usage":[16,20,22],"damage_taken":[{"damage":0,"enemies":"Cultist","floor":1,"turns":1},{"damage":0,"enemies":"Jaw Worm","floor":5,"turns":1},{"damage":0,"enemies":"Gremlin Nob","floor":6,"turns":1},{"damage":0,"enemies":"Small Slimes","floor":7,"turns":4},{"damage":15,"enemies":"3 Sentries","floor":8,"turns":10},{"damage":15,"enemies":"Slime Boss","floor":16,"turns":15},{"damage":0,"enemies":"Shell Parasite","floor":18,"turns":9},{"damage":27,"enemies":"Chosen","floor":20,"turns":8},{"damage":17,"enemies":"Sentry and Sphere","floor":21,"turns":5},{"damage":62,"enemies":"3 Cultists","floor":22,"turns":6}],"seed_played":"6825845614895649958","potions_obtained":[{"floor":1,"key":"SteroidPotion"},{"floor":7,"key":"Energy Potion"},{"floor":16,"key":"Regen Potion"},{"floor":21,"key":"Swift Potion"}],"is_trial":false,"path_per_floor":["M","T","?","?","M","E","M","E","T","R","$","?","R","?","R","B",null,"M","?","M","M"],"character_chosen":"IRONCLAD","items_purchased":["Juzu Bracelet"],"campfire_rested":0,"item_purchase_floors":[11],"current_hp_per_floor":[80,80,68,61,67,73,79,70,70,70,70,70,70,59,59,50,80,80,80,71,60,0],"gold":270,"neow_bonus":"THREE_ENEMY_KILL","is_prod":false,"is_daily":false,"chose_seed":false,"campfire_upgraded":3,"win_rate":0,"timestamp":1532249112,"path_taken":["M","?","?","?","M","E","M","E","T","R","$","?","R","?","R","BOSS","M","?","M","M","M"],"build_version":"2018-07-19v2","purchased_purges":1,"victory":false,"max_hp_per_floor":[80,80,80,80,80,80,80,80,80,80,80,80,80,80,80,80,80,80,80,80,80,80],"card_choices":[{"not_picked":["Whirlwind","Flex"],"picked":"Spot Weakness","floor":1},{"not_picked":["Ghostly Armor","Clash"],"picked":"Armaments","floor":5},{"not_picked":["Iron Wave","Dark Embrace"],"picked":"Power Through","floor":6},{"not_picked":["Anger","Sentinel"],"picked":"Power Through","floor":7},{"not_picked":["Burning Pact","Pommel Strike"],"picked":"Barricade","floor":8},{"not_picked":["Exhume","Feed"],"picked":"Demon Form","floor":16},{"not_picked":["Combust+1","Perfected Strike"],"picked":"Heavy Blade","floor":18},{"not_picked":["Cleave+1","Reckless Charge"],"picked":"Shrug It Off","floor":20},{"not_picked":["Perfected Strike","Heavy Blade+1","Intimidate"],"picked":"SKIP","floor":21}],"player_experience":167001,"relics_obtained":[{"floor":2,"key":"Centennial Puzzle"},{"floor":6,"key":"Smiling Mask"},{"floor":8,"key":"Red Skull"},{"floor":9,"key":"Art of War"}],"event_choices":[{"event_name":"Scrap Ooze","player_choice":"success","floor":3,"damage_taken":12},{"event_name":"Golden Wing","player_choice":"Card Removal","floor":4,"damage_taken":0},{"event_name":"Living Wall","player_choice":"Change","floor":12,"damage_taken":0},{"event_name":"World of Goop","player_choice":"Gather Gold","floor":14,"damage_taken":0},{"event_name":"The Library","player_choice":"Read","floor":19,"damage_taken":0}],"is_beta":false,"boss_relics":[{"not_picked":["Busted Crown","Velvet Choker"],"picked":"Mark of Pain"}],"items_purged_floors":[11],"is_endless":false,"potions_floor_spawned":[1,7,16,21],"killed_by":"3 Cultists","ascension_level":0}