{"gold_per_floor":[310,323,15,29,39,39,66,66,123,149,49,83,96,96,96,201,201,215,215,26,26,50,82,97,97,97,113,123,148,165,192,192,293,293,305,405,422,99,99,99,129,176,176,176,176,189,223,223,223,223,223,223,35,69,69],"floor_reached":55,"playtime":3011,"items_purged":["Strike_R","Strike_R+1"],"score":1190,"play_id":"21b5bff8-a27e-469d-a966-98c62fa62106","local_time":"20190824141426","is_ascension_mode":true,"campfire_choices":[{"data":"Body Slam","floor":6,"key":"SMITH"},{"data":"Body Slam","floor":8,"key":"SMITH"},{"data":"Combust","floor":15,"key":"SMITH"},{"data":"Barricade","floor":25,"key":"SMITH"},{"data":"Metallicize","floor":32,"key":"SMITH"},{"data":"True Grit","floor":40,"key":"SMITH"},{"floor":45,"key":"RECALL"},{"data":"Brutality","floor":49,"key":"SMITH"},{"data":"Pommel Strike","floor":52,"key":"SMITH"}],"neow_cost":"NO_GOLD","seed_source_timestamp":794190304544800,"circlet_count":0,"master_deck":["Strike_R+1","Strike_R+1","Defend_R+1","Defend_R+1","Defend_R+1","Defend_R+1","Bash","Body Slam+1","Power Through","Body Slam+1","Anger","Thunderclap","Combust+1","Reaper","Shrug It Off","Barricade+1","Pommel Strike+1","Iron Wave","Shrug It Off","Pommel Strike","Rupture","Shrug It Off","Metallicize+1","Brutality+1","Heavy Blade+1","True Grit+1","Metallicize+1","Shrug It Off","Iron Wave","Uppercut+1","Metallicize","Rage+1"],"relics":["Burning Blood","Old Coin","Shuriken","Boot","Tiny Chest","Oddly Smooth Stone","Lantern","Velvet Choker","Centennial Puzzle","Regal Pillow","Bottled Flame","Blue Candle","Pear","Runic Cube","Nunchaku","Bag of Preparation","Blood Vial","Du-Vu Doll","Incense Burner","Bronze Scales","Strawberry","Bag of Marbles","StoneCalendar"],"potions_floor_usage":[18,23,29,31,33,33,42,54,54,54],"damage_taken":[{"damage":4,"enemies":"2 Louse","floor":1,"turns":3},{"damage":1,"enemies":"Cultist","floor":2,"turns":4},{"damage":11,"enemies":"Small Slimes","floor":4,"turns":4},{"damage":1,"enemies":"Exordium Wildlife","floor":5,"turns":4},{"damage":19,"enemies":"Gremlin Nob","floor":7,"turns":4},{"damage":30,"enemies":"Lagavulin","floor":10,"turns":7},{"damage":21,"enemies":"Gremlin Nob","floor":12,"turns":4},{"damage":0,"enemies":"3 Louse","floor":13,"turns":2},{"damage":5,"enemies":"Slime Boss","floor":16,"turns":5},{"damage":2,"enemies":"Spheric Guardian","floor":18,"turns":3},{"damage":20,"enemies":"Slavers","floor":23,"turns":5},{"damage":0,"enemies":"3 Byrds","floor":24,"turns":4},{"damage":9,"enemies":"Centurion and Healer","floor":27,"turns":5},{"damage":3,"enemies":"Sentry and Sphere","floor":28,"turns":4},{"damage":4,"enemies":"Gremlin Leader","floor":29,"turns":6},{"damage":4,"enemies":"Chosen and Byrds","floor":30,"turns":6},{"damage":5,"enemies":"Book of Stabbing","floor":31,"turns":5},{"damage":28,"enemies":"Champ","floor":33,"turns":12},{"damage":6,"enemies":"3 Shapes","floor":35,"turns":4},{"damage":9,"enemies":"Mind Bloom Boss Battle","floor":36,"turns":6},{"damage":13,"enemies":"3 Darklings","floor":37,"turns":5},{"damage":17,"enemies":"Reptomancer","floor":41,"turns":6},{"damage":28,"enemies":"2 Orb Walkers","floor":42,"turns":6},{"damage":3,"enemies":"Spire Growth","floor":46,"turns":7},{"damage":10,"enemies":"Nemesis","floor":47,"turns":7},{"damage":19,"enemies":"Time Eater","floor":50,"turns":9},{"damage":59,"enemies":"Shield and Spear","floor":54,"turns":6},{"damage":71,"enemies":"The Heart","floor":55,"turns":9}],"seed_played":"-5656733202395823482","potions_obtained":[{"floor":1,"key":"GamblersBrew"},{"floor":5,"key":"Explosive Potion"},{"floor":13,"key":"Dexterity Potion"},{"floor":18,"key":"SpeedPotion"},{"floor":27,"key":"AttackPotion"},{"floor":28,"key":"EssenceOfSteel"},{"floor":30,"key":"Block Potion"},{"floor":31,"key":"SteroidPotion"},{"floor":36,"key":"BloodPotion"},{"floor":46,"key":"FearPotion"},{"floor":47,"key":"Weak Potion"}],"is_trial":false,"path_per_floor":["M","M","$","M","M","R","E","R","T","E","$","E","M","?","R","B",null,"M","?","$","?","T","E","M","R","T","M","M","E","M","E","R","B",null,"M","?","M","$","?","R","E","?","T","?","R","M","E","?","R","B",null,"R","$","E","B"],"character_chosen":"IRONCLAD","items_purchased":["Shuriken","Body Slam","Shrug It Off","Iron Wave","Centennial Puzzle","Bag of Preparation","Shrug It Off","Iron Wave","Bag of Marbles","Metallicize"],"campfire_rested":0,"item_purchase_floors":[3,3,11,20,20,38,38,38,53,53],"current_hp_per_floor":[74,79,79,74,79,79,66,66,66,42,42,27,43,36,36,44,71,75,75,75,75,75,76,80,80,80,79,80,80,80,90,90,68,85,85,82,90,90,80,80,69,49,49,49,49,64,74,74,74,82,93,93,93,66,0],"gold":69,"neow_bonus":"ONE_RARE_RELIC","is_prod":false,"is_daily":false,"chose_seed":false,"campfire_upgraded":8,"win_rate":0,"timestamp":1566652466,"path_taken":["M","M","$","M","M","R","E","R","T","E","$","E","M","?","R","BOSS","M","?","$","?","?","E","M","R","T","M","?","E","M","E","R","BOSS","M","?","M","$","?","R","E","?","T","?","R","?","E","?","R","BOSS","R","$","E","BOSS"],"build_version":"2019-07-17","purchased_purges":2,"victory":false,"max_hp_per_floor":[80,80,80,80,80,80,80,80,80,80,80,80,80,80,80,80,80,80,80,80,80,80,80,80,80,80,80,80,80,80,90,90,90,90,90,90,90,90,90,90,90,90,90,90,90,90,97,97,97,97,97,97,97,97,97],"card_choices":[{"not_picked":["Corruption","Heavy Blade"],"picked":"Body Slam","floor":1},{"not_picked":["Havoc","Infernal Blade"],"picked":"Power Through","floor":2},{"not_picked":["Disarm","Rampage"],"picked":"Anger","floor":4},{"not_picked":["Reckless Charge","Wild Strike"],"picked":"Thunderclap","floor":5},{"not_picked":["Reckless Charge","Metallicize"],"picked":"Combust","floor":7},{"not_picked":["Bludgeon","Sentinel"],"picked":"Reaper","floor":10},{"not_picked":["Wild Strike","Perfected Strike","Reckless Charge"],"picked":"SKIP","floor":12},{"not_picked":["Thunderclap","Clash","Intimidate"],"picked":"SKIP","floor":13},{"not_picked":["Feed","Double Tap"],"picked":"Barricade","floor":16},{"not_picked":["Hemokinesis","Body Slam"],"picked":"Pommel Strike","floor":18},{"not_picked":["Heavy Blade","Wild Strike+1","Body Slam"],"picked":"SKIP","floor":23},{"not_picked":["Evolve","Flex+1"],"picked":"Pommel Strike","floor":24},{"not_picked":["Rampage","Armaments"],"picked":"Rupture","floor":27},{"not_picked":["Berserk","Carnage","Headbutt"],"picked":"SKIP","floor":28},{"not_picked":["Pommel Strike","Twin Strike+1","Hemokinesis"],"picked":"SKIP","floor":29},{"not_picked":["Pommel Strike","Blood for Blood"],"picked":"Shrug It Off","floor":30},{"not_picked":["Second Wind","Power Through"],"picked":"Metallicize","floor":31},{"not_picked":["Dark Embrace","Fiend Fire"],"picked":"Brutality","floor":33},{"not_picked":["Thunderclap+1","Anger"],"picked":"Heavy Blade+1","floor":35},{"not_picked":["Anger+1","Twin Strike+1"],"picked":"True Grit","floor":36},{"not_picked":["Limit Break","Havoc"],"picked":"Metallicize+1","floor":37},{"not_picked":["Secret Technique","Sadistic Nature"],"picked":"Flash of Steel","floor":39},{"not_picked":["Sever Soul","Battle Trance","Anger"],"picked":"SKIP","floor":41},{"not_picked":["Clash+1","Dual Wield"],"picked":"Uppercut+1","floor":46},{"not_picked":["Thunderclap","Pummel+1","Wild Strike+1"],"picked":"SKIP","floor":47},{"not_picked":["Flex+1","Wild Strike"],"picked":"Rage+1","floor":54}],"player_experience":1849939,"relics_obtained":[{"floor":7,"key":"Boot"},{"floor":9,"key":"Tiny Chest"},{"floor":10,"key":"Oddly Smooth Stone"},{"floor":12,"key":"Lantern"},{"floor":22,"key":"Regal Pillow"},{"floor":23,"key":"Bottled Flame"},{"floor":29,"key":"Blue Candle"},{"floor":31,"key":"Pear"},{"floor":36,"key":"Nunchaku"},{"floor":41,"key":"Blood Vial"},{"floor":42,"key":"Du-Vu Doll"},{"floor":43,"key":"Incense Burner"},{"floor":47,"key":"Strawberry"},{"floor":54,"key":"StoneCalendar"}],"event_choices":[{"cards_removed":["Strike_R"],"damage_healed":0,"gold_gain":0,"player_choice":"Card Removal","damage_taken":7,"max_hp_gain":0,"max_hp_loss":0,"event_name":"Golden Wing","floor":14,"gold_loss":0},{"damage_healed":0,"gold_gain":0,"player_choice":"Simplicity","damage_taken":0,"max_hp_gain":0,"max_hp_loss":0,"event_name":"Back to Basics","floor":19,"gold_loss":0,"cards_upgraded":["Strike_R","Strike_R","Strike_R","Defend_R","Defend_R","Defend_R","Defend_R"]},{"damage_healed":0,"gold_gain":0,"player_choice":"Read","damage_taken":0,"max_hp_gain":0,"max_hp_loss":0,"event_name":"The Library","floor":21,"gold_loss":0,"cards_obtained":["Shrug It Off"]},{"damage_healed":0,"gold_gain":0,"player_choice":"Fight","damage_taken":0,"max_hp_gain":0,"max_hp_loss":0,"event_name":"MindBloom","floor":36,"gold_loss":0},{"damage_healed":0,"gold_gain":0,"player_choice":"Memory 3","damage_taken":10,"max_hp_gain":0,"max_hp_loss":0,"event_name":"SensoryStone","floor":39,"gold_loss":0},{"damage_healed":0,"gold_gain":0,"player_choice":"Fight","damage_taken":0,"max_hp_gain":0,"max_hp_loss":0,"event_name":"Mysterious Sphere","floor":42,"gold_loss":0},{"cards_removed":["Flash of Steel"],"damage_healed":0,"gold_gain":0,"player_choice":"Gave Card","damage_taken":0,"relics_obtained":["Bronze Scales"],"max_hp_gain":0,"max_hp_loss":0,"event_name":"WeMeetAgain","floor":44,"gold_loss":0},{"damage_healed":0,"gold_gain":0,"player_choice":"Ignored","damage_taken":0,"max_hp_gain":0,"max_hp_loss":0,"event_name":"Tomb of Lord Red Mask","floor":48,"gold_loss":0}],"is_beta":false,"boss_relics":[{"not_picked":["Snecko Eye","Runic Dome"],"picked":"Velvet Choker"},{"not_picked":["Fusion Hammer","Sozu"],"picked":"Runic Cube"}],"items_purged_floors":[11,38],"is_endless":false,"potions_floor_spawned":[1,5,13,18,27,28,30,31,36,46,47],"killed_by":"The Heart","ascension_level":7}