{"gold_per_floor":[363,18,18,31,46,46,80,80,105,105,118,118,158,158,158,286,286,301,166,81,105,129,129,173,173,196,215,250,269,368,383,383,487,487,505,605,84,102,121,153,63,94,120,120,120,120,120,150,150,150,150,150,15,47,47],"floor_reached":56,"playtime":2024,"items_purged":["Strike_R","Strike_R","Strike_R","Strike_R"],"score":1331,"play_id":"6840e496-25a0-408c-8127-6aa9798c32ca","local_time":"20190525095240","is_ascension_mode":false,"campfire_choices":[{"data":"Bash","floor":6,"key":"SMITH"},{"data":"Iron Wave","floor":10,"key":"SMITH"},{"data":"Inflame","floor":15,"key":"SMITH"},{"data":"Limit Break","floor":23,"key":"SMITH"},{"data":"Double Tap","floor":32,"key":"SMITH"},{"data":"Inflame","floor":46,"key":"SMITH"},{"floor":49,"key":"RECALL"},{"data":"Brutality","floor":52,"key":"SMITH"}],"neow_cost":"TEN_PERCENT_HP_LOSS","seed_source_timestamp":399300939221,"circlet_count":0,"master_deck":["Defend_R","Defend_R","Defend_R+1","Defend_R+1","Bash+1","Iron Wave+1","Pommel Strike","Shrug It Off","Anger","Inflame+1","Brutality+1","Limit Break+1","Iron Wave+1","Inflame+1","Heavy Blade+1","Double Tap+1","Dropkick+1","Rupture+1","Dual Wield+1","Disarm+1","Thunderclap","Headbutt","Corruption","Metallicize+1","Master of Strategy","Dropkick"],"relics":["Burning Blood","Mummified Hand","Oddly Smooth Stone","Blue Candle","Bag of Preparation","Bloody Idol","Juzu Bracelet","Philosopher\u0027s Stone","Lantern","The Courier","Smiling Mask","Shovel","Busted Crown","Torii","Strange Spoon","War Paint","Bottled Tornado","Ice Cream","Pen Nib","Self Forming Clay","Orichalcum","Strawberry"],"potions_floor_usage":[18,24,28,55,55,55],"damage_taken":[{"damage":2,"enemies":"Small Slimes","floor":1,"turns":4},{"damage":7,"enemies":"2 Louse","floor":4,"turns":2},{"damage":1,"enemies":"Jaw Worm","floor":5,"turns":4},{"damage":31,"enemies":"Lagavulin","floor":7,"turns":5},{"damage":0,"enemies":"Blue Slaver","floor":11,"turns":3},{"damage":6,"enemies":"Gremlin Nob","floor":13,"turns":3},{"damage":14,"enemies":"The Guardian","floor":16,"turns":11},{"damage":3,"enemies":"3 Byrds","floor":18,"turns":4},{"damage":7,"enemies":"2 Thieves","floor":21,"turns":3},{"damage":2,"enemies":"Centurion and Healer","floor":22,"turns":3},{"damage":24,"enemies":"Book of Stabbing","floor":24,"turns":3},{"damage":10,"enemies":"Snake Plant","floor":27,"turns":3},{"damage":24,"enemies":"Slavers","floor":28,"turns":4},{"damage":3,"enemies":"3 Cultists","floor":29,"turns":4},{"damage":0,"enemies":"Snecko","floor":31,"turns":2},{"damage":29,"enemies":"Collector","floor":33,"turns":3},{"damage":0,"enemies":"3 Darklings","floor":35,"turns":2},{"damage":2,"enemies":"Mind Bloom Boss Battle","floor":36,"turns":3},{"damage":0,"enemies":"Orb Walker","floor":38,"turns":1},{"damage":4,"enemies":"Transient","floor":39,"turns":5},{"damage":3,"enemies":"Giant Head","floor":40,"turns":4},{"damage":47,"enemies":"Nemesis","floor":42,"turns":3},{"damage":2,"enemies":"Giant Head","floor":48,"turns":4},{"damage":32,"enemies":"Donu and Deca","floor":50,"turns":6},{"damage":33,"enemies":"Shield and Spear","floor":54,"turns":4},{"damage":12,"enemies":"The Heart","floor":55,"turns":7}],"seed_played":"4372808443036015674","potions_obtained":[{"floor":7,"key":"Fire Potion"},{"floor":13,"key":"SkillPotion"},{"floor":16,"key":"Block Potion"},{"floor":18,"key":"SpeedPotion"},{"floor":29,"key":"Explosive Potion"},{"floor":31,"key":"PowerPotion"}],"is_trial":false,"path_per_floor":["M","$","?","M","M","R","E","?","T","R","M","?","E","?","R","B",null,"M","$","?","M","M","R","E","?","T","M","E","M","?","M","R","B",null,"M","?","$","M","M","E","$","E","T","?","?","R","T","E","R","B",null,"R","$","E","B",null],"character_chosen":"IRONCLAD","items_purchased":["Mummified Hand","Pommel Strike","Inflame","Strange Spoon","War Paint","Bottled Tornado","Headbutt","Master of Strategy"],"campfire_rested":0,"item_purchase_floors":[2,2,19,37,37,37,41,53],"current_hp_per_floor":[72,72,72,71,72,72,47,35,35,35,41,41,41,46,46,38,72,72,72,72,71,72,72,54,54,59,60,47,55,60,71,71,53,72,72,72,72,72,72,72,72,36,41,41,41,41,41,50,50,24,72,72,72,57,51],"gold":47,"neow_bonus":"TWO_FIFTY_GOLD","is_prod":false,"is_daily":false,"chose_seed":false,"campfire_upgraded":7,"win_rate":0,"timestamp":1558774360,"path_taken":["M","$","?","M","M","R","E","?","T","R","M","?","E","?","R","BOSS","M","$","?","M","M","R","E","?","T","M","E","M","?","M","R","BOSS","M","?","$","M","M","E","$","E","T","?","?","R","?","E","R","BOSS","R","$","E","BOSS"],"build_version":"2019-01-23","purchased_purges":4,"victory":true,"max_hp_per_floor":[72,72,72,72,72,72,72,72,72,72,72,67,67,72,72,72,72,72,72,72,72,72,72,72,72,72,72,72,72,72,72,72,72,72,72,72,72,72,72,72,72,72,72,72,72,72,72,72,72,72,72,72,72,79,79],"card_choices":[{"not_picked":["Flex","Clash"],"picked":"Iron Wave","floor":1},{"not_picked":["True Grit","Dropkick"],"picked":"Shrug It Off","floor":4},{"not_picked":["Sword Boomerang","Perfected Strike"],"picked":"Anger","floor":5},{"not_picked":["Hemokinesis","Wild Strike","Havoc"],"picked":"SKIP","floor":7},{"not_picked":["Thunderclap","Body Slam"],"picked":"Inflame","floor":11},{"not_picked":["Cleave","Blood for Blood"],"picked":"Brutality","floor":13},{"not_picked":["Feed","Dark Embrace"],"picked":"Limit Break","floor":16},{"not_picked":["Havoc","Intimidate"],"picked":"Iron Wave+1","floor":18},{"not_picked":["Twin Strike+1","Anger+1"],"picked":"Heavy Blade+1","floor":21},{"not_picked":["Combust+1","Spot Weakness+1"],"picked":"Double Tap","floor":22},{"not_picked":["Feed","Iron Wave"],"picked":"Dropkick+1","floor":24},{"not_picked":["Power Through","Pummel+1","Armaments"],"picked":"SKIP","floor":27},{"not_picked":["Seeing Red","Hemokinesis"],"picked":"Rupture+1","floor":28},{"not_picked":["Body Slam","Wild Strike+1"],"picked":"Dual Wield+1","floor":29},{"not_picked":["Fire Breathing","Armaments"],"picked":"Disarm+1","floor":31},{"not_picked":["Headbutt+1"],"picked":"SKIP","floor":35},{"not_picked":["Headbutt"],"picked":"SKIP","floor":38},{"not_picked":["Anger+1"],"picked":"SKIP","floor":39},{"not_picked":[],"picked":"Thunderclap","floor":40},{"not_picked":["Pummel+1"],"picked":"SKIP","floor":42},{"not_picked":[],"picked":"Metallicize+1","floor":48},{"not_picked":[],"picked":"Dropkick","floor":54}],"player_experience":1494170,"relics_obtained":[{"floor":7,"key":"Oddly Smooth Stone"},{"floor":9,"key":"Bag of Preparation"},{"floor":13,"key":"Juzu Bracelet"},{"floor":24,"key":"The Courier"},{"floor":26,"key":"Smiling Mask"},{"floor":28,"key":"Shovel"},{"floor":36,"key":"Torii"},{"floor":40,"key":"Ice Cream"},{"floor":42,"key":"Pen Nib"},{"floor":47,"key":"Self Forming Clay"},{"floor":48,"key":"Orichalcum"},{"floor":54,"key":"Strawberry"}],"event_choices":[{"damage_healed":0,"gold_gain":0,"player_choice":"Ignored","damage_taken":0,"max_hp_gain":0,"max_hp_loss":0,"event_name":"Liars Game","floor":3,"gold_loss":0},{"damage_healed":0,"gold_gain":0,"player_choice":"Success","damage_taken":12,"relics_obtained":["Blue Candle"],"max_hp_gain":0,"max_hp_loss":0,"event_name":"Scrap Ooze","floor":8,"gold_loss":0},{"damage_healed":0,"gold_gain":0,"player_choice":"Lose Max HP","damage_taken":0,"relics_obtained":["Golden Idol"],"max_hp_gain":0,"max_hp_loss":5,"event_name":"Golden Idol","floor":12,"gold_loss":0},{"damage_healed":0,"gold_gain":0,"player_choice":"Donut","damage_taken":0,"max_hp_gain":5,"max_hp_loss":0,"event_name":"Big Fish","floor":14,"gold_loss":0},{"damage_healed":0,"gold_gain":0,"player_choice":"Obtained Relic","damage_taken":0,"relics_obtained":["Lantern"],"max_hp_gain":0,"max_hp_loss":0,"event_name":"Addict","floor":20,"gold_loss":85},{"damage_healed":0,"gold_gain":0,"player_choice":"Gave Idol","damage_taken":0,"relics_obtained":["Bloody Idol"],"max_hp_gain":0,"max_hp_loss":0,"event_name":"Forgotten Altar","floor":25,"relics_lost":["Golden Idol"],"gold_loss":0},{"damage_healed":0,"gold_gain":99,"player_choice":"Stole From Cult","damage_taken":0,"max_hp_gain":0,"max_hp_loss":0,"event_name":"Nest","floor":30,"gold_loss":0},{"damage_healed":0,"gold_gain":0,"player_choice":"Fight","damage_taken":0,"max_hp_gain":0,"max_hp_loss":0,"event_name":"MindBloom","floor":36,"gold_loss":0},{"damage_healed":0,"gold_gain":0,"cards_transformed":["Strike_R"],"player_choice":"Transformed","damage_taken":0,"max_hp_gain":0,"max_hp_loss":0,"event_name":"Transmorgrifier","floor":44,"gold_loss":0,"cards_obtained":["Corruption"]},{"damage_healed":0,"gold_gain":0,"player_choice":"Bought 0 Potions","damage_taken":0,"max_hp_gain":0,"max_hp_loss":0,"event_name":"The Woman in Blue","floor":45,"gold_loss":0}],"is_beta":false,"boss_relics":[{"not_picked":["Orrery","Runic Dome"],"picked":"Philosopher\u0027s Stone"},{"not_picked":["Pandora\u0027s Box","Coffee Dripper"],"picked":"Busted Crown"}],"items_purged_floors":[2,19,37,41],"is_endless":false,"potions_floor_spawned":[7,13,16,18,22,29,31,36,39,54],"ascension_level":0}