{"gold_per_floor":[115,132,132,150,150,150,2,2,52,70,22,22,22,37,37,134,134,144,144,144],"floor_reached":20,"playtime":698,"items_purged":["Defend_R"],"score":162,"play_id":"7c753eca-4705-4f05-993a-2d4c93f99955","local_time":"20180721123912","is_ascension_mode":false,"campfire_choices":[{"floor":6,"key":"REST"},{"data":"Limit Break","floor":8,"key":"SMITH"},{"data":"Infernal Blade","floor":12,"key":"SMITH"},{"data":"Exhume","floor":15,"key":"SMITH"}],"neow_cost":"FIFTY_PERCENT_DAMAGE","seed_source_timestamp":597317746250240,"circlet_count":0,"master_deck":["Strike_R+1","Strike_R","Strike_R","Strike_R","Strike_R","Defend_R","Defend_R","Defend_R+1","Bash","Fiend Fire","Warcry","Infernal Blade+1","True Grit+1","Limit Break+1","Shrug It Off","Exhume+1","Reaper","Rage"],"relics":["Burning Blood","Ancient Tea Set","White Beast Statue"],"potions_floor_usage":[16,16,16,20],"damage_taken":[{"damage":6,"enemies":"2 Louse","floor":1,"turns":2},{"damage":1,"enemies":"Jaw Worm","floor":2,"turns":3},{"damage":0,"enemies":"Small Slimes","floor":4,"turns":2},{"damage":11,"enemies":"Blue Slaver","floor":10,"turns":4},{"damage":0,"enemies":"Looter","floor":14,"turns":2},{"damage":45,"enemies":"The Guardian","floor":16,"turns":9},{"damage":53,"enemies":"Spheric Guardian","floor":18,"turns":9},{"damage":53,"enemies":"Chosen","floor":20,"turns":8}],"seed_played":"-505981614584278568","potions_obtained":[{"floor":1,"key":"Energy Potion"},{"floor":4,"key":"AttackPotion"},{"floor":18,"key":"Explosive Potion"}],"is_trial":false,"path_per_floor":["M","M","?","M","?","R","$","R","T","M","$","R","$","M","R","B",null,"M","?"],"character_chosen":"IRONCLAD","items_purchased":["Limit Break","SteroidPotion"],"campfire_rested":1,"item_purchase_floors":[7,11],"current_hp_per_floor":[40,45,29,35,35,59,59,59,59,54,54,54,54,60,60,21,80,33,33,0],"gold":144,"neow_bonus":"THREE_RARE_CARDS","is_prod":false,"is_daily":false,"chose_seed":false,"campfire_upgraded":3,"win_rate":0,"timestamp":1532165952,"path_taken":["M","M","?","M","?","R","$","R","T","M","$","R","?","M","R","BOSS","M","?","M"],"build_version":"2018-07-19v2","purchased_purges":1,"victory":false,"max_hp_per_floor":[80,80,80,80,80,80,80,80,80,80,80,80,80,80,80,80,80,80,80,80],"card_choices":[{"not_picked":["Immolate","Feed"],"picked":"Fiend Fire","floor":0},{"not_picked":["Uppercut","Hemokinesis"],"picked":"Warcry","floor":1},{"not_picked":["Armaments","Ghostly Armor"],"picked":"Infernal Blade","floor":2},{"not_picked":["Iron Wave","Spot Weakness"],"picked":"True Grit","floor":4},{"not_picked":["Warcry","Perfected Strike"],"picked":"Shrug It Off","floor":10},{"not_picked":["Clash","Blood for Blood"],"picked":"Exhume","floor":14},{"not_picked":["Limit Break","Berserk"],"picked":"Reaper","floor":16},{"not_picked":["Body Slam+1","Pummel"],"picked":"Rage","floor":18}],"player_experience":132372,"relics_obtained":[{"floor":9,"key":"Ancient Tea Set"}],"event_choices":[{"event_name":"Shining Light","player_choice":"Entered Light","floor":3,"damage_taken":0},{"event_name":"Living Wall","player_choice":"Grow","floor":5,"damage_taken":0},{"event_name":"Ghosts","player_choice":"Ignored","floor":19,"damage_taken":0}],"is_beta":false,"boss_relics":[{"not_picked":["Snecko Eye","Cursed Key"],"picked":"White Beast Statue"}],"items_purged_floors":[7],"is_endless":false,"potions_floor_spawned":[1,4,18],"killed_by":"Chosen","ascension_level":0}