{"gold_per_floor":[112,125,143,160,110,139,139,173,173,173,173,183,195,229,229,326,326,341,341,41,140,156,186,186,26,26,55,55,55,81,93,93,189,189,205,305,305,305,38,72,118,144,171,185,195,213,244,344,344,344,344,344,1,27,27],"floor_reached":56,"playtime":3223,"items_purged":["Strike_R","Defend_R","Defend_R"],"score":1809,"play_id":"27d26308-1441-4462-a21c-595e0ee45e2b","local_time":"20190818181828","is_ascension_mode":true,"campfire_choices":[{"data":"Hemokinesis","floor":7,"key":"SMITH"},{"floor":11,"key":"REST"},{"data":"True Grit","floor":15,"key":"SMITH"},{"floor":24,"key":"REST"},{"floor":28,"key":"RECALL"},{"floor":32,"key":"REST"},{"floor":49,"key":"REST"},{"floor":52,"key":"REST"}],"neow_cost":"NONE","seed_source_timestamp":290192794322700,"circlet_count":0,"master_deck":["Defend_R","Defend_R","Reaper","Shrug It Off","Hemokinesis+1","Iron Wave","Inflame","Fiend Fire","Headbutt","Spot Weakness","Battle Trance","True Grit+1","Barricade","Armaments+1","Body Slam+1","Impervious","Shrug It Off","Burning Pact","Immolate","Feel No Pain","Disarm","Brutality","Exhume","Entrench","Uppercut+1","Metallicize"],"relics":["Burning Blood","Bronze Scales","Potion Belt","Dream Catcher","The Courier","Fusion Hammer","Nilry\u0027s Codex","Vajra","Regal Pillow","Bag of Preparation","Mummified Hand","Bottled Flame","Centennial Puzzle","Busted Crown","Incense Burner","Pen Nib","FossilizedHelix","Kunai","Boot","Art of War","Bottled Tornado"],"potions_floor_usage":[23,23,30,40,40,55,55,55,55],"damage_taken":[{"damage":6,"enemies":"Cultist","floor":1,"turns":4},{"damage":7,"enemies":"Jaw Worm","floor":2,"turns":7},{"damage":9,"enemies":"2 Louse","floor":3,"turns":3},{"damage":6,"enemies":"2 Fungi Beasts","floor":4,"turns":5},{"damage":40,"enemies":"3 Sentries","floor":6,"turns":9},{"damage":26,"enemies":"Lagavulin","floor":8,"turns":6},{"damage":2,"enemies":"Large Slime","floor":12,"turns":5},{"damage":9,"enemies":"Exordium Wildlife","floor":13,"turns":5},{"damage":26,"enemies":"Gremlin Nob","floor":14,"turns":4},{"damage":16,"enemies":"The Guardian","floor":16,"turns":10},{"damage":8,"enemies":"Spheric Guardian","floor":18,"turns":2},{"damage":6,"enemies":"2 Thieves","floor":22,"turns":3},{"damage":42,"enemies":"Book of Stabbing","floor":23,"turns":5},{"damage":0,"enemies":"Gremlin Leader","floor":27,"turns":6},{"damage":36,"enemies":"Slavers","floor":30,"turns":5},{"damage":0,"enemies":"Centurion and Healer","floor":31,"turns":7},{"damage":2,"enemies":"Automaton","floor":33,"turns":9},{"damage":4,"enemies":"3 Darklings","floor":35,"turns":3},{"damage":3,"enemies":"Mind Bloom Boss Battle","floor":36,"turns":4},{"damage":4,"enemies":"Reptomancer","floor":40,"turns":5},{"damage":1,"enemies":"2 Orb Walkers","floor":41,"turns":5},{"damage":2,"enemies":"Giant Head","floor":42,"turns":7},{"damage":0,"enemies":"Orb Walker","floor":44,"turns":4},{"damage":1,"enemies":"3 Darklings","floor":45,"turns":5},{"damage":3,"enemies":"Spire Growth","floor":46,"turns":4},{"damage":1,"enemies":"Reptomancer","floor":47,"turns":3},{"damage":16,"enemies":"Awakened One","floor":50,"turns":8},{"damage":28,"enemies":"Shield and Spear","floor":54,"turns":6},{"damage":0,"enemies":"The Heart","floor":55,"turns":8}],"seed_played":"-585139047284185762","potions_obtained":[{"floor":3,"key":"BloodPotion"},{"floor":4,"key":"Ancient Potion"},{"floor":8,"key":"SkillPotion"},{"floor":12,"key":"Dexterity Potion"},{"floor":14,"key":"GamblersBrew"},{"floor":16,"key":"PowerPotion"},{"floor":23,"key":"Strength Potion"},{"floor":27,"key":"Swift Potion"},{"floor":31,"key":"Energy Potion"},{"floor":33,"key":"Explosive Potion"},{"floor":42,"key":"SkillPotion"},{"floor":44,"key":"SteroidPotion"},{"floor":47,"key":"PowerPotion"}],"is_trial":false,"path_per_floor":["M","M","M","M","?","E","R","E","T","?","R","M","M","E","R","B",null,"M","?","$","?","M","E","R","$","T","E","R","?","E","M","R","B",null,"M","?","?","?","$","E","?","E","T","M","M","M","E","?","R","B",null,"R","$","E","B",null],"character_chosen":"IRONCLAD","items_purchased":["Vajra","Regal Pillow","Impervious","Shrug It Off","Exhume","Entrench","Metallicize","PowerPotion","Ancient Potion","Art of War"],"campfire_rested":5,"item_purchase_floors":[20,20,25,25,39,39,53,53,53,53],"current_hp_per_floor":[72,71,76,80,80,64,64,44,44,37,61,77,80,60,60,56,74,72,56,56,56,56,48,80,80,80,80,80,80,60,80,80,80,80,80,80,70,70,70,80,80,80,80,80,80,80,80,80,80,80,80,80,80,73,80],"gold":27,"neow_bonus":"ONE_RANDOM_RARE_CARD","is_prod":false,"is_daily":false,"chose_seed":false,"campfire_upgraded":2,"win_rate":0,"timestamp":1566148708,"path_taken":["M","?","M","M","?","E","R","E","T","?","R","M","M","E","R","BOSS","M","?","$","?","M","E","R","?","T","E","R","?","E","M","R","BOSS","M","?","?","?","$","E","?","E","T","M","M","M","E","?","R","BOSS","R","$","E","BOSS"],"build_version":"2019-07-17","purchased_purges":3,"victory":true,"max_hp_per_floor":[80,80,80,80,80,80,80,80,80,80,80,80,80,80,80,80,80,80,80,80,80,80,80,80,80,80,80,80,80,80,80,80,80,80,80,80,80,80,80,80,80,80,80,80,80,80,80,80,80,80,80,80,80,80,80],"card_choices":[{"not_picked":["Thunderclap","Clothesline"],"picked":"Shrug It Off","floor":1},{"not_picked":["Warcry","Disarm"],"picked":"Hemokinesis","floor":2},{"not_picked":["Thunderclap","Blood for Blood"],"picked":"Iron Wave","floor":3},{"not_picked":["Shockwave","Uppercut"],"picked":"Inflame","floor":4},{"not_picked":["Clash","Havoc"],"picked":"Fiend Fire","floor":6},{"not_picked":["Corruption","Heavy Blade","Uppercut"],"picked":"SKIP","floor":8},{"not_picked":["Body Slam","Armaments"],"picked":"Headbutt","floor":11},{"not_picked":["Rupture","Infernal Blade"],"picked":"Spot Weakness","floor":12},{"not_picked":["Iron Wave","Second Wind"],"picked":"Battle Trance","floor":13},{"not_picked":["Clothesline","Battle Trance"],"picked":"True Grit","floor":14},{"not_picked":["Berserk","Reaper"],"picked":"Barricade","floor":16},{"not_picked":["Reckless Charge","Iron Wave","Ghostly Armor"],"picked":"SKIP","floor":18},{"not_picked":["Pommel Strike","Heavy Blade"],"picked":"Armaments+1","floor":22},{"not_picked":["Heavy Blade","Disarm"],"picked":"Body Slam+1","floor":23},{"not_picked":["Thunderclap","Uppercut","Searing Blow"],"picked":"SKIP","floor":27},{"not_picked":["Clothesline+1","Second Wind"],"picked":"Feel No Pain","floor":30},{"not_picked":["Cleave","Warcry","Clash"],"picked":"SKIP","floor":31},{"not_picked":["True Grit","Wild Strike"],"picked":"Disarm","floor":32},{"not_picked":["Exhume","Juggernaut"],"picked":"Brutality","floor":33},{"not_picked":["Iron Wave+1"],"picked":"SKIP","floor":35},{"not_picked":["Cleave"],"picked":"SKIP","floor":40},{"not_picked":[],"picked":"Uppercut+1","floor":41},{"not_picked":["Bloodletting+1"],"picked":"SKIP","floor":42},{"not_picked":["Intimidate"],"picked":"SKIP","floor":44},{"not_picked":["Infernal Blade+1"],"picked":"SKIP","floor":45},{"not_picked":["Iron Wave"],"picked":"SKIP","floor":46},{"not_picked":["Carnage+1"],"picked":"SKIP","floor":47},{"not_picked":["Warcry"],"picked":"SKIP","floor":54}],"player_experience":1818695,"relics_obtained":[{"floor":6,"key":"Bronze Scales"},{"floor":8,"key":"Potion Belt"},{"floor":9,"key":"Dream Catcher"},{"floor":14,"key":"The Courier"},{"floor":19,"key":"Nilry\u0027s Codex"},{"floor":23,"key":"Bag of Preparation"},{"floor":26,"key":"Mummified Hand"},{"floor":27,"key":"Bottled Flame"},{"floor":30,"key":"Centennial Puzzle"},{"floor":36,"key":"Incense Burner"},{"floor":40,"key":"Pen Nib"},{"floor":41,"key":"FossilizedHelix"},{"floor":42,"key":"Kunai"},{"floor":47,"key":"Boot"},{"floor":54,"key":"Bottled Tornado"}],"event_choices":[{"cards_removed":["Strike_R"],"damage_healed":0,"gold_gain":0,"player_choice":"Card Removal","damage_taken":0,"max_hp_gain":0,"max_hp_loss":0,"event_name":"The Cleric","floor":5,"gold_loss":50},{"cards_removed":["Strike_R"],"damage_healed":0,"gold_gain":0,"player_choice":"Card Removal","damage_taken":7,"max_hp_gain":0,"max_hp_loss":0,"event_name":"Golden Wing","floor":10,"gold_loss":0},{"damage_healed":0,"gold_gain":0,"player_choice":"Obtained Book","damage_taken":16,"max_hp_gain":0,"max_hp_loss":0,"event_name":"Cursed Tome","floor":19,"gold_loss":0},{"damage_healed":0,"gold_gain":99,"player_choice":"Stole From Cult","damage_taken":0,"max_hp_gain":0,"max_hp_loss":0,"event_name":"Nest","floor":21,"gold_loss":0},{"damage_healed":0,"gold_gain":0,"cards_transformed":["Strike_R","Strike_R"],"player_choice":"Became Test Subject","damage_taken":0,"max_hp_gain":0,"max_hp_loss":0,"event_name":"Drug Dealer","floor":29,"gold_loss":0,"cards_obtained":["Burning Pact","Immolate"]},{"damage_healed":0,"gold_gain":0,"player_choice":"Fight","damage_taken":0,"max_hp_gain":0,"max_hp_loss":0,"event_name":"MindBloom","floor":36,"gold_loss":0},{"damage_healed":0,"gold_gain":0,"player_choice":"Memory 3","damage_taken":10,"max_hp_gain":0,"max_hp_loss":0,"event_name":"SensoryStone","floor":37,"gold_loss":0},{"cards_removed":["Bash"],"damage_healed":0,"gold_gain":0,"player_choice":"Removed Attack","damage_taken":0,"max_hp_gain":0,"max_hp_loss":0,"event_name":"Falling","floor":38,"gold_loss":0},{"damage_healed":0,"gold_gain":0,"player_choice":"Fight","damage_taken":0,"max_hp_gain":0,"max_hp_loss":0,"event_name":"Mysterious Sphere","floor":41,"gold_loss":0},{"damage_healed":0,"gold_gain":100,"player_choice":"Pray","damage_taken":0,"max_hp_gain":0,"max_hp_loss":0,"event_name":"Golden Shrine","floor":48,"gold_loss":0}],"is_beta":false,"boss_relics":[{"not_picked":["Black Blood","Ectoplasm"],"picked":"Fusion Hammer"},{"not_picked":["White Beast Statue","Philosopher\u0027s Stone"],"picked":"Busted Crown"}],"items_purged_floors":[20,39,53],"is_endless":false,"potions_floor_spawned":[3,4,8,12,14,16,23,27,31,33,35,42,44,46,47],"ascension_level":6}