{"gold_per_floor":[110,110,185,185,201,201,216,15,15,15,15,15,15,50,50,170,170,183,183,35,35,48,48],"floor_reached":23,"playtime":520,"items_purged":["Strike_R","Bite"],"score":219,"play_id":"51727b15-7c5a-459c-8c3a-12ec51e05bf1","local_time":"20190406171810","is_ascension_mode":true,"campfire_choices":[{"floor":6,"key":"REST"},{"data":"Flex","floor":11,"key":"SMITH"},{"data":"Flex","floor":15,"key":"SMITH"}],"neow_cost":"NONE","seed_source_timestamp":1206233907241200,"circlet_count":0,"master_deck":["Defend_R","Defend_R","Defend_R","Defend_R","Bash","Flex+1","Evolve","Flex+1","Thunderclap","Shrug It Off","Limit Break","Armaments","Bite","Bite","Bite","Bite","Inflame"],"relics":["Black Blood","Golden Idol","Matryoshka","Red Skull","Ginger","Bird Faced Urn","Strawberry"],"potions_floor_usage":[14,14,16,22,23],"damage_taken":[{"damage":12,"enemies":"Small Slimes","floor":1,"turns":3},{"damage":0,"enemies":"2 Louse","floor":5,"turns":3},{"damage":16,"enemies":"Jaw Worm","floor":7,"turns":4},{"damage":18,"enemies":"Lagavulin","floor":14,"turns":4},{"damage":18,"enemies":"Slime Boss","floor":16,"turns":9},{"damage":28,"enemies":"Shell Parasite","floor":18,"turns":6},{"damage":59,"enemies":"3 Byrds","floor":22,"turns":9},{"damage":44,"enemies":"Book of Stabbing","floor":23,"turns":4}],"seed_played":"1344664845148388324","potions_obtained":[{"floor":1,"key":"Energy Potion"},{"floor":14,"key":"Dexterity Potion"},{"floor":18,"key":"SkillPotion"}],"is_trial":false,"path_per_floor":["M","?","?","?","M","R","M","$","T","$","R","?","T","E","R","B",null,"M","?","$","?","M","E"],"character_chosen":"IRONCLAD","items_purchased":["Thunderclap","SteroidPotion","Shrug It Off","SteroidPotion"],"campfire_rested":1,"item_purchase_floors":[8,8,8,20],"current_hp_per_floor":[82,60,49,31,37,63,53,53,53,53,53,53,53,41,41,31,88,70,61,61,68,33,0],"gold":48,"neow_bonus":"TEN_PERCENT_HP_BONUS","is_prod":false,"is_daily":false,"chose_seed":false,"campfire_upgraded":2,"win_rate":0,"timestamp":1554560290,"path_taken":["M","?","?","?","M","R","M","?","T","$","R","?","?","E","R","BOSS","M","?","$","?","?","E"],"build_version":"2019-01-23","purchased_purges":2,"victory":false,"max_hp_per_floor":[88,88,88,88,88,88,88,88,88,88,88,88,88,88,88,88,88,88,61,61,68,68,68],"card_choices":[{"not_picked":["Intimidate","Perfected Strike"],"picked":"Flex","floor":1},{"not_picked":["Intimidate","Headbutt"],"picked":"Evolve","floor":5},{"not_picked":["Twin Strike","Armaments"],"picked":"Flex","floor":7},{"not_picked":["Evolve","Whirlwind","Exhume"],"picked":"SKIP","floor":14},{"not_picked":["Bludgeon","Impervious"],"picked":"Limit Break","floor":16},{"not_picked":["Twin Strike+1","Entrench"],"picked":"Armaments","floor":18},{"not_picked":["True Grit+1","Twin Strike"],"picked":"Inflame","floor":22}],"player_experience":253645,"relics_obtained":[{"floor":9,"key":"Matryoshka"},{"floor":13,"key":"Red Skull"},{"floor":13,"key":"Ginger"},{"floor":14,"key":"Bird Faced Urn"}],"event_choices":[{"damage_healed":0,"gold_gain":0,"player_choice":"Take Damage","damage_taken":22,"relics_obtained":["Golden Idol"],"max_hp_gain":0,"max_hp_loss":0,"event_name":"Golden Idol","floor":2,"gold_loss":0},{"damage_healed":0,"gold_gain":75,"player_choice":"Gather Gold","damage_taken":11,"max_hp_gain":0,"max_hp_loss":0,"event_name":"World of Goop","floor":3,"gold_loss":0},{"damage_healed":0,"gold_gain":0,"player_choice":"Entered Light","damage_taken":18,"max_hp_gain":0,"max_hp_loss":0,"event_name":"Shining Light","floor":4,"gold_loss":0,"cards_upgraded":["Strike_R","Strike_R"]},{"damage_healed":0,"gold_gain":0,"player_choice":"Leave","damage_taken":0,"max_hp_gain":0,"max_hp_loss":0,"event_name":"The Cleric","floor":12,"gold_loss":0},{"damage_healed":0,"gold_gain":0,"player_choice":"Became a vampire","damage_taken":0,"max_hp_gain":0,"max_hp_loss":27,"event_name":"Vampires","floor":19,"gold_loss":0,"cards_obtained":["Bite","Bite","Bite","Bite","Bite"]},{"damage_healed":0,"gold_gain":0,"player_choice":"Opened","damage_taken":0,"relics_obtained":["Strawberry"],"max_hp_gain":0,"max_hp_loss":0,"event_name":"The Mausoleum","floor":21,"gold_loss":0}],"is_beta":false,"boss_relics":[{"not_picked":["Runic Cube","Runic Dome"],"picked":"Black Blood"}],"items_purged_floors":[8,20],"is_endless":false,"potions_floor_spawned":[1,14,18],"killed_by":"Book of Stabbing","ascension_level":1}