{"gold_per_floor":[117,117,135,146,22,22,56,56,137,167,167,167,229,243,243,340,340,352,17,17,35,35,35],"floor_reached":23,"playtime":763,"items_purged":["Strike_R"],"score":259,"play_id":"ea64079a-7f58-4da8-89a9-0e6c38203ca3","local_time":"20190926175947","is_ascension_mode":true,"campfire_choices":[{"data":"Enlightenment","floor":6,"key":"SMITH"},{"data":"Demon Form","floor":8,"key":"SMITH"},{"data":"Disarm","floor":15,"key":"SMITH"}],"neow_cost":"NONE","seed_source_timestamp":1213587126301600,"circlet_count":0,"master_deck":["Strike_R","Strike_R","Defend_R","Defend_R","Defend_R","Bash","Demon Form+1","Shrug It Off","Cleave","Sentinel","Metallicize","Enlightenment+1","Clothesline","Bloodletting","Juggernaut","Disarm+1","Offering","Iron Wave","Shockwave","Writhe"],"relics":["Burning Blood","Red Skull","Paper Frog","Bottled Lightning","Tiny Chest","Black Star","Molten Egg 2","Magic Flower"],"potions_floor_usage":[10,13,14],"damage_taken":[{"damage":9,"enemies":"2 Louse","floor":1,"turns":3},{"damage":6,"enemies":"Cultist","floor":3,"turns":4},{"damage":4,"enemies":"Small Slimes","floor":4,"turns":3},{"damage":11,"enemies":"Lagavulin","floor":7,"turns":7},{"damage":19,"enemies":"3 Sentries","floor":10,"turns":6},{"damage":11,"enemies":"Gremlin Nob","floor":13,"turns":3},{"damage":20,"enemies":"Gremlin Gang","floor":14,"turns":2},{"damage":14,"enemies":"Hexaghost","floor":16,"turns":8},{"damage":21,"enemies":"Chosen","floor":18,"turns":6},{"damage":14,"enemies":"Shell Parasite","floor":21,"turns":7},{"damage":48,"enemies":"Book of Stabbing","floor":23,"turns":6}],"seed_played":"-809770640383671916","potions_obtained":[{"floor":4,"key":"GamblersBrew"},{"floor":7,"key":"Explosive Potion"},{"floor":10,"key":"SkillPotion"},{"floor":18,"key":"Strength Potion"}],"is_trial":false,"path_per_floor":["M","?","M","M","$","R","E","R","T","E","?","?","E","M","R","B",null,"M","$","?","M","?","E"],"character_chosen":"IRONCLAD","items_purchased":["Metallicize","Enlightenment","Molten Egg 2"],"campfire_rested":0,"item_purchase_floors":[5,5,19],"current_hp_per_floor":[77,77,77,79,79,79,74,74,74,61,61,61,56,42,42,34,69,54,54,54,46,46,0],"gold":35,"neow_bonus":"ONE_RANDOM_RARE_CARD","is_prod":false,"is_daily":false,"chose_seed":false,"campfire_upgraded":3,"win_rate":0,"timestamp":1569509987,"path_taken":["M","?","?","M","$","R","E","R","T","E","?","?","E","?","R","BOSS","M","$","?","M","?","E"],"build_version":"2019-07-17","purchased_purges":1,"victory":false,"max_hp_per_floor":[80,80,80,80,80,80,80,80,80,80,80,80,80,80,80,80,80,80,80,80,80,80,80],"card_choices":[{"not_picked":["Flex","Searing Blow"],"picked":"Shrug It Off","floor":1},{"not_picked":["Intimidate","Heavy Blade"],"picked":"Cleave","floor":3},{"not_picked":["Reckless Charge","Hemokinesis"],"picked":"Sentinel","floor":4},{"not_picked":["Dark Embrace","Warcry","Rupture"],"picked":"SKIP","floor":7},{"not_picked":["Combust","Corruption"],"picked":"Clothesline","floor":10},{"not_picked":["Cleave","Pummel"],"picked":"Juggernaut","floor":13},{"not_picked":["Twin Strike","Anger"],"picked":"Disarm","floor":14},{"not_picked":["Dark Embrace","Feed"],"picked":"Offering","floor":16},{"not_picked":["Clash+1","Carnage"],"picked":"Iron Wave","floor":18},{"not_picked":["Anger+1","Body Slam+1"],"picked":"Shockwave","floor":21}],"player_experience":362395,"relics_obtained":[{"floor":7,"key":"Red Skull"},{"floor":9,"key":"Paper Frog"},{"floor":10,"key":"Bottled Lightning"},{"floor":13,"key":"Tiny Chest"}],"event_choices":[{"cards_removed":["Defend_R"],"damage_healed":0,"gold_gain":0,"player_choice":"Offered Basic","damage_taken":0,"max_hp_gain":0,"max_hp_loss":0,"event_name":"Bonfire Elementals","floor":2,"gold_loss":0},{"cards_removed":["Strike_R"],"damage_healed":0,"gold_gain":0,"player_choice":"Forget","damage_taken":0,"max_hp_gain":0,"max_hp_loss":0,"event_name":"Living Wall","floor":11,"gold_loss":0},{"damage_healed":0,"gold_gain":0,"cards_transformed":["Strike_R"],"player_choice":"Transformed","damage_taken":0,"max_hp_gain":0,"max_hp_loss":0,"event_name":"Transmorgrifier","floor":12,"gold_loss":0,"cards_obtained":["Bloodletting"]},{"damage_healed":0,"gold_gain":0,"player_choice":"Ignored","damage_taken":0,"max_hp_gain":0,"max_hp_loss":0,"event_name":"Ghosts","floor":20,"gold_loss":0},{"damage_healed":0,"gold_gain":0,"player_choice":"Opened","damage_taken":0,"relics_obtained":["Magic Flower"],"max_hp_gain":0,"max_hp_loss":0,"event_name":"The Mausoleum","floor":22,"gold_loss":0,"cards_obtained":["Writhe"]}],"is_beta":false,"boss_relics":[{"not_picked":["Calling Bell","Cursed Key"],"picked":"Black Star"}],"items_purged_floors":[19],"is_endless":false,"potions_floor_spawned":[4,7,10,18],"killed_by":"Book of Stabbing","ascension_level":5}