{"gold_per_floor":[216,230,6,81,81,81,116,128,140,183,195,238,280,74,74,176,176,191,290,290,301,109,143,143,143,143,169,169,169,169,169,169,269,269,279,289,289,84,44,44,75,127,127,127,162,177,208,219,219,219,219,219,36,65,65],"floor_reached":56,"playtime":3369,"items_purged":["Strike_B","Strike_B","Streamline"],"score":1723,"play_id":"b0d3849c-98d0-48fd-a684-5c78081789a6","local_time":"20190828204856","is_ascension_mode":true,"campfire_choices":[{"data":"Leap","floor":6,"key":"SMITH"},{"data":"Zap","floor":8,"key":"SMITH"},{"data":"Hologram","floor":11,"key":"SMITH"},{"data":"Seek","floor":15,"key":"SMITH"},{"data":"Hyperbeam","floor":25,"key":"SMITH"},{"data":"Coolheaded","floor":28,"key":"SMITH"},{"data":"Doom and Gloom","floor":30,"key":"SMITH"},{"data":"Ghostly","floor":32,"key":"SMITH"},{"data":"Amplify","floor":40,"key":"SMITH"},{"floor":44,"key":"RECALL"},{"data":"Chill","floor":49,"key":"SMITH"},{"data":"Turbo","floor":52,"key":"SMITH"}],"neow_cost":"NONE","seed_source_timestamp":1163102220080800,"circlet_count":0,"master_deck":["Defend_B","Defend_B","Defend_B","Defend_B","Zap+1","Dualcast","Streamline+1","Cold Snap","Leap+1","Hologram+1","Self Repair+1","Coolheaded+1","Defragment+1","Seek+1","Machine Learning+1","Compile Driver","Hologram+1","Doom and Gloom+1","Compile Driver","Hyperbeam+1","Ghostly+1","Ghostly","Ghostly","Ghostly","Ghostly","Amplify+1","Chill+1","Apotheosis+1","Defragment+1","Storm+1","Turbo+1","Turbo+1","Beam Cell+1","Loop+1","Stack+1"],"relics":["Cracked Core","OrangePellets","MawBank","Frozen Egg 2","Strawberry","Blood Vial","Pen Nib","Coffee Dripper","Unceasing Top","Singing Bowl","Juzu Bracelet","Prayer Wheel","Runic Pyramid","Bronze Scales","Emotion Chip","Pear","Bag of Preparation","Letter Opener"],"potions_floor_usage":[7,7,10,18,23,27,36,50,55],"damage_taken":[{"damage":0,"enemies":"2 Louse","floor":1,"turns":1},{"damage":2,"enemies":"Jaw Worm","floor":2,"turns":3},{"damage":24,"enemies":"Lagavulin","floor":7,"turns":6},{"damage":11,"enemies":"Gremlin Nob","floor":10,"turns":3},{"damage":13,"enemies":"Lagavulin","floor":12,"turns":5},{"damage":11,"enemies":"Hexaghost","floor":16,"turns":10},{"damage":23,"enemies":"2 Thieves","floor":18,"turns":3},{"damage":0,"enemies":"Chosen","floor":21,"turns":3},{"damage":24,"enemies":"Book of Stabbing","floor":23,"turns":5},{"damage":35,"enemies":"Slavers","floor":27,"turns":7},{"damage":27,"enemies":"Collector","floor":33,"turns":8},{"damage":0,"enemies":"Orb Walker","floor":35,"turns":4},{"damage":22,"enemies":"3 Darklings","floor":36,"turns":4},{"damage":3,"enemies":"Reptomancer","floor":41,"turns":8},{"damage":18,"enemies":"2 Orb Walkers","floor":42,"turns":5},{"damage":3,"enemies":"Giant Head","floor":45,"turns":9},{"damage":0,"enemies":"Jaw Worm Horde","floor":46,"turns":4},{"damage":9,"enemies":"Reptomancer","floor":47,"turns":5},{"damage":0,"enemies":"Spire Growth","floor":48,"turns":5},{"damage":18,"enemies":"Donu and Deca","floor":50,"turns":8},{"damage":0,"enemies":"Shield and Spear","floor":54,"turns":5},{"damage":15,"enemies":"The Heart","floor":55,"turns":8}],"seed_played":"4612800259167251611","potions_obtained":[{"floor":1,"key":"EntropicBrew"},{"floor":16,"key":"AttackPotion"},{"floor":23,"key":"Swift Potion"},{"floor":33,"key":"EssenceOfSteel"},{"floor":36,"key":"Dexterity Potion"},{"floor":42,"key":"Energy Potion"}],"is_trial":false,"path_per_floor":["M","M","$","?","?","R","E","R","T","E","R","E","?","$","R","B",null,"M","?","?","M","$","E","?","R","T","E","R","?","R","?","R","B",null,"M","M","?","$","?","R","E","?","T","R","E","M","E","M","R","B",null,"R","$","E","B",null],"character_chosen":"DEFECT","items_purchased":["OrangePellets","Leap","Defragment+1","Seek","Doom and Gloom","Compile Driver","Defragment+1","Loop+1","PowerPotion","FearPotion"],"campfire_rested":0,"item_purchase_floors":[3,3,14,14,22,22,38,53,53,53],"current_hp_per_floor":[68,66,66,55,55,55,46,46,46,42,42,39,39,39,39,40,72,61,61,61,63,63,51,51,51,51,30,30,30,30,30,30,15,35,46,36,30,30,30,30,49,54,54,54,64,64,66,70,70,70,70,70,70,70,65],"gold":65,"neow_bonus":"HUNDRED_GOLD","is_prod":false,"is_daily":false,"chose_seed":false,"campfire_upgraded":11,"win_rate":0,"timestamp":1567021736,"path_taken":["M","M","$","?","?","R","E","R","T","E","R","E","?","$","R","BOSS","M","?","?","?","$","E","?","R","T","E","R","?","R","?","R","BOSS","M","M","?","$","?","R","E","?","T","R","E","M","E","M","R","BOSS","R","$","E","BOSS"],"build_version":"2019-07-17","purchased_purges":3,"victory":true,"max_hp_per_floor":[75,75,75,75,75,75,75,75,75,82,82,82,82,82,82,82,82,82,82,82,82,82,82,82,82,82,84,84,84,84,42,42,42,42,46,48,52,52,52,52,52,54,54,54,64,64,66,70,70,70,70,70,70,70,70],"card_choices":[{"not_picked":["Skim","Leap"],"picked":"Streamline","floor":1},{"not_picked":["Beam Cell","Ball Lightning"],"picked":"Cold Snap","floor":2},{"not_picked":["Turbo","Beam Cell"],"picked":"Hologram","floor":7},{"not_picked":["Stack","Conserve Battery"],"picked":"Self Repair+1","floor":10},{"not_picked":["Genetic Algorithm","Chaos"],"picked":"Coolheaded","floor":12},{"not_picked":["All For One","Fission"],"picked":"Machine Learning+1","floor":16},{"not_picked":["Redo","Recycle+1"],"picked":"Compile Driver","floor":18},{"not_picked":["Force Field","Genetic Algorithm"],"picked":"Hologram+1","floor":21},{"not_picked":["Turbo","Doom and Gloom"],"picked":"Hyperbeam","floor":23},{"not_picked":["Beam Cell","Reprogram","Coolheaded"],"picked":"Singing Bowl","floor":27},{"not_picked":["Seek","Electrodynamics+1"],"picked":"Amplify","floor":33},{"not_picked":["Stack","Compile Driver","Gash"],"picked":"Singing Bowl","floor":35},{"not_picked":["Stack","Streamline+1","Rebound+1"],"picked":"Singing Bowl","floor":35},{"not_picked":["Hologram+1","Static Discharge+1"],"picked":"Chill","floor":36},{"not_picked":["Steam","Ball Lightning+1","Beam Cell"],"picked":"Singing Bowl","floor":36},{"not_picked":["Finesse","Deep Breath","Sadistic Nature+1"],"picked":"Singing Bowl","floor":37},{"not_picked":["Forethought","Finesse","Thinking Ahead"],"picked":"Singing Bowl","floor":37},{"not_picked":["Finesse","Forethought"],"picked":"Apotheosis","floor":37},{"not_picked":["Heatsinks+1","Coolheaded+1"],"picked":"Storm+1","floor":41},{"not_picked":["Sunder+1","Leap","Darkness+1"],"picked":"Singing Bowl","floor":42},{"not_picked":["Stack","Rebound+1"],"picked":"Turbo","floor":45},{"not_picked":["Cold Snap+1","Heatsinks+1"],"picked":"Turbo+1","floor":46},{"not_picked":["Recycle","Cold Snap"],"picked":"Beam Cell+1","floor":46},{"not_picked":["Thunder Strike","Doom and Gloom","Self Repair+1"],"picked":"Singing Bowl","floor":47},{"not_picked":["Conserve Battery+1","Melter+1","Cold Snap"],"picked":"Singing Bowl","floor":48},{"not_picked":["Redo+1","Stack","Leap+1"],"picked":"Singing Bowl","floor":48},{"not_picked":["Turbo","Auto Shields"],"picked":"Stack+1","floor":54}],"player_experience":1877471,"relics_obtained":[{"floor":7,"key":"MawBank"},{"floor":9,"key":"Frozen Egg 2"},{"floor":10,"key":"Strawberry"},{"floor":12,"key":"Blood Vial"},{"floor":23,"key":"Unceasing Top"},{"floor":26,"key":"Singing Bowl"},{"floor":27,"key":"Juzu Bracelet"},{"floor":41,"key":"Bronze Scales"},{"floor":42,"key":"Emotion Chip"},{"floor":45,"key":"Pear"},{"floor":47,"key":"Bag of Preparation"},{"floor":54,"key":"Letter Opener"}],"event_choices":[{"damage_healed":0,"gold_gain":75,"player_choice":"Gather Gold","damage_taken":11,"max_hp_gain":0,"max_hp_loss":0,"event_name":"World of Goop","floor":4,"gold_loss":0},{"damage_healed":0,"gold_gain":0,"player_choice":"Grow","damage_taken":0,"max_hp_gain":0,"max_hp_loss":0,"event_name":"Living Wall","floor":5,"gold_loss":0,"cards_upgraded":["Streamline"]},{"damage_healed":0,"gold_gain":30,"player_choice":"Searched \u00272\u0027 times","damage_taken":0,"relics_obtained":["Pen Nib"],"max_hp_gain":0,"max_hp_loss":0,"event_name":"Dead Adventurer","floor":13,"gold_loss":0},{"damage_healed":0,"gold_gain":99,"player_choice":"Stole From Cult","damage_taken":0,"max_hp_gain":0,"max_hp_loss":0,"event_name":"Nest","floor":19,"gold_loss":0},{"damage_healed":0,"gold_gain":0,"cards_transformed":["Strike_B"],"player_choice":"Transformed","damage_taken":0,"max_hp_gain":0,"max_hp_loss":0,"event_name":"Transmorgrifier","floor":20,"gold_loss":0,"cards_obtained":["Streamline"]},{"cards_removed":["Strike_B"],"damage_healed":0,"gold_gain":0,"player_choice":"Elegance","damage_taken":0,"max_hp_gain":0,"max_hp_loss":0,"event_name":"Back to Basics","floor":24,"gold_loss":0},{"damage_healed":0,"gold_gain":0,"player_choice":"Opened","damage_taken":0,"relics_obtained":["Prayer Wheel"],"max_hp_gain":0,"max_hp_loss":0,"event_name":"The Mausoleum","floor":29,"gold_loss":0},{"damage_healed":0,"gold_gain":0,"player_choice":"Became a Ghost","damage_taken":0,"max_hp_gain":0,"max_hp_loss":42,"event_name":"Ghosts","floor":31,"gold_loss":0,"cards_obtained":["Ghostly","Ghostly","Ghostly","Ghostly","Ghostly"]},{"damage_healed":0,"gold_gain":0,"player_choice":"Memory 3","damage_taken":10,"max_hp_gain":0,"max_hp_loss":0,"event_name":"SensoryStone","floor":37,"gold_loss":0},{"damage_healed":0,"gold_gain":0,"player_choice":"Upgrade","damage_taken":0,"max_hp_gain":0,"max_hp_loss":0,"event_name":"Designer","floor":39,"gold_loss":40,"cards_upgraded":["Apotheosis"]},{"damage_healed":0,"gold_gain":0,"player_choice":"Fight","damage_taken":0,"max_hp_gain":0,"max_hp_loss":0,"event_name":"Mysterious Sphere","floor":42,"gold_loss":0}],"is_beta":false,"boss_relics":[{"not_picked":["Velvet Choker","Calling Bell"],"picked":"Coffee Dripper"},{"not_picked":["Runic Dome","Philosopher\u0027s Stone"],"picked":"Runic Pyramid"}],"items_purged_floors":[14,22,38],"is_endless":false,"potions_floor_spawned":[1,16,23,33,36,42],"ascension_level":8}