{"gold_per_floor":[20,36,36,36,54,54,94,94,118,142,180,180,215,234,234,362,362,382,396,8,8,8,8,23,23],"floor_reached":25,"playtime":1419,"items_purged":["Defend_B"],"score":343,"play_id":"ec4bfcdb-7158-4540-a588-a45e6232c2e2","local_time":"20191025130612","is_ascension_mode":true,"campfire_choices":[{"data":"Recycle","floor":6,"key":"SMITH"},{"floor":8,"key":"REST"},{"floor":12,"key":"REST"},{"floor":15,"key":"REST"},{"data":"Zap","floor":23,"key":"SMITH"}],"neow_cost":"NO_GOLD","seed_source_timestamp":673896116845900,"circlet_count":0,"master_deck":["AscendersBane","Defend_B","Defend_B","Zap+1","Multi-Cast","Recycle+1","Cold Snap","Turbo","Compile Driver","Coolheaded","Seek","Electrodynamics","Doom and Gloom+1","Hologram+1","Capacitor+1","Auto Shields","Echo Form","Aggregate","Glacier"],"relics":["Cracked Core","Golden Idol","Art of War","Bag of Marbles","Anchor","Vajra","Astrolabe","Bag of Preparation","Oddly Smooth Stone"],"potions_floor_usage":[11,13,16,25,25],"damage_taken":[{"damage":2,"enemies":"2 Louse","floor":1,"turns":3},{"damage":11,"enemies":"Small Slimes","floor":2,"turns":3},{"damage":0,"enemies":"Cultist","floor":5,"turns":3},{"damage":31,"enemies":"3 Sentries","floor":7,"turns":13},{"damage":7,"enemies":"Exordium Wildlife","floor":10,"turns":3},{"damage":36,"enemies":"Gremlin Nob","floor":11,"turns":4},{"damage":18,"enemies":"Lagavulin","floor":13,"turns":10},{"damage":0,"enemies":"Large Slime","floor":14,"turns":6},{"damage":17,"enemies":"Hexaghost","floor":16,"turns":11},{"damage":1,"enemies":"Shell Parasite","floor":18,"turns":5},{"damage":30,"enemies":"3 Byrds","floor":19,"turns":3},{"damage":0,"enemies":"Snecko","floor":24,"turns":4},{"damage":32,"enemies":"Slavers","floor":25,"turns":4}],"seed_played":"-853650184964096102","potions_obtained":[{"floor":1,"key":"PowerPotion"},{"floor":5,"key":"AttackPotion"},{"floor":13,"key":"PowerPotion"},{"floor":24,"key":"EntropicBrew"}],"is_trial":false,"path_per_floor":["M","M","?","?","M","R","E","R","T","M","E","R","E","M","R","B",null,"M","M","$","?","?","R","M","E"],"character_chosen":"DEFECT","items_purchased":["Bag of Preparation","Oddly Smooth Stone"],"campfire_rested":3,"item_purchase_floors":[20,20],"current_hp_per_floor":[66,55,55,55,55,55,24,44,44,37,1,21,3,3,23,6,53,52,22,22,22,22,22,22,0],"gold":23,"neow_bonus":"TRANSFORM_TWO_CARDS","is_prod":false,"is_daily":false,"chose_seed":false,"campfire_upgraded":2,"win_rate":0,"timestamp":1572033972,"path_taken":["M","M","?","?","M","R","E","R","T","M","E","R","E","M","R","BOSS","M","?","$","?","?","R","M","E"],"build_version":"2019-07-17","purchased_purges":1,"victory":false,"max_hp_per_floor":[75,75,69,69,69,69,69,69,69,69,69,69,69,69,69,69,69,69,69,69,69,69,69,69,69],"card_choices":[{"not_picked":["Self Repair","Beam Cell"],"picked":"Cold Snap","floor":1},{"not_picked":["Stack","Scrape"],"picked":"Turbo","floor":2},{"not_picked":["Streamline","Hologram"],"picked":"Sunder","floor":5},{"not_picked":["Sweeping Beam","Lockon"],"picked":"Compile Driver","floor":7},{"not_picked":["Loop","Ball Lightning"],"picked":"Coolheaded","floor":10},{"not_picked":["Steam","Defragment"],"picked":"Seek","floor":11},{"not_picked":["Cold Snap","Barrage"],"picked":"Capacitor","floor":13},{"not_picked":["Skim","Rebound","Streamline"],"picked":"SKIP","floor":14},{"not_picked":["Thunder Strike","Reboot"],"picked":"Electrodynamics","floor":16},{"not_picked":["Cold Snap","Skim","Gash"],"picked":"SKIP","floor":18},{"not_picked":["Aggregate+1","Blizzard+1"],"picked":"Auto Shields","floor":19},{"not_picked":["Steam","Stack"],"picked":"Glacier","floor":24}],"player_experience":456453,"relics_obtained":[{"floor":7,"key":"Art of War"},{"floor":9,"key":"Bag of Marbles"},{"floor":11,"key":"Anchor"},{"floor":13,"key":"Vajra"}],"event_choices":[{"damage_healed":0,"gold_gain":0,"player_choice":"Lose Max HP","damage_taken":0,"relics_obtained":["Golden Idol"],"max_hp_gain":0,"max_hp_loss":6,"event_name":"Golden Idol","floor":3,"gold_loss":0},{"cards_removed":["Strike_B"],"damage_healed":0,"gold_gain":0,"player_choice":"Offered Basic","damage_taken":0,"max_hp_gain":0,"max_hp_loss":0,"event_name":"Bonfire Elementals","floor":4,"gold_loss":0},{"damage_healed":0,"gold_gain":0,"cards_transformed":["Capacitor","Defend_B"],"player_choice":"Became Test Subject","damage_taken":0,"max_hp_gain":0,"max_hp_loss":0,"event_name":"Drug Dealer","floor":21,"gold_loss":0,"cards_obtained":["Echo Form","Aggregate"]},{"damage_healed":0,"gold_gain":0,"player_choice":"Ignored","damage_taken":0,"max_hp_gain":0,"max_hp_loss":0,"event_name":"N\u0027loth","floor":22,"gold_loss":0}],"is_beta":false,"boss_relics":[{"not_picked":["Pandora\u0027s Box","Calling Bell"],"picked":"Astrolabe"}],"items_purged_floors":[20],"is_endless":false,"potions_floor_spawned":[1,5,10,13,24],"killed_by":"Slavers","ascension_level":11}