{"gold_per_floor":[117,42,42,42,59,59,79,79,79,95,113,188,188,216,216,311,311,326,313,159,159,159,159,189,189,234,14,25,42,52,82,82,178,178,193,193,93,113,133,161,161,194,194,209,243,52,67,79,79,79],"floor_reached":50,"playtime":3427,"items_purged":["Strike_G","Strike_G"],"score":647,"play_id":"8a2c8911-c2f9-41c3-ab60-44118a05b41e","local_time":"20190623170536","is_ascension_mode":false,"campfire_choices":[{"data":"Dagger Spray","floor":6,"key":"SMITH"},{"data":"Caltrops","floor":15,"key":"SMITH"},{"data":"Noxious Fumes","floor":23,"key":"SMITH"},{"data":"Neutralize","floor":25,"key":"SMITH"},{"data":"Footwork","floor":32,"key":"SMITH"},{"data":"A Thousand Cuts","floor":41,"key":"SMITH"},{"floor":49,"key":"RECALL"}],"neow_cost":"NONE","seed_source_timestamp":688675084086331,"circlet_count":0,"master_deck":["Defend_G","Defend_G+1","Defend_G","Defend_G","Survivor","Neutralize+1","Quick Slash","Expertise+1","Well Laid Plans","Burst","Dagger Spray+1","Slice","Caltrops+1","Leg Sweep","Backflip","Flying Knee","Noxious Fumes+1","After Image","Outmaneuver","Backflip","Footwork+1","Corpse Explosion","Crippling Poison","Acrobatics","Escape Plan+1","A Thousand Cuts+1","Bouncing Flask+1","Escape Plan+1","PiercingWail+1","Predator+1","Tactician+1","Blade Dance+1"],"relics":["Ring of the Snake","Meat on the Bone","hubris:Reverence","hubris:SlimyHat","Runic Dome","WingedGreaves","Blood Vial","War Paint","Art of War","hubris:Backtick","Snake Skull","hubris:ToyBattleship","Potion Belt","Lantern","TwistedFunnel"],"potions_floor_usage":[14,16,19,28,33,33,45,45,50],"damage_taken":[{"damage":0,"enemies":"2 Louse","floor":1,"turns":3},{"damage":3,"enemies":"Small Slimes","floor":5,"turns":4},{"damage":0,"enemies":"Cultist","floor":7,"turns":3},{"damage":0,"enemies":"Large Slime","floor":10,"turns":8},{"damage":2,"enemies":"Looter","floor":11,"turns":3},{"damage":8,"enemies":"3 Sentries","floor":14,"turns":5},{"damage":24,"enemies":"Hexaghost","floor":16,"turns":9},{"damage":10,"enemies":"Shell Parasite","floor":18,"turns":4},{"damage":3,"enemies":"2 Thieves","floor":19,"turns":4},{"damage":27,"enemies":"Slavers","floor":24,"turns":4},{"damage":0,"enemies":"Shelled Parasite and Fungi","floor":28,"turns":5},{"damage":0,"enemies":"Centurion and Healer","floor":29,"turns":6},{"damage":3,"enemies":"Cultist and Chosen","floor":30,"turns":4},{"damage":0,"enemies":"Gremlin Leader","floor":31,"turns":6},{"damage":46,"enemies":"Collector","floor":33,"turns":10},{"damage":0,"enemies":"Orb Walker","floor":35,"turns":4},{"damage":24,"enemies":"3 Darklings","floor":38,"turns":4},{"damage":27,"enemies":"Jaw Worm Horde","floor":39,"turns":3},{"damage":6,"enemies":"Nemesis","floor":40,"turns":7},{"damage":7,"enemies":"Giant Head","floor":42,"turns":9},{"damage":19,"enemies":"Writhing Mass","floor":44,"turns":5},{"damage":28,"enemies":"Reptomancer","floor":45,"turns":7},{"damage":20,"enemies":"3 Darklings","floor":47,"turns":3},{"damage":2,"enemies":"Jaw Worm Horde","floor":48,"turns":4},{"damage":41,"enemies":"hubris:GrandSnecko","floor":50,"turns":4}],"seed_played":"-8660729066082850386","potions_obtained":[{"floor":7,"key":"Explosive Potion"},{"floor":11,"key":"FearPotion"},{"floor":16,"key":"EssenceOfSteel"},{"floor":19,"key":"Swift Potion"},{"floor":28,"key":"Block Potion"},{"floor":29,"key":"EssenceOfSteel"},{"floor":30,"key":"SteroidPotion"},{"floor":38,"key":"Ancient Potion"},{"floor":39,"key":"SpeedPotion"},{"floor":44,"key":"GamblersBrew"},{"floor":47,"key":"Poison Potion"}],"is_trial":false,"path_per_floor":["M","$","?","?","M","R","M","?","T","M","M","?","?","E","R","B",null,"M","M","$","?","?","R","E","R","T","$","M","M","M","E","R","B",null,"M","?","$","M","M","E","R","E","T","M","E","$","M","M","R","B"],"character_chosen":"THE_SILENT","items_purchased":["Well Laid Plans","Noxious Fumes","Footwork","War Paint","TwistedFunnel"],"campfire_rested":0,"item_purchase_floors":[2,20,27,27,46],"current_hp_per_floor":[70,70,70,70,67,67,67,60,60,60,58,47,35,39,39,27,70,60,57,57,44,44,44,29,29,29,29,43,45,44,46,46,14,75,75,85,85,61,48,44,44,51,51,46,32,32,26,38,38,0],"gold":79,"neow_bonus":"THREE_CARDS","is_prod":false,"is_daily":false,"chose_seed":false,"campfire_upgraded":6,"win_rate":0,"timestamp":1561305936,"path_taken":["M","$","?","?","?","R","M","?","T","M","M","?","?","E","R","BOSS","M","M","$","?","?","R","E","R","T","?","M","M","?","E","R","BOSS","M","?","$","M","M","E","R","E","T","?","E","$","M","?","R","BOSS"],"build_version":"2019-01-23","purchased_purges":2,"victory":false,"max_hp_per_floor":[70,70,70,70,70,70,70,70,70,70,70,70,70,70,70,70,70,70,70,70,75,75,75,75,75,75,75,75,75,75,75,75,75,75,75,85,85,85,85,85,85,85,85,85,85,85,85,85,85,85],"card_choices":[{"not_picked":["PiercingWail","Underhanded Strike"],"picked":"Quick Slash","floor":0},{"not_picked":["Prepared","hubris:SlightOfHand"],"picked":"Expertise","floor":1},{"not_picked":["Deflect","Slice"],"picked":"Dagger Spray","floor":5},{"not_picked":["Outmaneuver","Setup"],"picked":"Slice","floor":7},{"not_picked":["Dagger Spray","Escape Plan"],"picked":"Terror","floor":10},{"not_picked":["Prepared","Accuracy"],"picked":"Caltrops","floor":11},{"not_picked":["PiercingWail","Accuracy"],"picked":"Leg Sweep","floor":14},{"not_picked":["Night Terror","Venomology"],"picked":"Die Die Die","floor":16},{"not_picked":["Escape Plan","Terror"],"picked":"Backflip","floor":18},{"not_picked":["Slice","Sucker Punch"],"picked":"Flying Knee","floor":19},{"not_picked":["PiercingWail","hubris:Sniper"],"picked":"Backflip","floor":24},{"not_picked":["Cloak And Dagger","Endless Agony"],"picked":"Corpse Explosion","floor":28},{"not_picked":["Sucker Punch","Flying Knee"],"picked":"Crippling Poison","floor":29},{"not_picked":["Dodge and Roll","Bane"],"picked":"Acrobatics","floor":30},{"not_picked":["Leg Sweep+1","PiercingWail+1"],"picked":"Escape Plan+1","floor":31},{"not_picked":["Wraith Form v2","Bullet Time"],"picked":"A Thousand Cuts","floor":33},{"not_picked":["Underhanded Strike+1","Expertise+1"],"picked":"Bouncing Flask+1","floor":35},{"not_picked":["Infinite Blades","Outmaneuver"],"picked":"Escape Plan+1","floor":38},{"not_picked":["All Out Attack","Infinite Blades+1"],"picked":"PiercingWail+1","floor":39},{"not_picked":["All Out Attack","Bane+1","hubris:Counter"],"picked":"SKIP","floor":40},{"not_picked":["Quick Slash+1","Tools of the Trade"],"picked":"Predator+1","floor":42},{"not_picked":["Dagger Spray+1","Masterful Stab","Crippling Poison"],"picked":"SKIP","floor":44},{"not_picked":["Poisoned Stab+1","Sucker Punch+1"],"picked":"Tactician+1","floor":45},{"not_picked":["Predator","Eviscerate+1"],"picked":"Blade Dance+1","floor":47},{"not_picked":["hubris:Sniper+1","Bane+1","PiercingWail"],"picked":"SKIP","floor":48}],"player_experience":1632530,"relics_obtained":[{"floor":9,"key":"Meat on the Bone"},{"floor":14,"key":"hubris:SlimyHat"},{"floor":24,"key":"WingedGreaves"},{"floor":26,"key":"Blood Vial"},{"floor":31,"key":"Art of War"},{"floor":40,"key":"hubris:ToyBattleship"},{"floor":42,"key":"Potion Belt"},{"floor":45,"key":"Lantern"}],"event_choices":[{"cards_removed":["Strike_G"],"damage_healed":0,"gold_gain":0,"player_choice":"Forget","damage_taken":0,"max_hp_gain":0,"max_hp_loss":0,"event_name":"Living Wall","floor":3,"gold_loss":0},{"damage_healed":0,"gold_gain":0,"cards_transformed":["Defend_G"],"player_choice":"Transformed","damage_taken":0,"max_hp_gain":0,"max_hp_loss":0,"event_name":"Transmorgrifier","floor":4,"gold_loss":0,"cards_obtained":["Burst"]},{"cards_removed":["Strike_G"],"damage_healed":0,"gold_gain":0,"player_choice":"Card Removal","damage_taken":7,"max_hp_gain":0,"max_hp_loss":0,"event_name":"Golden Wing","floor":8,"gold_loss":0},{"damage_healed":0,"gold_gain":75,"player_choice":"Gather Gold","damage_taken":11,"max_hp_gain":0,"max_hp_loss":0,"event_name":"World of Goop","floor":12,"gold_loss":0},{"damage_healed":0,"gold_gain":0,"player_choice":"Success","damage_taken":12,"relics_obtained":["hubris:Reverence"],"max_hp_gain":0,"max_hp_loss":0,"event_name":"Scrap Ooze","floor":13,"gold_loss":0},{"damage_healed":0,"gold_gain":0,"player_choice":"Shed Blood","damage_taken":18,"max_hp_gain":5,"max_hp_loss":0,"event_name":"Forgotten Altar","floor":21,"gold_loss":0},{"damage_healed":0,"gold_gain":0,"cards_transformed":["Strike_G","Terror"],"player_choice":"Became Test Subject","damage_taken":0,"max_hp_gain":0,"max_hp_loss":0,"event_name":"Drug Dealer","floor":22,"gold_loss":0,"cards_obtained":["After Image","Outmaneuver"]},{"cards_removed":["Die Die Die"],"damage_healed":0,"gold_gain":0,"player_choice":"Offered Rare","damage_taken":0,"max_hp_gain":10,"max_hp_loss":0,"event_name":"Bonfire Elementals","floor":36,"gold_loss":0}],"is_beta":false,"boss_relics":[{"not_picked":["Eternal Feather","hubris:CrackedHourglass"],"picked":"Runic Dome"},{"not_picked":["Fusion Hammer","hubris:TerracottaHorce"],"picked":"hubris:Backtick"}],"items_purged_floors":[20,37],"is_endless":false,"potions_floor_spawned":[7,11,16,19,28,29,30,38,39,44,47],"killed_by":"hubris:GrandSnecko","ascension_level":0}