{"gold_per_floor":[115,130,149,169,169,194,119,119,119,119,152,152,184,204,204,300,300,314,314,214,129,129,154,29,43,69,87,114,114,114,126,126,225,225,242,242,342,222,234,266,266,266,266,126,126,158,178,178,178,178],"floor_reached":51,"playtime":2732,"items_purged":["Strike_B","Strike_B","Strike_B","Zap","Defend_B"],"score":819,"play_id":"0fb98b59-521b-4efb-bbd8-603e9e934cb9","local_time":"20191025222331","is_ascension_mode":true,"campfire_choices":[{"data":"Gash","floor":8.0,"key":"SMITH"},{"data":"Coolheaded","floor":10.0,"key":"SMITH"},{"data":"Defend_B","floor":15.0,"key":"SMITH"},{"floor":32.0,"key":"REST"},{"data":"Defend_B","floor":42,"key":"SMITH"},{"floor":49,"key":"REST"}],"neow_cost":"NONE","seed_source_timestamp":1087517004383500,"circlet_count":0,"master_deck":["Strike_B","Defend_B+1","Defend_B+1","Dualcast","Coolheaded+1","Gash+1","Gash+1"],"special_seed":0,"relics":["Cracked Core","Meat on the Bone","Darkstone Periapt","Toxic Egg 2","Juzu Bracelet","Mercury Hourglass","Black Star","Matryoshka","Strawberry","Vajra","Blue Candle","Bronze Scales","Boot","Anchor","Pen Nib","The Courier","Inserter","Thread and Needle","PreservedInsect","Ornamental Fan","Pantograph","Smiling Mask","DataDisk"],"potions_floor_usage":[40,50],"damage_taken":[{"damage":1.0,"enemies":"Cultist","floor":1.0,"turns":3.0},{"damage":0.0,"enemies":"Small Slimes","floor":2.0,"turns":3.0},{"damage":1.0,"enemies":"Jaw Worm","floor":3.0,"turns":3.0},{"damage":7.0,"enemies":"Blue Slaver","floor":4.0,"turns":4.0},{"damage":9.0,"enemies":"3 Sentries","floor":6.0,"turns":8.0},{"damage":25.0,"enemies":"Gremlin Nob","floor":11.0,"turns":4.0},{"damage":9.0,"enemies":"3 Sentries","floor":13.0,"turns":7.0},{"damage":6.0,"enemies":"Red Slaver","floor":14.0,"turns":3.0},{"damage":21.0,"enemies":"Slime Boss","floor":16.0,"turns":6.0},{"damage":5.0,"enemies":"Chosen","floor":18.0,"turns":4.0},{"damage":47.0,"enemies":"Slavers","floor":23.0,"turns":10.0},{"damage":8.0,"enemies":"2 Thieves","floor":25.0,"turns":4.0},{"damage":0.0,"enemies":"Shelled Parasite and Fungi","floor":27.0,"turns":4.0},{"damage":20.0,"enemies":"Gremlin Leader","floor":28.0,"turns":6.0},{"damage":5.0,"enemies":"Snecko","floor":31.0,"turns":5.0},{"damage":47.0,"enemies":"Collector","floor":33.0,"turns":11.0},{"damage":18.0,"enemies":"Orb Walker","floor":35.0,"turns":4.0},{"damage":0.0,"enemies":"Mind Bloom Boss Battle","floor":37.0,"turns":7.0},{"damage":0.0,"enemies":"3 Shapes","floor":39.0,"turns":5.0},{"damage":40,"enemies":"Nemesis","floor":40,"turns":8},{"damage":10,"enemies":"Giant Head","floor":46,"turns":7},{"damage":4,"enemies":"Writhing Mass","floor":47,"turns":5},{"damage":27,"enemies":"Time Eater","floor":50,"turns":13}],"seed_played":"918560945706999013","potions_obtained":[{"floor":0.0,"key":"FearPotion"},{"floor":0.0,"key":"SteroidPotion"},{"floor":0.0,"key":"EssenceOfSteel"},{"floor":3.0,"key":"SkillPotion"},{"floor":11.0,"key":"FearPotion"},{"floor":13.0,"key":"Block Potion"},{"floor":18.0,"key":"SpeedPotion"},{"floor":28.0,"key":"AttackPotion"},{"floor":31.0,"key":"Swift Potion"},{"floor":35.0,"key":"Energy Potion"},{"floor":47,"key":"PowerPotion"}],"is_trial":false,"path_per_floor":["M","M","M","M","T","E","$","R","T","R","E","?","E","M","R","B",null,"M","?","$","?","T","E","$","M","T","M","E","?","?","M","R","B",null,"M","?","?","$","M","E","?","R","T","$","?","E","M","?","R","B",null],"character_chosen":"DEFECT","items_purchased":[],"campfire_rested":2,"item_purchase_floors":[],"current_hp_per_floor":[74,74,73,66,66,57,57,57,57,57,44,44,47,41,41,32,75,70,70,70,70,77,42,42,46,46,46,38,38,38,45,69,34,82,64,64,64,64,64,36,68,68,68,68,68,58,54,54,68,41],"gold":178,"neow_bonus":"THREE_SMALL_POTIONS","is_prod":false,"is_daily":false,"chose_seed":false,"campfire_upgraded":4,"win_rate":0,"timestamp":1572035011,"path_taken":["M","M","?","M","?","E","$","R","T","R","E","?","E","M","R","BOSS","M","?","$","?","?","E","$","M","T","M","E","?","?","M","R","BOSS","M","?","?","$","M","E","?","R","T","?","?","E","M","?","R","BOSS"],"build_version":"2019-07-17","purchased_purges":5,"victory":true,"max_hp_per_floor":[75,75,75,75,75,75,75,75,75,75,75,75,75,75,75,75,75,75,75,75,75,82,82,82,82,82,82,82,82,82,82,82,82,82,82,78,78,78,78,78,68,68,68,68,68,68,68,68,68,68],"card_choices":[{"not_picked":["Cold Snap","Sweeping Beam"],"picked":"Coolheaded","floor":1.0},{"not_picked":["Coolheaded","Sweeping Beam","Redo"],"picked":"SKIP","floor":2.0},{"not_picked":["Chaos","Steam Power"],"picked":"Gash","floor":3.0},{"not_picked":["Stack","Reinforced Body"],"picked":"Gash","floor":4.0},{"not_picked":["All For One","Creative AI","Melter"],"picked":"SKIP","floor":6.0},{"not_picked":["Fusion+1","Darkness+1","Tempest+1"],"picked":"SKIP","floor":11.0},{"not_picked":["FTL","Ball Lightning","Rebound"],"picked":"SKIP","floor":13.0},{"not_picked":["White Noise+1","Doom and Gloom","Static Discharge"],"picked":"SKIP","floor":14.0},{"not_picked":["Ball Lightning","Compile Driver","Leap+1"],"picked":"SKIP","floor":18.0},{"not_picked":["Seek+1","Doom and Gloom+1","Coolheaded+1"],"picked":"SKIP","floor":23.0},{"not_picked":["Redo+1","Double Energy+1","Defragment"],"picked":"SKIP","floor":25.0},{"not_picked":["Barrage","Stack+1","Coolheaded+1"],"picked":"SKIP","floor":27.0},{"not_picked":["Reprogram+1","Seek+1","Creative AI"],"picked":"SKIP","floor":28.0},{"not_picked":["Conserve Battery+1","White Noise+1","Turbo+1"],"picked":"SKIP","floor":31.0},{"not_picked":["Rip and Tear+1","Doom and Gloom+1","Coolheaded+1"],"picked":"SKIP","floor":35.0},{"not_picked":["BootSequence+1","Stack+1","Hologram+1"],"picked":"SKIP","floor":39.0},{"not_picked":["Double Energy+1","Leap+1","Doom and Gloom"],"picked":"SKIP","floor":40},{"not_picked":["Tempest+1","Go for the Eyes","Defragment+1"],"picked":"SKIP","floor":46},{"not_picked":["Leap+1","Steam+1","Cold Snap+1"],"picked":"SKIP","floor":47}],"player_experience":345822,"relics_obtained":[{"floor":5.0,"key":"Meat on the Bone"},{"floor":6.0,"key":"Darkstone Periapt"},{"floor":9.0,"key":"Toxic Egg 2"},{"floor":11.0,"key":"Juzu Bracelet"},{"floor":13.0,"key":"Mercury Hourglass"},{"floor":22.0,"key":"Strawberry"},{"floor":22.0,"key":"Vajra"},{"floor":23.0,"key":"Blue Candle"},{"floor":23.0,"key":"Bronze Scales"},{"floor":26.0,"key":"Boot"},{"floor":26.0,"key":"Anchor"},{"floor":28.0,"key":"Pen Nib"},{"floor":28.0,"key":"The Courier"},{"floor":37.0,"key":"Thread and Needle"},{"floor":40,"key":"PreservedInsect"},{"floor":40,"key":"Ornamental Fan"},{"floor":43,"key":"Pantograph"},{"floor":46,"key":"Smiling Mask"},{"floor":46,"key":"DataDisk"}],"event_choices":[{"cards_removed":["Defend_B"],"damage_healed":0.0,"max_hp_gain":0.0,"max_hp_loss":0.0,"gold_gain":0.0,"event_name":"Living Wall","player_choice":"Forget","floor":12.0,"gold_loss":0.0,"damage_taken":0.0},{"damage_healed":0.0,"max_hp_gain":0.0,"max_hp_loss":0.0,"gold_gain":0.0,"event_name":"Ghosts","player_choice":"Ignored","floor":19.0,"gold_loss":0.0,"damage_taken":0.0},{"damage_healed":0.0,"max_hp_gain":0.0,"max_hp_loss":0.0,"gold_gain":0.0,"event_name":"Addict","player_choice":"Obtained Relic","floor":21.0,"gold_loss":85.0,"damage_taken":0.0,"relics_obtained":["Matryoshka"]},{"damage_healed":0.0,"max_hp_gain":0.0,"max_hp_loss":0.0,"gold_gain":0.0,"event_name":"Cursed Tome","player_choice":"Ignored","floor":29.0,"gold_loss":0.0,"damage_taken":0.0},{"damage_healed":0.0,"max_hp_gain":0.0,"max_hp_loss":0.0,"gold_gain":0.0,"event_name":"Accursed Blacksmith","player_choice":"Forge","floor":30.0,"gold_loss":0.0,"damage_taken":0.0,"cards_upgraded":["Gash"]},{"damage_healed":0.0,"max_hp_gain":0.0,"max_hp_loss":4.0,"gold_gain":0.0,"event_name":"Winding Halls","player_choice":"Max HP","floor":36.0,"gold_loss":0.0,"damage_taken":0.0},{"damage_healed":0.0,"max_hp_gain":0.0,"max_hp_loss":0.0,"gold_gain":0.0,"event_name":"MindBloom","player_choice":"Fight","floor":37.0,"gold_loss":0.0,"damage_taken":0.0},{"damage_healed":68,"gold_gain":0,"player_choice":"Heal","damage_taken":0,"max_hp_gain":0,"max_hp_loss":10,"event_name":"The Moai Head","floor":41,"gold_loss":0},{"damage_healed":0,"gold_gain":0,"player_choice":"Ignored","damage_taken":0,"max_hp_gain":0,"max_hp_loss":0,"event_name":"Tomb of Lord Red Mask","floor":45,"gold_loss":0},{"damage_healed":0,"gold_gain":0,"player_choice":"Memory 1","damage_taken":0,"max_hp_gain":0,"max_hp_loss":0,"event_name":"SensoryStone","floor":48,"gold_loss":0}],"is_beta":false,"boss_relics":[{"not_picked":["Tiny House","Sozu"],"picked":"Black Star"},{"not_picked":["Velvet Choker","Astrolabe"],"picked":"Inserter"}],"items_purged_floors":[7,20,24,38,44],"is_endless":false,"potions_floor_spawned":[3,4,11,13,18,28,31,35,47],"ascension_level":1}