{"gold_per_floor":[113,131,131,33,53,53,53,53,53,68,82,93,22,36,36,140,140,140,140,9,9,9,9],"floor_reached":23,"playtime":739,"items_purged":["Strike_B"],"score":250,"play_id":"38d51b38-64b1-483d-82bc-d9cd0258da2f","local_time":"20190523133330","is_ascension_mode":true,"campfire_choices":[{"data":"Zap","floor":6,"key":"SMITH"},{"data":"Defragment","floor":8,"key":"SMITH"},{"data":"Zap","floor":15,"key":"SMITH"}],"neow_cost":"TEN_PERCENT_HP_LOSS","seed_source_timestamp":144436528938736,"circlet_count":0,"master_deck":["Strike_B","Strike_B+1","Strike_B","Defend_B","Defend_B","Defend_B","Defend_B","Zap+1","Dualcast","Thunder Strike+1","Go for the Eyes","Consume","Zap+1","Leap","Defragment+1","Coolheaded","Tempest","Self Repair","Creative AI","Ball Lightning","Sweeping Beam","BootSequence"],"relics":["Cracked Core","Bottled Tornado","Whetstone","Ectoplasm","Potion Belt"],"potions_floor_usage":[16,23,23,23],"damage_taken":[{"damage":3,"enemies":"2 Louse","floor":1,"turns":2},{"damage":1,"enemies":"Cultist","floor":2,"turns":4},{"damage":21,"enemies":"Small Slimes","floor":5,"turns":3},{"damage":8,"enemies":"Blue Slaver","floor":10,"turns":4},{"damage":0,"enemies":"2 Fungi Beasts","floor":11,"turns":3},{"damage":0,"enemies":"Large Slime","floor":12,"turns":5},{"damage":12,"enemies":"3 Louse","floor":14,"turns":4},{"damage":6,"enemies":"Hexaghost","floor":16,"turns":7},{"damage":3,"enemies":"Spheric Guardian","floor":18,"turns":3},{"damage":15,"enemies":"3 Byrds","floor":21,"turns":3},{"damage":24,"enemies":"Centurion and Healer","floor":22,"turns":6},{"damage":46,"enemies":"Slavers","floor":23,"turns":3}],"seed_played":"2686130966265500060","potions_obtained":[{"floor":5,"key":"Poison Potion"},{"floor":10,"key":"Regen Potion"},{"floor":16,"key":"Dexterity Potion"},{"floor":22,"key":"SteroidPotion"}],"is_trial":false,"path_per_floor":["M","M","?","$","M","R","T","R","T","M","M","M","$","M","R","B",null,"M","?","$","M","M","E"],"character_chosen":"DEFECT","items_purchased":["Leap","Self Repair","Ball Lightning","FocusPotion"],"campfire_rested":0,"item_purchase_floors":[4,13,20,20],"current_hp_per_floor":[65,64,64,64,43,43,43,43,43,35,35,35,35,23,23,39,61,65,65,65,57,40,0],"gold":9,"neow_bonus":"THREE_RARE_CARDS","is_prod":false,"is_daily":false,"chose_seed":false,"campfire_upgraded":3,"win_rate":0,"timestamp":1558614810,"path_taken":["M","M","?","$","?","R","?","R","T","M","M","M","$","M","R","BOSS","M","?","$","M","M","E"],"build_version":"2019-01-23","purchased_purges":1,"victory":false,"max_hp_per_floor":[68,68,68,68,68,68,68,68,68,68,68,68,68,68,68,68,68,68,68,68,68,68,68],"card_choices":[{"not_picked":["Reboot","Amplify"],"picked":"Thunder Strike","floor":0},{"not_picked":["Gash","Turbo"],"picked":"Go for the Eyes","floor":1},{"not_picked":["Barrage","Force Field","Melter"],"picked":"SKIP","floor":2},{"not_picked":["Stack","Rebound"],"picked":"Defragment","floor":5},{"not_picked":["Fusion","Beam Cell"],"picked":"Coolheaded","floor":10},{"not_picked":["Steam Power","Conserve Battery","Stack"],"picked":"SKIP","floor":11},{"not_picked":["Doom and Gloom","Go for the Eyes"],"picked":"Tempest","floor":12},{"not_picked":["Consume","Conserve Battery","Beam Cell"],"picked":"SKIP","floor":14},{"not_picked":["Amplify","Multi-Cast"],"picked":"Creative AI","floor":16},{"not_picked":["Redo","Melter","Force Field"],"picked":"SKIP","floor":18},{"not_picked":["Compile Driver","Fusion"],"picked":"Sweeping Beam","floor":21},{"not_picked":["Streamline","Go for the Eyes"],"picked":"BootSequence","floor":22}],"player_experience":1473333,"relics_obtained":[{"floor":7,"key":"Bottled Tornado"},{"floor":9,"key":"Whetstone"}],"event_choices":[{"damage_healed":0,"gold_gain":0,"player_choice":"3 cards matched","damage_taken":0,"max_hp_gain":0,"max_hp_loss":0,"event_name":"Match and Keep!","floor":3,"gold_loss":0,"cards_obtained":["Consume","Zap","Hologram"]},{"cards_removed":["Hologram"],"damage_healed":0,"gold_gain":0,"player_choice":"Gave Card","damage_taken":0,"relics_obtained":["Potion Belt"],"max_hp_gain":0,"max_hp_loss":0,"event_name":"WeMeetAgain","floor":19,"gold_loss":0}],"is_beta":false,"boss_relics":[{"not_picked":["Black Star","White Beast Statue"],"picked":"Ectoplasm"}],"items_purged_floors":[4],"is_endless":false,"potions_floor_spawned":[5,10,16,22],"killed_by":"Slavers","ascension_level":7}