{"gold_per_floor":[118,118,80,102,125,137,179,226,238,270,282,307,319,350,362,374],"floor_reached":16,"playtime":934,"items_purged":[],"score":128,"play_id":"2bc47e75-5785-4236-93fd-33d856bfba0e","local_time":"20191009170203","is_ascension_mode":true,"campfire_choices":[{"data":"Neutralize","floor":6,"key":"SMITH"},{"floor":11,"key":"REST"},{"data":"Bane","floor":13,"key":"SMITH"},{"data":"Dagger Throw","floor":15,"key":"SMITH"}],"neow_cost":"NONE","seed_source_timestamp":399197719508600,"circlet_count":0,"master_deck":["Strike_G","Strike_G","Strike_G","Strike_G","Strike_G","Defend_G","Defend_G+1","Defend_G","Defend_G+1","Survivor","Neutralize+1","Crippling Poison","Footwork","Bane+1","Malaise","Dagger Throw+1","Leg Sweep","Acrobatics"],"relics":["Ring of the Snake","Oddly Smooth Stone","MawBank","Tiny Chest","War Paint","The Courier"],"potions_floor_usage":[16,16,16],"damage_taken":[{"damage":0,"enemies":"2 Louse","floor":1,"turns":4},{"damage":0,"enemies":"Cultist","floor":4,"turns":4},{"damage":1,"enemies":"Small Slimes","floor":5,"turns":4},{"damage":30,"enemies":"Gremlin Nob","floor":8,"turns":5},{"damage":6,"enemies":"Red Slaver","floor":10,"turns":5},{"damage":9,"enemies":"Exordium Wildlife","floor":12,"turns":5},{"damage":9,"enemies":"Large Slime","floor":14,"turns":8},{"damage":34,"enemies":"Slime Boss","floor":16,"turns":9}],"seed_played":"8578199260033762019","potions_obtained":[{"floor":1,"key":"PowerPotion"},{"floor":8,"key":"Weak Potion"},{"floor":10,"key":"GamblersBrew"},{"floor":12,"key":"GhostInAJar"}],"is_trial":false,"path_per_floor":["M","?","?","M","M","R","?","E","T","M","R","M","R","M","R","B"],"character_chosen":"THE_SILENT","items_purchased":[],"campfire_rested":1,"item_purchase_floors":[],"current_hp_per_floor":[70,67,67,67,66,66,66,36,36,30,51,42,42,33,33,0],"gold":374,"neow_bonus":"RANDOM_COMMON_RELIC","is_prod":false,"is_daily":false,"chose_seed":false,"campfire_upgraded":3,"win_rate":0,"timestamp":1570665723,"path_taken":["M","?","?","M","M","R","?","E","T","?","R","?","R","M","R","BOSS"],"build_version":"2019-07-17","purchased_purges":0,"victory":false,"max_hp_per_floor":[70,70,70,70,70,70,70,70,70,70,70,70,70,70,70,70],"card_choices":[{"not_picked":["Outmaneuver","Prepared"],"picked":"Crippling Poison","floor":1},{"not_picked":["Leg Sweep","Bouncing Flask"],"picked":"Footwork","floor":4},{"not_picked":["Sucker Punch","Masterful Stab"],"picked":"Bane","floor":5},{"not_picked":["Predator","Flechettes"],"picked":"Malaise","floor":8},{"not_picked":["Cloak And Dagger","Masterful Stab"],"picked":"Dagger Throw","floor":10},{"not_picked":["Deflect","Flying Knee"],"picked":"Leg Sweep","floor":12},{"not_picked":["Dodge and Roll","Deflect"],"picked":"Acrobatics","floor":14}],"player_experience":270344,"relics_obtained":[{"floor":8,"key":"War Paint"},{"floor":9,"key":"The Courier"}],"event_choices":[{"damage_healed":0,"gold_gain":0,"player_choice":"Success","damage_taken":3,"relics_obtained":["MawBank"],"max_hp_gain":0,"max_hp_loss":0,"event_name":"Scrap Ooze","floor":2,"gold_loss":0},{"cards_removed":["Defend_G"],"damage_healed":0,"gold_gain":0,"player_choice":"Card Removal","damage_taken":0,"max_hp_gain":0,"max_hp_loss":0,"event_name":"The Cleric","floor":3,"gold_loss":50},{"damage_healed":0,"gold_gain":0,"player_choice":"Gave Potion","damage_taken":0,"relics_obtained":["Tiny Chest"],"max_hp_gain":0,"max_hp_loss":0,"event_name":"WeMeetAgain","floor":7,"gold_loss":0}],"is_beta":false,"boss_relics":[],"items_purged_floors":[],"is_endless":false,"potions_floor_spawned":[1,8,10,12],"killed_by":"Slime Boss","ascension_level":5}