{"gold_per_floor":[214,224,241,260,275,275,301,62,132,167,167,185,185,185,185,185],"floor_reached":16,"playtime":1159,"items_purged":[],"score":140,"play_id":"9506040f-f2cd-4e4e-bf23-f19e1835926c","local_time":"20191009155323","is_ascension_mode":true,"campfire_choices":[{"data":"Neutralize","floor":6,"key":"SMITH"},{"floor":11,"key":"REST"},{"data":"Blur","floor":13,"key":"SMITH"},{"floor":15,"key":"REST"}],"neow_cost":"NONE","seed_source_timestamp":394852431734300,"circlet_count":0,"master_deck":["Strike_G","Strike_G","Strike_G","Strike_G","Strike_G","Defend_G","Defend_G","Defend_G","Defend_G","Defend_G","Survivor","Neutralize+1","Dagger Spray","Poisoned Stab","Dagger Spray","Blur+1","Deflect","Bullet Time","Dodge and Roll","Backflip"],"relics":["Ring of the Snake","Snake Skull","Question Card","The Courier","The Specimen","Regal Pillow"],"potions_floor_usage":[5,10,16],"damage_taken":[{"damage":11,"enemies":"Cultist","floor":1,"turns":5},{"damage":4,"enemies":"Small Slimes","floor":2,"turns":3},{"damage":0,"enemies":"2 Louse","floor":3,"turns":3},{"damage":1,"enemies":"Large Slime","floor":4,"turns":5},{"damage":0,"enemies":"3 Louse","floor":5,"turns":1},{"damage":10,"enemies":"3 Sentries","floor":7,"turns":7},{"damage":16,"enemies":"Gremlin Nob","floor":10,"turns":5},{"damage":0,"enemies":"Looter","floor":12,"turns":3},{"damage":73,"enemies":"Hexaghost","floor":16,"turns":19}],"seed_played":"3319971740750564733","potions_obtained":[{"floor":2,"key":"EssenceOfSteel"},{"floor":4,"key":"SteroidPotion"},{"floor":12,"key":"GhostInAJar"}],"is_trial":false,"path_per_floor":["M","M","M","M","M","R","E","$","T","E","R","M","R","?","R","B"],"character_chosen":"THE_SILENT","items_purchased":["Question Card"],"campfire_rested":2,"item_purchase_floors":[8],"current_hp_per_floor":[59,55,55,54,54,54,44,44,44,28,49,49,49,37,70,0],"gold":185,"neow_bonus":"HUNDRED_GOLD","is_prod":false,"is_daily":false,"chose_seed":false,"campfire_upgraded":2,"win_rate":0,"timestamp":1570661603,"path_taken":["M","M","M","M","?","R","E","$","T","E","R","M","R","?","R","BOSS"],"build_version":"2019-07-17","purchased_purges":0,"victory":false,"max_hp_per_floor":[70,70,70,70,70,70,70,70,70,70,70,70,70,70,70,70],"card_choices":[{"not_picked":["Flying Knee","Quick Slash"],"picked":"Dagger Spray","floor":1},{"not_picked":["Deflect","Deadly Poison"],"picked":"Poisoned Stab","floor":2},{"not_picked":["Blade Dance","Quick Slash"],"picked":"Dagger Spray","floor":3},{"not_picked":["All Out Attack","Prepared"],"picked":"Blur","floor":4},{"not_picked":["Sucker Punch","Poisoned Stab"],"picked":"Deflect","floor":5},{"not_picked":["Setup","Escape Plan"],"picked":"Bullet Time","floor":7},{"not_picked":["Tactician","Sucker Punch","Deflect"],"picked":"Dodge and Roll","floor":10},{"not_picked":["Deflect","Bane","Expertise"],"picked":"Backflip","floor":12}],"player_experience":266021,"relics_obtained":[{"floor":7,"key":"Snake Skull"},{"floor":9,"key":"The Courier"},{"floor":10,"key":"The Specimen"}],"event_choices":[{"damage_healed":0,"gold_gain":0,"player_choice":"Success","damage_taken":12,"relics_obtained":["Regal Pillow"],"max_hp_gain":0,"max_hp_loss":0,"event_name":"Scrap Ooze","floor":14,"gold_loss":0}],"is_beta":false,"boss_relics":[],"items_purged_floors":[],"is_endless":false,"potions_floor_spawned":[2,4,12],"killed_by":"Hexaghost","ascension_level":5}