{"gold_per_floor":[117,127,202,220,220,220,255,255,255,311,311,339,439,450,450,450],"floor_reached":16,"playtime":1078,"items_purged":[],"score":171,"play_id":"789a6c37-0905-48f7-8eab-9fef9bc2a8c5","local_time":"20191018204921","is_ascension_mode":true,"campfire_choices":[{"data":"Phantasmal Killer","floor":6,"key":"SMITH"},{"floor":8,"key":"REST"},{"floor":11,"key":"REST"},{"data":"Backflip","floor":15,"key":"SMITH"}],"neow_cost":"NONE","seed_source_timestamp":97223492784100,"circlet_count":0,"master_deck":["Strike_G","Strike_G+1","Strike_G","Strike_G","Defend_G","Defend_G","Defend_G","Defend_G","Defend_G","Survivor","Neutralize+1","Dagger Throw","Sucker Punch","Phantasmal Killer+1","Well Laid Plans","Adrenaline","Backflip+1"],"relics":["Ring of the Snake","Blue Candle","Question Card","Tiny Chest","Boot"],"potions_floor_usage":[10],"damage_taken":[{"damage":0,"enemies":"Small Slimes","floor":1,"turns":6},{"damage":0,"enemies":"2 Louse","floor":2,"turns":5},{"damage":0,"enemies":"Cultist","floor":4,"turns":4},{"damage":22,"enemies":"3 Sentries","floor":7,"turns":10},{"damage":12,"enemies":"Lagavulin","floor":10,"turns":7},{"damage":15,"enemies":"3 Sentries","floor":12,"turns":10},{"damage":0,"enemies":"Large Slime","floor":14,"turns":6},{"damage":41,"enemies":"Hexaghost","floor":16,"turns":13}],"seed_played":"-4336702625642000758","potions_obtained":[{"floor":2,"key":"SkillPotion"},{"floor":10,"key":"SpeedPotion"},{"floor":14,"key":"FairyPotion"}],"is_trial":false,"path_per_floor":["M","M","?","M","?","R","E","R","T","E","R","E","?","M","R","B"],"character_chosen":"THE_SILENT","items_purchased":[],"campfire_rested":2,"item_purchase_floors":[],"current_hp_per_floor":[63,63,52,52,38,38,16,37,37,25,46,31,31,31,31,0],"gold":450,"neow_bonus":"REMOVE_CARD","is_prod":false,"is_daily":false,"chose_seed":false,"campfire_upgraded":2,"win_rate":0,"timestamp":1571456961,"path_taken":["M","M","?","M","?","R","E","R","T","E","R","E","?","M","R","BOSS"],"build_version":"2019-07-17","purchased_purges":0,"victory":false,"max_hp_per_floor":[70,70,70,70,70,70,70,70,70,70,70,70,70,70,70,70],"card_choices":[{"not_picked":["Backflip","Quick Slash"],"picked":"Dagger Throw","floor":1},{"not_picked":["Slice","Deflect"],"picked":"Sucker Punch","floor":2},{"not_picked":["Dagger Spray","Underhanded Strike"],"picked":"Phantasmal Killer","floor":4},{"not_picked":["Deflect","Prepared","Underhanded Strike"],"picked":"SKIP","floor":7},{"not_picked":["Calculated Gamble","Underhanded Strike","Quick Slash"],"picked":"Well Laid Plans","floor":10},{"not_picked":["Underhanded Strike","Dagger Spray","Blade Dance"],"picked":"Adrenaline","floor":12},{"not_picked":["Prepared","Bane","Concentrate"],"picked":"Backflip","floor":14}],"player_experience":378897,"relics_obtained":[{"floor":7,"key":"Blue Candle"},{"floor":9,"key":"Question Card"},{"floor":10,"key":"Tiny Chest"},{"floor":12,"key":"Boot"}],"event_choices":[{"damage_healed":0,"gold_gain":75,"player_choice":"Gather Gold","damage_taken":11,"max_hp_gain":0,"max_hp_loss":0,"event_name":"World of Goop","floor":3,"gold_loss":0},{"damage_healed":0,"gold_gain":0,"player_choice":"Entered Light","damage_taken":14,"max_hp_gain":0,"max_hp_loss":0,"event_name":"Shining Light","floor":5,"gold_loss":0,"cards_upgraded":["Strike_G","Neutralize"]},{"damage_healed":0,"gold_gain":100,"player_choice":"Pray","damage_taken":0,"max_hp_gain":0,"max_hp_loss":0,"event_name":"Golden Shrine","floor":13,"gold_loss":0}],"is_beta":false,"boss_relics":[],"items_purged_floors":[],"is_endless":false,"potions_floor_spawned":[2,10,14],"killed_by":"Hexaghost","ascension_level":9}