{"gold_per_floor":[119,135,147,147,44,70,70,95,95,95,110,130,130,140,140,236,236,252,267,267,280,280,280,0,35,35,64,64,83,93,107,107,206,206,216,1215,1215,614,633,633,664,664,664,676,15,26,26,55,55,55,55,55,9,44,44],"floor_reached":56,"playtime":6194,"items_purged":["Normality","Normality"],"score":1760,"play_id":"7ed9a6f4-dacd-4f6f-aa8e-c4a456473c8b","local_time":"20191020175957","is_ascension_mode":true,"campfire_choices":[{"data":"Zap","floor":7.0,"key":"SMITH"},{"data":"Loop","floor":10.0,"key":"SMITH"},{"data":"Biased Cognition","floor":13.0,"key":"SMITH"},{"data":"Compile Driver","floor":15.0,"key":"SMITH"},{"data":"Self Repair","floor":23.0,"key":"SMITH"},{"data":"Machine Learning","floor":28.0,"key":"SMITH"},{"data":"Genetic Algorithm","floor":32.0,"key":"SMITH"},{"data":"Seek","floor":40.0,"key":"SMITH"},{"floor":42.0,"key":"RECALL"},{"data":"Buffer","floor":49.0,"key":"SMITH"},{"data":"Barrage","floor":52.0,"key":"SMITH"}],"neow_cost":"NONE","seed_source_timestamp":0,"circlet_count":0,"master_deck":["Defend_B","Defend_B","Defend_B+1","Defend_B","Zap+1","Dualcast","Sweeping Beam","Leap","Coolheaded+1","Loop+1","Self Repair+1","Compile Driver+1","Biased Cognition+1","Core Surge","Amplify+1","Heatsinks+1","Beam Cell+1","Turbo","Blizzard+1","Genetic Algorithm+1","Shame","Loop","Machine Learning+1","Buffer+1","Ball Lightning+1","Chill","Seek+1","Capacitor","Go for the Eyes+1","Compile Driver","Coolheaded","Seek+1","Creative AI","Barrage+1","Turbo","Coolheaded+1"],"special_seed":0,"relics":["Cracked Core","Turnip","Ginger","Mango","Astrolabe","War Paint","Mummified Hand","Regal Pillow","Bottled Tornado","Dodecahedron","Sozu","Runic Capacitor","Matryoshka","Blue Candle","Potion Belt","Bronze Scales","Art of War","DollysMirror","Centennial Puzzle","DataDisk"],"potions_floor_usage":[55,55],"damage_taken":[{"damage":4.0,"enemies":"2 Louse","floor":1.0,"turns":2.0},{"damage":4.0,"enemies":"Small Slimes","floor":2.0,"turns":3.0},{"damage":0.0,"enemies":"Cultist","floor":3.0,"turns":3.0},{"damage":7.0,"enemies":"Lagavulin","floor":6.0,"turns":7.0},{"damage":21.0,"enemies":"3 Sentries","floor":8.0,"turns":8.0},{"damage":13.0,"enemies":"Large Slime","floor":11.0,"turns":5.0},{"damage":9.0,"enemies":"Red Slaver","floor":12.0,"turns":4.0},{"damage":7.0,"enemies":"Lots of Slimes","floor":14.0,"turns":4.0},{"damage":13.0,"enemies":"The Guardian","floor":16.0,"turns":16.0},{"damage":3.0,"enemies":"Chosen","floor":18.0,"turns":5.0},{"damage":24.0,"enemies":"Shell Parasite","floor":19.0,"turns":7.0},{"damage":17.0,"enemies":"Chosen and Byrds","floor":21.0,"turns":6.0},{"damage":39.0,"enemies":"Slavers","floor":25.0,"turns":4.0},{"damage":0.0,"enemies":"Gremlin Leader","floor":27.0,"turns":5.0},{"damage":2.0,"enemies":"Cultist and Chosen","floor":29.0,"turns":4.0},{"damage":5.0,"enemies":"Snake Plant","floor":30.0,"turns":3.0},{"damage":0.0,"enemies":"Sentry and Sphere","floor":31.0,"turns":4.0},{"damage":50.0,"enemies":"Champ","floor":33.0,"turns":11.0},{"damage":0.0,"enemies":"3 Darklings","floor":35.0,"turns":4.0},{"damage":1.0,"enemies":"3 Shapes","floor":39.0,"turns":6.0},{"damage":12.0,"enemies":"Giant Head","floor":41.0,"turns":8.0},{"damage":26.0,"enemies":"3 Darklings","floor":44.0,"turns":4.0},{"damage":0.0,"enemies":"Writhing Mass","floor":46.0,"turns":3.0},{"damage":6.0,"enemies":"Reptomancer","floor":48.0,"turns":5.0},{"damage":30.0,"enemies":"Awakened One","floor":50.0,"turns":10.0},{"damage":0.0,"enemies":"Shield and Spear","floor":54.0,"turns":6.0},{"damage":18,"enemies":"The Heart","floor":55,"turns":9}],"seed_played":"-1778803504910866392","potions_obtained":[{"floor":0.0,"key":"Regen Potion"},{"floor":0.0,"key":"EssenceOfSteel"},{"floor":0.0,"key":"SmokeBomb"},{"floor":6.0,"key":"Ancient Potion"},{"floor":12.0,"key":"Weak Potion"},{"floor":14.0,"key":"Dexterity Potion"},{"floor":18.0,"key":"GamblersBrew"},{"floor":19.0,"key":"Dexterity Potion"},{"floor":27.0,"key":"Weak Potion"},{"floor":33.0,"key":"SpeedPotion"}],"is_trial":false,"path_per_floor":["M","M","M","?","$","E","R","E","T","R","M","M","R","M","R","B",null,"M","M","?","M","?","R","$","E","T","E","R","M","M","M","R","B",null,"M","?","?","$","M","R","E","R","T","M","$","M","?","E","R","B",null,"R","$","E","B",null],"character_chosen":"DEFECT","items_purchased":["Coolheaded","FocusPotion","Mummified Hand","Loop","Capacitor","Runic Capacitor","Matryoshka","Bronze Scales","Art of War","DollysMirror","Creative AI","Turbo"],"campfire_rested":0,"item_purchase_floors":[5,5,24,24,38,38,38,45,45,45,45,53],"current_hp_per_floor":[64,60,60,53,53,61,61,40,54,54,48,39,39,39,39,33,75,79,62,62,52,52,52,52,23,23,43,43,51,46,66,66,26,73,83,83,83,83,89,89,87,87,87,61,61,81,81,85,85,65,80,80,80,85,77],"gold":44,"neow_bonus":"THREE_SMALL_POTIONS","is_prod":false,"is_daily":false,"chose_seed":false,"campfire_upgraded":10,"win_rate":0,"timestamp":1571619597,"path_taken":["M","M","M","?","$","E","R","E","T","R","M","M","R","M","R","BOSS","M","M","?","M","?","R","$","E","T","E","R","M","M","M","R","BOSS","M","?","?","$","M","R","E","R","T","M","$","M","?","E","R","BOSS","R","$","E","BOSS"],"build_version":"2019-07-17","purchased_purges":2,"victory":true,"max_hp_per_floor":[75,75,75,75,75,75,75,75,89,89,89,89,89,89,89,89,89,89,89,89,89,89,89,89,89,89,89,89,89,89,89,89,89,89,89,89,89,89,89,89,89,89,89,89,89,89,85,85,85,85,85,85,85,85,85],"card_choices":[{"not_picked":["Stack","Rebound","Turbo"],"picked":"SKIP","floor":1.0},{"not_picked":["Redo","Streamline"],"picked":"Sweeping Beam","floor":2.0},{"not_picked":["Streamline","Tempest"],"picked":"Leap","floor":3.0},{"not_picked":["Gash","Barrage"],"picked":"Loop","floor":6.0},{"not_picked":["Hello World","Steam"],"picked":"Self Repair","floor":8.0},{"not_picked":["Steam","Barrage"],"picked":"Compile Driver","floor":11.0},{"not_picked":["Streamline","Leap"],"picked":"Biased Cognition","floor":12.0},{"not_picked":["Stack","Turbo","Recycle"],"picked":"SKIP","floor":14.0},{"not_picked":["Seek","Electrodynamics"],"picked":"Core Surge","floor":16.0},{"not_picked":["Go for the Eyes","Lockon"],"picked":"Turbo","floor":18.0},{"not_picked":["Skim","Sweeping Beam"],"picked":"Blizzard+1","floor":19.0},{"not_picked":["Steam","Gash"],"picked":"Genetic Algorithm","floor":21.0},{"not_picked":["Conserve Battery","Tempest"],"picked":"Machine Learning","floor":25.0},{"not_picked":["Go for the Eyes","Ball Lightning"],"picked":"Buffer","floor":27.0},{"not_picked":["Skim","Stack"],"picked":"Ball Lightning+1","floor":29.0},{"not_picked":["Gash","Fusion","Redo"],"picked":"SKIP","floor":30.0},{"not_picked":["Go for the Eyes","FTL"],"picked":"Chill","floor":31.0},{"not_picked":["Machine Learning","Biased Cognition"],"picked":"Seek","floor":33.0},{"not_picked":["Hello World+1","Steam+1","Self Repair"],"picked":"SKIP","floor":35.0},{"not_picked":["Ball Lightning+1","Leap+1"],"picked":"Go for the Eyes+1","floor":39.0},{"not_picked":["Go for the Eyes+1","Leap"],"picked":"Compile Driver","floor":41.0},{"not_picked":["Steam+1","Recycle+1"],"picked":"Coolheaded","floor":44.0},{"not_picked":["Leap","Streamline"],"picked":"Barrage","floor":46.0},{"not_picked":["Machine Learning","Darkness","Streamline"],"picked":"SKIP","floor":48.0},{"not_picked":["Streamline+1","Ball Lightning+1"],"picked":"Coolheaded+1","floor":54.0}],"player_experience":400207,"relics_obtained":[{"floor":6.0,"key":"Turnip"},{"floor":8.0,"key":"Ginger"},{"floor":9.0,"key":"Mango"},{"floor":25.0,"key":"Regal Pillow"},{"floor":26.0,"key":"Bottled Tornado"},{"floor":27.0,"key":"Dodecahedron"},{"floor":41.0,"key":"Blue Candle"},{"floor":43.0,"key":"Potion Belt"},{"floor":48.0,"key":"Centennial Puzzle"},{"floor":54.0,"key":"DataDisk"}],"event_choices":[{"cards_removed":["Strike_B"],"damage_healed":0.0,"max_hp_gain":0.0,"max_hp_loss":0.0,"gold_gain":0.0,"event_name":"Golden Wing","player_choice":"Card Removal","floor":4.0,"gold_loss":0.0,"damage_taken":7.0},{"damage_healed":0.0,"max_hp_gain":0.0,"max_hp_loss":0.0,"gold_gain":0.0,"event_name":"Vampires","player_choice":"Ignored","floor":20.0,"gold_loss":0.0,"damage_taken":0.0},{"damage_healed":0.0,"max_hp_gain":0.0,"max_hp_loss":0.0,"gold_gain":0.0,"event_name":"Addict","player_choice":"Stole Relic","floor":22.0,"gold_loss":0.0,"damage_taken":0.0,"relics_obtained":["War Paint"],"cards_obtained":["Shame"]},{"damage_healed":0.0,"max_hp_gain":0.0,"max_hp_loss":0.0,"gold_gain":999.0,"event_name":"MindBloom","player_choice":"Gold","floor":36.0,"gold_loss":0.0,"damage_taken":0.0,"cards_obtained":["Normality","Normality"]},{"damage_healed":0.0,"max_hp_gain":0.0,"max_hp_loss":0.0,"gold_gain":0.0,"event_name":"Tomb of Lord Red Mask","player_choice":"Ignored","floor":37.0,"gold_loss":0.0,"damage_taken":0.0},{"damage_healed":0.0,"max_hp_gain":0.0,"max_hp_loss":4.0,"gold_gain":0.0,"event_name":"Winding Halls","player_choice":"Max HP","floor":47.0,"gold_loss":0.0,"damage_taken":0.0}],"is_beta":false,"boss_relics":[{"not_picked":["FrozenCore","Snecko Eye"],"picked":"Astrolabe"},{"not_picked":["Orrery","Philosopher\u0027s Stone"],"picked":"Sozu"}],"items_purged_floors":[38,45],"is_endless":false,"potions_floor_spawned":[6,12,14,18,19,27,33,41,48],"ascension_level":9}