{"gold_per_floor":[117,117,133,34,34,34,66,66,89,103,119,146,163,193,193,298,298,312,326,326,11,24,24,57,57,57,70,70,20,54,72,72,172,172,191,152,152,167,167,167,183,218,218,218,232,249,259,289,289,289,289,289,9,40,40],"floor_reached":56,"playtime":2700,"items_purged":["Decay","Strike_R"],"score":1741,"play_id":"54aeccdc-a4a6-4b20-8275-37f1e7f414d2","local_time":"20190829195120","is_ascension_mode":true,"campfire_choices":[{"data":"Armaments","floor":6,"key":"SMITH"},{"floor":8,"key":"REST"},{"floor":15,"key":"REST"},{"floor":23,"key":"REST"},{"data":"Demon Form","floor":25,"key":"SMITH"},{"floor":28,"key":"REST"},{"data":"Whirlwind","floor":32,"key":"SMITH"},{"floor":40,"key":"RECALL"},{"floor":44,"key":"REST"},{"floor":49,"key":"REST"},{"floor":52,"key":"REST"}],"neow_cost":"NONE","seed_source_timestamp":1246722619031300,"circlet_count":0,"master_deck":["Bash","Sword Boomerang","Combust","Armaments+1","Havoc","Headbutt","Pommel Strike","Shockwave","Dropkick","Demon Form+1","Pommel Strike+1","Necronomicurse","Feed","True Grit+1","Shrug It Off+1","Shame","Whirlwind+1","Shrug It Off+1","Barricade","Dual Wield","Anger","Metallicize","Pommel Strike","Burning Pact","Ghostly Armor","Feel No Pain","Corruption","Entrench","Clothesline+1","Regret","Burning Pact+1","True Grit+1","Shrug It Off+1","Flame Barrier+1","Metallicize","Rage"],"relics":["Burning Blood","Sundial","Potion Belt","Mango","Darkstone Periapt","Cursed Key","Necronomicon","Bag of Preparation","Incense Burner","Bag of Marbles","Pandora\u0027s Box","Singing Bowl","PreservedInsect","Orichalcum","War Paint"],"potions_floor_usage":[12,16,22,24,30,33,41,42,42,46,55,55,55,55,55],"damage_taken":[{"damage":2,"enemies":"Small Slimes","floor":1,"turns":4},{"damage":3,"enemies":"Cultist","floor":3,"turns":3},{"damage":40,"enemies":"Gremlin Nob","floor":7,"turns":5},{"damage":0,"enemies":"2 Louse","floor":10,"turns":2},{"damage":29,"enemies":"Exordium Wildlife","floor":11,"turns":5},{"damage":15,"enemies":"Lagavulin","floor":12,"turns":6},{"damage":12,"enemies":"Looter","floor":13,"turns":3},{"damage":21,"enemies":"3 Sentries","floor":14,"turns":7},{"damage":48,"enemies":"Slime Boss","floor":16,"turns":9},{"damage":17,"enemies":"Shell Parasite","floor":18,"turns":5},{"damage":19,"enemies":"Spheric Guardian","floor":19,"turns":4},{"damage":28,"enemies":"Shelled Parasite and Fungi","floor":22,"turns":4},{"damage":19,"enemies":"Gremlin Leader","floor":24,"turns":6},{"damage":15,"enemies":"Snake Plant","floor":27,"turns":4},{"damage":6,"enemies":"Book of Stabbing","floor":30,"turns":4},{"damage":5,"enemies":"Cultist and Chosen","floor":31,"turns":3},{"damage":35,"enemies":"Collector","floor":33,"turns":6},{"damage":1,"enemies":"3 Shapes","floor":35,"turns":6},{"damage":0,"enemies":"3 Darklings","floor":38,"turns":1},{"damage":33,"enemies":"Spire Growth","floor":41,"turns":6},{"damage":62,"enemies":"Reptomancer","floor":42,"turns":7},{"damage":0,"enemies":"Jaw Worm Horde","floor":45,"turns":1},{"damage":33,"enemies":"Sphere and 2 Shapes","floor":46,"turns":7},{"damage":0,"enemies":"3 Darklings","floor":47,"turns":4},{"damage":41,"enemies":"Giant Head","floor":48,"turns":7},{"damage":65,"enemies":"Awakened One","floor":50,"turns":17},{"damage":50,"enemies":"Shield and Spear","floor":54,"turns":7},{"damage":139,"enemies":"The Heart","floor":55,"turns":9}],"seed_played":"4273969395338700421","potions_obtained":[{"floor":11,"key":"SkillPotion"},{"floor":12,"key":"Poison Potion"},{"floor":14,"key":"Ancient Potion"},{"floor":18,"key":"LiquidBronze"},{"floor":19,"key":"Dexterity Potion"},{"floor":22,"key":"Ancient Potion"},{"floor":24,"key":"Fire Potion"},{"floor":31,"key":"BloodPotion"},{"floor":37,"key":"FairyPotion"},{"floor":37,"key":"Block Potion"},{"floor":38,"key":"Block Potion"},{"floor":42,"key":"Ancient Potion"},{"floor":46,"key":"LiquidBronze"},{"floor":47,"key":"SteroidPotion"}],"is_trial":false,"path_per_floor":["M","?","M","$","?","R","E","R","T","M","M","E","M","E","R","B",null,"M","M","?","$","M","R","E","R","T","M","R","?","E","M","R","B",null,"M","$","?","M","$","R","M","E","T","R","M","M","M","E","R","B",null,"R","$","E","B",null],"character_chosen":"IRONCLAD","items_purchased":["Armaments","Feed","Fire Potion","Entrench","SteroidPotion","Orichalcum","Metallicize"],"campfire_rested":7,"item_purchase_floors":[4,21,21,36,53,53,53],"current_hp_per_floor":[84,84,87,87,69,69,35,61,61,67,44,49,43,28,58,16,81,70,57,47,47,25,57,47,47,53,48,84,84,88,89,89,60,109,114,114,114,120,120,120,96,45,51,92,98,77,83,48,91,36,121,149,149,105,9],"gold":40,"neow_bonus":"TEN_PERCENT_HP_BONUS","is_prod":false,"is_daily":false,"chose_seed":false,"campfire_upgraded":3,"win_rate":0,"timestamp":1567104680,"path_taken":["M","?","M","?","?","R","E","R","T","M","M","E","M","E","R","BOSS","M","M","?","$","M","R","E","R","T","M","R","?","E","M","R","BOSS","M","?","?","?","$","R","M","E","T","R","M","M","M","E","R","BOSS","R","$","E","BOSS"],"build_version":"2019-07-17","purchased_purges":2,"victory":true,"max_hp_per_floor":[88,88,88,88,88,88,88,88,88,88,88,102,102,102,102,102,102,102,102,108,108,108,108,111,111,117,121,121,121,125,125,125,125,125,125,125,125,125,125,125,128,133,139,139,139,145,145,145,145,149,149,149,149,149,149],"card_choices":[{"not_picked":["Warcry","Sever Soul"],"picked":"Sword Boomerang","floor":1},{"not_picked":["Metallicize","Perfected Strike"],"picked":"Combust","floor":3},{"not_picked":["Wild Strike","Sword Boomerang"],"picked":"Havoc","floor":7},{"not_picked":["True Grit","Thunderclap"],"picked":"Headbutt","floor":10},{"not_picked":["Flex","Clash"],"picked":"Pommel Strike","floor":11},{"not_picked":["Impervious","Dropkick"],"picked":"Shockwave","floor":12},{"not_picked":["Body Slam","Cleave","Clash"],"picked":"SKIP","floor":13},{"not_picked":["Second Wind","Twin Strike"],"picked":"Dropkick","floor":14},{"not_picked":["Juggernaut","Dark Embrace"],"picked":"Demon Form","floor":16},{"not_picked":["Power Through","Iron Wave","Blood for Blood"],"picked":"SKIP","floor":18},{"not_picked":["Headbutt+1","Combust+1"],"picked":"Pommel Strike+1","floor":19},{"not_picked":["Twin Strike","Uppercut"],"picked":"True Grit+1","floor":22},{"not_picked":["Anger","Entrench"],"picked":"Shrug It Off","floor":24},{"not_picked":["Perfected Strike","Infernal Blade","Sword Boomerang"],"picked":"SKIP","floor":27},{"not_picked":["Seeing Red+1","Shockwave+1"],"picked":"Whirlwind","floor":30},{"not_picked":["Clash+1","True Grit"],"picked":"Shrug It Off","floor":31},{"not_picked":["Spot Weakness","Sword Boomerang+1"],"picked":"Corruption","floor":35},{"not_picked":["Blood for Blood+1","Havoc+1","Clothesline+1"],"picked":"SKIP","floor":38},{"not_picked":["Blood for Blood+1","Havoc+1"],"picked":"Clothesline+1","floor":38},{"not_picked":["Wild Strike","Rage","Clothesline+1"],"picked":"SKIP","floor":41},{"not_picked":["Barricade","Clash+1","Clothesline"],"picked":"Singing Bowl","floor":42},{"not_picked":["Shockwave","Combust+1"],"picked":"Burning Pact+1","floor":45},{"not_picked":["Iron Wave+1","Sentinel"],"picked":"True Grit+1","floor":46},{"not_picked":["Heavy Blade","Burning Pact"],"picked":"Shrug It Off+1","floor":47},{"not_picked":["Entrench+1","Blood for Blood"],"picked":"Flame Barrier+1","floor":48},{"not_picked":["Heavy Blade","Dual Wield"],"picked":"Rage","floor":54}],"player_experience":1883499,"relics_obtained":[{"floor":7,"key":"Sundial"},{"floor":9,"key":"Potion Belt"},{"floor":12,"key":"Mango"},{"floor":14,"key":"Darkstone Periapt"},{"floor":20,"key":"Necronomicon"},{"floor":24,"key":"Bag of Preparation"},{"floor":26,"key":"Incense Burner"},{"floor":30,"key":"Bag of Marbles"},{"floor":42,"key":"Singing Bowl"},{"floor":48,"key":"PreservedInsect"},{"floor":54,"key":"War Paint"}],"event_choices":[{"damage_healed":0,"gold_gain":0,"player_choice":"Cursed","damage_taken":0,"max_hp_gain":0,"max_hp_loss":0,"event_name":"Wheel of Change","floor":2,"gold_loss":0,"cards_obtained":["Decay"]},{"damage_healed":0,"gold_gain":0,"player_choice":"Entered Light","damage_taken":18,"max_hp_gain":0,"max_hp_loss":0,"event_name":"Shining Light","floor":5,"gold_loss":0,"cards_upgraded":["Strike_R","Defend_R"]},{"damage_healed":0,"gold_gain":0,"player_choice":"Obtained Book","damage_taken":16,"max_hp_gain":0,"max_hp_loss":0,"event_name":"Cursed Tome","floor":20,"gold_loss":0},{"damage_healed":0,"gold_gain":0,"player_choice":"Bet on Murderer","damage_taken":0,"max_hp_gain":0,"max_hp_loss":0,"event_name":"The Joust","floor":29,"gold_loss":50},{"damage_healed":0,"gold_gain":0,"player_choice":"Got Potions","damage_taken":0,"max_hp_gain":0,"max_hp_loss":0,"event_name":"Lab","floor":37,"gold_loss":0}],"is_beta":false,"boss_relics":[{"not_picked":["Orrery","Runic Cube"],"picked":"Cursed Key"},{"not_picked":["Sozu","Mark of Pain"],"picked":"Pandora\u0027s Box"}],"items_purged_floors":[4,21],"is_endless":false,"potions_floor_spawned":[11,12,14,18,19,22,24,31,38,42,46,47],"ascension_level":9}