{"gold_per_floor":[368,368,643,76,94,123,133,133,207,227,227,50,65,92,92,187,187,203,203,128,143,157,190,190,67,67,67,92,112,124,224,224,319,319,333,346,51,51,51,51,66,91,91,116,131,231,231,265,265,265,265,265,64,99,99],"floor_reached":56,"playtime":5146,"items_purged":["Regret","Strike_G","Strike_G"],"score":1875,"play_id":"762e92c0-316f-4ecd-b454-c1c23f864f32","local_time":"20191022211824","is_ascension_mode":true,"campfire_choices":[{"data":"Skewer","floor":8.0,"key":"SMITH"},{"floor":11.0,"key":"REST"},{"data":"Infinite Blades","floor":15.0,"key":"SMITH"},{"data":"Well Laid Plans","floor":24.0,"key":"SMITH"},{"floor":27.0,"key":"REST"},{"floor":32.0,"key":"REST"},{"floor":40.0,"key":"REST"},{"data":"1","floor":47.0,"key":"LIFT"},{"floor":49.0,"key":"RECALL"},{"data":"2","floor":52.0,"key":"LIFT"}],"neow_cost":"PERCENT_DAMAGE","seed_source_timestamp":0,"circlet_count":0,"master_deck":["AscendersBane","Strike_G+1","Defend_G","Defend_G","Defend_G","Defend_G","Defend_G","Survivor","Neutralize+1","Sucker Punch","Well Laid Plans+1","All Out Attack","Skewer+1","PiercingWail","Backflip","Infinite Blades+1","Adrenaline","Wraith Form v2","Doppelganger","Cloak And Dagger+1","Dagger Spray+1","Backflip","Dodge and Roll","Noxious Fumes","Blade Dance","Leg Sweep","Riddle With Holes+1","Caltrops","Backflip","Deflect","Night Terror","Dodge and Roll","Blade Dance+1","Apotheosis","Footwork","Tactician","Doppelganger","Acrobatics","Backflip+1","Caltrops","Dodge and Roll+1"],"special_seed":0,"relics":["Ring of the Snake","Art of War","Regal Pillow","Dream Catcher","Kunai","Letter Opener","HoveringKite","WingedGreaves","Shuriken","Potion Belt","Girya","Dodecahedron","Runic Pyramid","Strawberry","Anchor","Turnip","Centennial Puzzle","Whetstone"],"potions_floor_usage":[55,55,55,55],"damage_taken":[{"damage":0.0,"enemies":"2 Louse","floor":1.0,"turns":4.0},{"damage":0.0,"enemies":"Small Slimes","floor":5.0,"turns":4.0},{"damage":14.0,"enemies":"3 Sentries","floor":6.0,"turns":8.0},{"damage":0.0,"enemies":"Cultist","floor":7.0,"turns":4.0},{"damage":12.0,"enemies":"Exordium Thugs","floor":10.0,"turns":5.0},{"damage":0.0,"enemies":"Blue Slaver","floor":13.0,"turns":5.0},{"damage":8.0,"enemies":"Lagavulin","floor":14.0,"turns":7.0},{"damage":12.0,"enemies":"Hexaghost","floor":16.0,"turns":14.0},{"damage":14.0,"enemies":"Shell Parasite","floor":18.0,"turns":8.0},{"damage":3.0,"enemies":"Chosen","floor":21.0,"turns":3.0},{"damage":16.0,"enemies":"3 Cultists","floor":22.0,"turns":6.0},{"damage":7.0,"enemies":"Gremlin Leader","floor":23.0,"turns":8.0},{"damage":27.0,"enemies":"Book of Stabbing","floor":28.0,"turns":6.0},{"damage":0.0,"enemies":"Cultist and Chosen","floor":29.0,"turns":6.0},{"damage":4.0,"enemies":"Chosen and Byrds","floor":30.0,"turns":5.0},{"damage":0.0,"enemies":"Colosseum Slavers","floor":31.0,"turns":5.0},{"damage":0.0,"enemies":"Colosseum Nobs","floor":31.0,"turns":5.0},{"damage":37.0,"enemies":"Automaton","floor":33.0,"turns":10.0},{"damage":10.0,"enemies":"Orb Walker","floor":35.0,"turns":5.0},{"damage":26.0,"enemies":"3 Darklings","floor":36.0,"turns":5.0},{"damage":24.0,"enemies":"4 Shapes","floor":41.0,"turns":6.0},{"damage":0.0,"enemies":"Giant Head","floor":42.0,"turns":7.0},{"damage":0.0,"enemies":"Nemesis","floor":44.0,"turns":7.0},{"damage":1.0,"enemies":"Jaw Worm Horde","floor":45.0,"turns":6.0},{"damage":0.0,"enemies":"Mind Bloom Boss Battle","floor":46.0,"turns":4.0},{"damage":0.0,"enemies":"Giant Head","floor":48.0,"turns":8.0},{"damage":23.0,"enemies":"Time Eater","floor":50.0,"turns":16.0},{"damage":20.0,"enemies":"Shield and Spear","floor":54.0,"turns":6.0},{"damage":37,"enemies":"The Heart","floor":55,"turns":10}],"seed_played":"-8608972351521061219","potions_obtained":[{"floor":6.0,"key":"SpeedPotion"},{"floor":7.0,"key":"Fire Potion"},{"floor":10.0,"key":"Block Potion"},{"floor":14.0,"key":"Poison Potion"},{"floor":16.0,"key":"SteroidPotion"},{"floor":22.0,"key":"FearPotion"},{"floor":29.0,"key":"Block Potion"},{"floor":30.0,"key":"FearPotion"},{"floor":41.0,"key":"GhostInAJar"},{"floor":42.0,"key":"PowerPotion"},{"floor":54.0,"key":"LiquidBronze"}],"is_trial":false,"path_per_floor":["M","?","?","$","M","E","M","R","T","M","R","$","M","E","R","B",null,"M","$","?","M","M","E","R","$","T","R","E","M","M","?","R","B",null,"M","M","$","?","?","R","M","E","T","E","M","?","R","E","R","B",null,"R","$","E","B",null],"character_chosen":"THE_SILENT","items_purchased":["Art of War","Regal Pillow","GhostInAJar","Well Laid Plans","All Out Attack","Adrenaline","Dodge and Roll","Noxious Fumes","Apotheosis","Footwork","Swift Potion","Caltrops"],"campfire_rested":4,"item_purchase_floors":[4,4,4,4,4,12,25,25,37,37,37,53],"current_hp_per_floor":[45,45,45,45,45,31,31,31,31,19,55,55,55,47,47,35,61,47,47,47,44,28,21,21,21,21,57,30,30,26,26,62,25,59,49,23,23,23,23,59,35,42,42,42,41,41,41,41,41,18,62,62,62,42,5],"gold":99,"neow_bonus":"TWO_FIFTY_GOLD","is_prod":false,"is_daily":false,"chose_seed":false,"campfire_upgraded":3,"win_rate":0,"timestamp":1571804304,"path_taken":["M","?","?","$","M","E","?","R","T","M","R","?","M","E","R","BOSS","M","$","?","M","M","E","R","$","T","R","E","M","M","?","R","BOSS","M","M","$","?","?","R","M","E","T","E","?","?","R","E","R","BOSS","R","$","E","BOSS"],"build_version":"2019-07-17","purchased_purges":3,"victory":true,"max_hp_per_floor":[70,70,70,70,70,70,70,70,70,70,70,70,70,70,70,70,70,70,70,70,70,70,70,70,70,70,70,70,70,70,70,70,70,70,70,70,70,70,70,70,70,77,77,77,77,77,77,77,77,77,77,77,77,77,77],"card_choices":[{"not_picked":["Slice","Bane"],"picked":"Sucker Punch","floor":1.0},{"not_picked":["Slice","Quick Slash"],"picked":"Skewer","floor":5.0},{"not_picked":["Underhanded Strike","Distraction"],"picked":"PiercingWail","floor":6.0},{"not_picked":["Bane","Flying Knee","Blade Dance"],"picked":"SKIP","floor":7.0},{"not_picked":["Distraction","Masterful Stab"],"picked":"Backflip","floor":10.0},{"not_picked":["Poisoned Stab","Dodge and Roll"],"picked":"Infinite Blades","floor":11.0},{"not_picked":["Sucker Punch","Outmaneuver","Endless Agony"],"picked":"SKIP","floor":13.0},{"not_picked":["Dash","Cloak And Dagger"],"picked":"Wraith Form v2","floor":14.0},{"not_picked":["Phantasmal Killer","Storm of Steel"],"picked":"Doppelganger","floor":16.0},{"not_picked":["Outmaneuver","Distraction+1","Sucker Punch+1"],"picked":"SKIP","floor":18.0},{"not_picked":["Deadly Poison","Backstab"],"picked":"Cloak And Dagger+1","floor":21.0},{"not_picked":["Prepared","PiercingWail"],"picked":"Dagger Spray+1","floor":22.0},{"not_picked":["Dash+1","Bane+1"],"picked":"Backflip","floor":23.0},{"not_picked":["Dash","Outmaneuver+1"],"picked":"Blade Dance","floor":27.0},{"not_picked":["Blade Dance","Expertise"],"picked":"Leg Sweep","floor":28.0},{"not_picked":["Catalyst+1","Masterful Stab+1"],"picked":"Riddle With Holes","floor":29.0},{"not_picked":["Terror","Concentrate"],"picked":"Caltrops","floor":30.0},{"not_picked":["All Out Attack+1","Deadly Poison"],"picked":"Backflip","floor":31.0},{"not_picked":["Venomology","Bouncing Flask"],"picked":"Deflect","floor":32.0},{"not_picked":["Tools of the Trade","Grand Finale"],"picked":"Night Terror","floor":33.0},{"not_picked":["Quick Slash+1","Poisoned Stab+1"],"picked":"Dodge and Roll","floor":35.0},{"not_picked":["Slice","Expertise+1"],"picked":"Blade Dance+1","floor":36.0},{"not_picked":["Terror+1","Dodge and Roll+1"],"picked":"Tactician","floor":41.0},{"not_picked":["Underhanded Strike+1","Bane","Quick Slash+1"],"picked":"SKIP","floor":42.0},{"not_picked":["Dagger Throw","Flechettes"],"picked":"Doppelganger","floor":44.0},{"not_picked":["Sucker Punch+1","Underhanded Strike+1"],"picked":"Acrobatics","floor":45.0},{"not_picked":["Cloak And Dagger","All Out Attack+1"],"picked":"Backflip+1","floor":46.0},{"not_picked":["Blade Dance+1","Bouncing Flask","Quick Slash"],"picked":"SKIP","floor":48.0},{"not_picked":["Cloak And Dagger","Deadly Poison"],"picked":"Dodge and Roll+1","floor":54.0}],"player_experience":423794,"relics_obtained":[{"floor":6.0,"key":"Dream Catcher"},{"floor":9.0,"key":"Kunai"},{"floor":14.0,"key":"Letter Opener"},{"floor":23.0,"key":"WingedGreaves"},{"floor":26.0,"key":"Shuriken"},{"floor":28.0,"key":"Potion Belt"},{"floor":31.0,"key":"Girya"},{"floor":31.0,"key":"Dodecahedron"},{"floor":42.0,"key":"Strawberry"},{"floor":44.0,"key":"Anchor"},{"floor":46.0,"key":"Turnip"},{"floor":48.0,"key":"Centennial Puzzle"},{"floor":54.0,"key":"Whetstone"}],"event_choices":[{"damage_healed":0.0,"max_hp_gain":0.0,"max_hp_loss":0.0,"gold_gain":0.0,"event_name":"Living Wall","player_choice":"Grow","floor":2.0,"gold_loss":0.0,"damage_taken":0.0,"cards_upgraded":["Neutralize"]},{"damage_healed":0.0,"max_hp_gain":0.0,"max_hp_loss":0.0,"gold_gain":275.0,"event_name":"Golden Shrine","player_choice":"Desecrate","floor":3.0,"gold_loss":0.0,"damage_taken":0.0,"cards_obtained":["Regret"]},{"cards_removed":["Strike_G"],"damage_healed":0.0,"max_hp_gain":0.0,"max_hp_loss":0.0,"gold_gain":0.0,"event_name":"Beggar","player_choice":"Gave Gold","floor":20.0,"gold_loss":75.0,"damage_taken":0.0},{"damage_healed":0.0,"max_hp_gain":0.0,"max_hp_loss":0.0,"gold_gain":0.0,"event_name":"Colosseum","player_choice":"Fight","floor":31.0,"gold_loss":0.0,"damage_taken":0.0},{"damage_healed":0.0,"max_hp_gain":0.0,"max_hp_loss":0.0,"gold_gain":0.0,"event_name":"Colosseum","player_choice":"Fought Nobs","floor":31.0,"gold_loss":0.0,"damage_taken":0.0},{"damage_healed":0.0,"max_hp_gain":0.0,"max_hp_loss":0.0,"gold_gain":0.0,"event_name":"SensoryStone","player_choice":"Memory 1","floor":38.0,"gold_loss":0.0,"damage_taken":0.0},{"cards_removed":["Strike_G"],"damage_healed":0.0,"max_hp_gain":0.0,"max_hp_loss":0.0,"gold_gain":0.0,"event_name":"Bonfire Elementals","player_choice":"Offered Basic","floor":39.0,"gold_loss":0.0,"damage_taken":0.0},{"damage_healed":0.0,"max_hp_gain":0.0,"max_hp_loss":0.0,"gold_gain":0.0,"event_name":"MindBloom","player_choice":"Fight","floor":46.0,"gold_loss":0.0,"damage_taken":0.0}],"is_beta":false,"boss_relics":[{"not_picked":["Empty Cage","Velvet Choker"],"picked":"HoveringKite"},{"not_picked":["Runic Dome","Orrery"],"picked":"Runic Pyramid"}],"items_purged_floors":[4,12,53],"is_endless":false,"potions_floor_spawned":[6,7,10,14,16,21,22,29,30,41,42,45,46,54],"ascension_level":10}