{"gold_per_floor":[111,127,127,127,6,6,6,6,30,30,30,42,53,88,88,189,189,199,199,209,241,256,287,287,302,328,328,358,370,383,3,3,98,98,116,116,163,163,177,177,212,212,236,236,38,38,72,47,47,47],"floor_reached":51,"playtime":2900,"items_purged":["Strike_G","Defend_G"],"score":839,"play_id":"7e318552-7c92-4cc2-86a4-45df838d846e","local_time":"20190630182405","is_ascension_mode":false,"campfire_choices":[{"data":"Bouncing Flask","floor":6,"key":"SMITH"},{"data":"Bane","floor":10,"key":"SMITH"},{"data":"Deadly Poison","floor":15,"key":"SMITH"},{"floor":24,"key":"REST"},{"data":"Blade Dance","floor":32,"key":"SMITH"},{"data":"Burst","floor":40,"key":"SMITH"},{"data":"Night Terror","floor":42,"key":"SMITH"},{"data":"Crippling Poison","floor":44,"key":"SMITH"},{"data":"Neutralize","floor":46,"key":"SMITH"},{"data":"Acrobatics","floor":49,"key":"SMITH"}],"neow_cost":"NONE","seed_source_timestamp":163141984050538,"circlet_count":0,"master_deck":["Defend_G","Defend_G+1","Defend_G","Defend_G+1","Survivor","Neutralize+1","Bouncing Flask+1","Bane+1","Well Laid Plans+1","Deadly Poison+1","PiercingWail","Deflect","Blur","Night Terror+1","Bouncing Flask+1","Backflip+1","Deadly Poison+1","Crippling Poison+1","Acrobatics+1","Blade Dance+1","Blade Dance+1","Deflect+1","Blade Dance+1","Acrobatics+1","Burst+1","Blur","Dodge and Roll","Well Laid Plans+1","Acrobatics"],"relics":["Ring of the Snake","Art of War","Juzu Bracelet","Strawberry","Regal Pillow","Astrolabe","Red Mask","Dodecahedron","Kunai","FossilizedHelix","Sozu","Mango","Pear","PreservedInsect","Pocketwatch"],"potions_floor_usage":[21,23,23,33,37],"damage_taken":[{"damage":0,"enemies":"Small Slimes","floor":1,"turns":5},{"damage":7,"enemies":"Jaw Worm","floor":2,"turns":8},{"damage":0,"enemies":"Cultist","floor":12,"turns":2},{"damage":0,"enemies":"Blue Slaver","floor":13,"turns":3},{"damage":13,"enemies":"3 Sentries","floor":14,"turns":9},{"damage":19,"enemies":"Slime Boss","floor":16,"turns":15},{"damage":12,"enemies":"Chosen","floor":18,"turns":7},{"damage":0,"enemies":"Spheric Guardian","floor":20,"turns":2},{"damage":24,"enemies":"Masked Bandits","floor":21,"turns":5},{"damage":5,"enemies":"Centurion and Healer","floor":22,"turns":7},{"damage":25,"enemies":"Gremlin Leader","floor":23,"turns":6},{"damage":3,"enemies":"Snake Plant","floor":25,"turns":4},{"damage":11,"enemies":"Book of Stabbing","floor":28,"turns":5},{"damage":0,"enemies":"Cultist and Chosen","floor":29,"turns":4},{"damage":4,"enemies":"Centurion and Healer","floor":30,"turns":6},{"damage":29,"enemies":"Collector","floor":33,"turns":8},{"damage":0,"enemies":"3 Darklings","floor":35,"turns":6},{"damage":1,"enemies":"2 Orb Walkers","floor":37,"turns":6},{"damage":0,"enemies":"Orb Walker","floor":39,"turns":3},{"damage":0,"enemies":"Giant Head","floor":41,"turns":7},{"damage":0,"enemies":"Reptomancer","floor":47,"turns":7},{"damage":9,"enemies":"Awakened One","floor":50,"turns":19}],"seed_played":"2029897314596917866","potions_obtained":[{"floor":1,"key":"EssenceOfSteel"},{"floor":12,"key":"Energy Potion"},{"floor":18,"key":"PowerPotion"},{"floor":22,"key":"Regen Potion"},{"floor":23,"key":"AttackPotion"},{"floor":29,"key":"Strength Potion"},{"floor":33,"key":"GamblersBrew"}],"is_trial":false,"path_per_floor":["M","M","?","?","$","R","?","?","T","R","$","M","M","E","R","B",null,"M","?","M","?","M","E","R","M","T","?","E","M","M","$","R","B",null,"M","?","?","?","M","R","E","R","T","R","$","R","E","$","R","B",null],"character_chosen":"THE_SILENT","items_purchased":["Well Laid Plans","Deadly Poison","FossilizedHelix","Blur","Dodge and Roll","Acrobatics"],"campfire_rested":1,"item_purchase_floors":[5,5,31,45,45,48],"current_hp_per_floor":[70,63,49,49,49,49,54,47,54,54,54,54,54,41,41,22,82,70,70,70,46,41,31,70,67,67,67,56,56,52,52,52,23,82,82,82,95,106,106,106,116,116,116,116,116,116,116,116,116,107],"gold":47,"neow_bonus":"RANDOM_COMMON_RELIC","is_prod":false,"is_daily":false,"chose_seed":false,"campfire_upgraded":9,"win_rate":0,"timestamp":1561915445,"path_taken":["M","M","?","?","$","R","?","?","T","R","?","M","M","E","R","BOSS","M","?","M","?","M","E","R","M","T","?","E","M","M","$","R","BOSS","M","?","?","?","M","R","E","R","T","R","$","R","E","?","R","BOSS"],"build_version":"2019-01-23","purchased_purges":2,"victory":true,"max_hp_per_floor":[70,70,70,70,70,70,75,75,82,82,82,82,82,82,82,82,82,82,82,82,82,82,82,82,82,82,82,82,82,82,82,82,82,82,82,82,96,106,106,106,116,116,116,116,116,116,116,116,116,116],"card_choices":[{"not_picked":["Heel Hook","Outmaneuver"],"picked":"Bouncing Flask","floor":1},{"not_picked":["Flying Knee","Riddle With Holes"],"picked":"Bane","floor":2},{"not_picked":["Dodge and Roll","All Out Attack"],"picked":"PiercingWail","floor":12},{"not_picked":["Concentrate","Choke"],"picked":"Deflect","floor":13},{"not_picked":["Setup","Outmaneuver"],"picked":"Blur","floor":14},{"not_picked":["Venomology","Storm of Steel"],"picked":"Night Terror","floor":16},{"not_picked":["Poisoned Stab","Dagger Throw","Blade Dance"],"picked":"SKIP","floor":18},{"not_picked":["Eviscerate","Infinite Blades+1"],"picked":"Deadly Poison+1","floor":20},{"not_picked":["Riddle With Holes","Finisher"],"picked":"Crippling Poison","floor":21},{"not_picked":["Outmaneuver","Deadly Poison"],"picked":"Acrobatics+1","floor":22},{"not_picked":["Blur","Dash","Backstab"],"picked":"SKIP","floor":23},{"not_picked":["Deadly Poison","Unload","Blur"],"picked":"SKIP","floor":25},{"not_picked":["Dagger Spray+1","Underhanded Strike"],"picked":"Blade Dance","floor":28},{"not_picked":["Slice","Prepared"],"picked":"Blade Dance+1","floor":29},{"not_picked":["Blade Dance","Expertise"],"picked":"Deflect+1","floor":30},{"not_picked":["Skewer","Dagger Spray+1"],"picked":"Blade Dance+1","floor":35},{"not_picked":["PiercingWail","Dodge and Roll"],"picked":"Acrobatics","floor":37},{"not_picked":["Deadly Poison+1","Poisoned Stab"],"picked":"Burst","floor":39},{"not_picked":["Accuracy","Dagger Spray+1","Bouncing Flask+1"],"picked":"SKIP","floor":41},{"not_picked":["Quick Slash","Masterful Stab"],"picked":"Well Laid Plans+1","floor":47}],"player_experience":1664107,"relics_obtained":[{"floor":9,"key":"Strawberry"},{"floor":14,"key":"Regal Pillow"},{"floor":21,"key":"Red Mask"},{"floor":23,"key":"Dodecahedron"},{"floor":28,"key":"Kunai"},{"floor":37,"key":"Mango"},{"floor":41,"key":"Pear"},{"floor":43,"key":"PreservedInsect"},{"floor":47,"key":"Pocketwatch"}],"event_choices":[{"damage_healed":0,"gold_gain":0,"player_choice":"Entered Light","damage_taken":14,"max_hp_gain":0,"max_hp_loss":0,"event_name":"Shining Light","floor":3,"gold_loss":0,"cards_upgraded":["Defend_G","Defend_G"]},{"damage_healed":0,"gold_gain":0,"player_choice":"Gave Potion","damage_taken":0,"relics_obtained":["Juzu Bracelet"],"max_hp_gain":0,"max_hp_loss":0,"event_name":"WeMeetAgain","floor":4,"gold_loss":0},{"damage_healed":0,"gold_gain":0,"player_choice":"Donut","damage_taken":0,"max_hp_gain":5,"max_hp_loss":0,"event_name":"Big Fish","floor":7,"gold_loss":0},{"cards_removed":["Strike_G"],"damage_healed":0,"gold_gain":0,"player_choice":"Card Removal","damage_taken":7,"max_hp_gain":0,"max_hp_loss":0,"event_name":"Golden Wing","floor":8,"gold_loss":0},{"damage_healed":0,"gold_gain":0,"player_choice":"Ignored","damage_taken":0,"max_hp_gain":0,"max_hp_loss":0,"event_name":"NoteForYourself","floor":19,"gold_loss":0},{"damage_healed":0,"gold_gain":0,"player_choice":"Fought Bandits","damage_taken":0,"max_hp_gain":0,"max_hp_loss":0,"event_name":"Masked Bandits","floor":21,"gold_loss":0},{"damage_healed":0,"gold_gain":0,"player_choice":"Forge","damage_taken":0,"max_hp_gain":0,"max_hp_loss":0,"event_name":"Accursed Blacksmith","floor":27,"gold_loss":0,"cards_upgraded":["Well Laid Plans"]},{"damage_healed":0,"gold_gain":0,"player_choice":"Got Potions","damage_taken":0,"max_hp_gain":0,"max_hp_loss":0,"event_name":"Lab","floor":36,"gold_loss":0},{"damage_healed":0,"gold_gain":0,"player_choice":"Fight","damage_taken":0,"max_hp_gain":0,"max_hp_loss":0,"event_name":"Mysterious Sphere","floor":37,"gold_loss":0},{"cards_removed":["Phantasmal Killer"],"damage_healed":1,"gold_gain":0,"player_choice":"Offered Rare","damage_taken":0,"max_hp_gain":10,"max_hp_loss":0,"event_name":"Bonfire Elementals","floor":38,"gold_loss":0}],"is_beta":false,"boss_relics":[{"not_picked":["Cursed Key","White Beast Statue"],"picked":"Astrolabe"},{"not_picked":["Runic Dome","Runic Pyramid"],"picked":"Sozu"}],"items_purged_floors":[31,45],"is_endless":false,"potions_floor_spawned":[1,12,18,22,23,29,33,37,39,47],"ascension_level":0}