{"gold_per_floor":[116,127,146,146,156,190,190,223,248,19,33,33,44,55,55,150,150,166,166,179,192,211,211,239,239,263,263,273,300,300,312,312,410,410,434,465,477,489,501,513,559,5,5,105,105,115,115],"floor_reached":47,"playtime":4804,"items_purged":[],"score":557,"play_id":"961fb119-62b2-473d-ab65-44ac21af8953","local_time":"20190914213301","is_ascension_mode":true,"campfire_choices":[{"floor":12.0,"key":"RECALL"},{"floor":15,"key":"REST"},{"data":"Double Energy","floor":23,"key":"SMITH"},{"data":"Zap","floor":25,"key":"SMITH"},{"data":"Redo","floor":27,"key":"SMITH"},{"floor":32,"key":"REST"},{"data":"Fusion","floor":40,"key":"SMITH"},{"floor":45,"key":"REST"}],"neow_cost":"NONE","seed_source_timestamp":0,"circlet_count":0,"master_deck":["Strike_B+1","Strike_B+1","Strike_B+1","Defend_B+1","Defend_B+1","Defend_B+1","Defend_B+1","Zap+1","Dualcast","Redo+1","Self Repair","Cold Snap","Undo","Storm","Chill+1","Beam Cell","Capacitor","Good Instincts","Cold Snap","Double Energy+1","Stack","All For One","Fusion+1","Chill+1","Gash","Reprogram","Melter","Blizzard","Turbo","Storm+1","Conserve Battery+1","Electrodynamics","Writhe","Regret","Normality","Hologram","Hologram","Madness","Madness","Reboot","Panache","Self Repair","Doom and Gloom","Double Energy","Loop"],"special_seed":0,"relics":["Cracked Core","Gambling Chip","War Paint","Whetstone","Lizard Tail","Mercury Hourglass","Bronze Scales","Girya","Calling Bell","MawBank","Dodecahedron","Incense Burner","Bottled Tornado","Bottled Flame","Medical Kit","Ice Cream"],"potions_floor_usage":[16,22,24,24,29,33],"damage_taken":[{"damage":0.0,"enemies":"Small Slimes","floor":1.0,"turns":3.0},{"damage":1.0,"enemies":"Cultist","floor":2.0,"turns":3.0},{"damage":9.0,"enemies":"Jaw Worm","floor":3.0,"turns":4.0},{"damage":15.0,"enemies":"Gremlin Gang","floor":5.0,"turns":5.0},{"damage":23.0,"enemies":"3 Sentries","floor":6.0,"turns":5.0},{"damage":22.0,"enemies":"Gremlin Nob","floor":8.0,"turns":5.0},{"damage":0.0,"enemies":"Blue Slaver","floor":11.0,"turns":4.0},{"damage":5.0,"enemies":"Exordium Thugs","floor":13.0,"turns":5.0},{"damage":4.0,"enemies":"2 Fungi Beasts","floor":14.0,"turns":3.0},{"damage":20,"enemies":"Hexaghost","floor":16,"turns":13},{"damage":11,"enemies":"Shell Parasite","floor":18,"turns":8},{"damage":18,"enemies":"Chosen","floor":20,"turns":8},{"damage":31,"enemies":"Snake Plant","floor":21,"turns":8},{"damage":6,"enemies":"Centurion and Healer","floor":22,"turns":9},{"damage":36,"enemies":"Slavers","floor":24,"turns":8},{"damage":5,"enemies":"Chosen and Byrds","floor":28,"turns":6},{"damage":28,"enemies":"Gremlin Leader","floor":29,"turns":6},{"damage":4,"enemies":"Shelled Parasite and Fungi","floor":31,"turns":5},{"damage":40,"enemies":"Automaton","floor":33,"turns":11},{"damage":0,"enemies":"3 Shapes","floor":35,"turns":3},{"damage":5,"enemies":"Orb Walker","floor":36,"turns":4},{"damage":49,"enemies":"Nemesis","floor":41,"turns":7},{"damage":22,"enemies":"Transient","floor":46,"turns":5},{"damage":53,"enemies":"Giant Head","floor":47,"turns":7}],"seed_played":"-9208347225984807703","potions_obtained":[{"floor":1.0,"key":"SpeedPotion"},{"floor":2.0,"key":"PowerPotion"},{"floor":3.0,"key":"LiquidBronze"},{"floor":6.0,"key":"Poison Potion"},{"floor":8.0,"key":"Explosive Potion"},{"floor":14,"key":"SteroidPotion"},{"floor":20,"key":"Fire Potion"},{"floor":21,"key":"SkillPotion"},{"floor":24,"key":"Explosive Potion"},{"floor":31,"key":"FocusPotion"},{"floor":35,"key":"SneckoOil"},{"floor":36,"key":"Explosive Potion"},{"floor":46,"key":"Strength Potion"}],"is_trial":false,"path_per_floor":["M","M","M","?","M","E","?","E","T","$","M","R","M","M","R","B",null,"M","?","M","M","M","R","E","R","T","R","M","E","?","M","R","B",null,"M","M","?","?","T","R","E","$","T","?","R","M","E"],"character_chosen":"DEFECT","items_purchased":["Capacitor","Regen Potion","Good Instincts","Medical Kit","Panache","Self Repair","Doom and Gloom","Double Energy"],"campfire_rested":3,"item_purchase_floors":[10,10,10,42,42,42,42,42],"current_hp_per_floor":[75,75,73,58,50,34,34,19,19,19,26,26,28,31,53,55,75,71,71,60,36,37,37,8,8,8,8,10,30,30,33,55,22,75,75,70,70,61,61,61,19,19,19,19,41,26,0],"gold":115,"neow_bonus":"THREE_CARDS","is_prod":false,"is_daily":false,"chose_seed":false,"campfire_upgraded":4,"win_rate":0,"timestamp":1568521981,"path_taken":["M","M","M","?","M","E","?","E","T","$","M","R","?","M","R","BOSS","M","?","M","?","M","R","E","R","T","R","M","E","?","M","R","BOSS","M","M","?","?","?","R","E","$","T","?","R","M","E"],"build_version":"2019-07-17","purchased_purges":0,"victory":false,"max_hp_per_floor":[75,75,75,75,75,75,75,75,75,75,75,75,75,75,75,75,75,75,75,75,75,75,75,75,75,75,75,75,75,75,75,75,75,75,75,75,75,75,75,75,75,75,75,75,75,75,75],"card_choices":[{"not_picked":["Go for the Eyes","Streamline"],"picked":"Redo","floor":0.0},{"not_picked":["Lockon","Hello World"],"picked":"Self Repair","floor":1.0},{"not_picked":["Go for the Eyes","Sweeping Beam"],"picked":"Cold Snap","floor":2.0},{"not_picked":["Scrape","Streamline"],"picked":"Undo","floor":3.0},{"not_picked":["Coolheaded","Defragment"],"picked":"Storm","floor":5.0},{"not_picked":["Coolheaded","Rebound"],"picked":"Chill","floor":6.0},{"not_picked":["Streamline","Compile Driver"],"picked":"Beam Cell","floor":8.0},{"not_picked":["Gash","Melter"],"picked":"Cold Snap","floor":11.0},{"not_picked":["Meteor Strike","Beam Cell"],"picked":"Double Energy","floor":13.0},{"not_picked":["Cold Snap","Tempest"],"picked":"Stack","floor":14},{"not_picked":["Thunder Strike","Meteor Strike"],"picked":"All For One","floor":16},{"not_picked":["Double Energy","Hologram"],"picked":"Fusion","floor":18},{"not_picked":["Sunder","Steam"],"picked":"Gash","floor":20},{"not_picked":["Chill","Scrape+1"],"picked":"Reprogram","floor":21},{"not_picked":["Compile Driver+1","Coolheaded"],"picked":"Melter","floor":22},{"not_picked":["Beam Cell","Ball Lightning"],"picked":"Blizzard","floor":24},{"not_picked":["Rebound","Barrage"],"picked":"Turbo","floor":28},{"not_picked":["Gash+1","FTL"],"picked":"Storm+1","floor":29},{"not_picked":["Lockon","Rebound"],"picked":"Conserve Battery+1","floor":31},{"not_picked":["Fission","Multi-Cast"],"picked":"Electrodynamics","floor":33},{"not_picked":["Redo+1","Coolheaded+1"],"picked":"Hologram","floor":35},{"not_picked":["Ball Lightning+1","Auto Shields+1"],"picked":"Hologram","floor":36},{"not_picked":["Go for the Eyes+1","Leap+1"],"picked":"Reboot","floor":41},{"not_picked":["Cold Snap+1","Ball Lightning"],"picked":"Loop","floor":46}],"player_experience":56893,"relics_obtained":[{"floor":6.0,"key":"Gambling Chip"},{"floor":8.0,"key":"Whetstone"},{"floor":24,"key":"Mercury Hourglass"},{"floor":26,"key":"Bronze Scales"},{"floor":29,"key":"Girya"},{"floor":34,"key":"MawBank"},{"floor":34,"key":"Dodecahedron"},{"floor":34,"key":"Incense Burner"},{"floor":39,"key":"Bottled Tornado"},{"floor":41,"key":"Bottled Flame"},{"floor":43,"key":"Ice Cream"}],"event_choices":[{"damage_healed":0.0,"max_hp_gain":0.0,"max_hp_loss":0.0,"gold_gain":0.0,"event_name":"Shining Light","player_choice":"Entered Light","floor":4.0,"gold_loss":0.0,"damage_taken":15.0,"cards_upgraded":["Defend_B","Strike_B"]},{"damage_healed":0.0,"max_hp_gain":0.0,"max_hp_loss":0.0,"gold_gain":0.0,"event_name":"WeMeetAgain","player_choice":"Gave Potion","floor":7.0,"gold_loss":0.0,"damage_taken":0.0,"relics_obtained":["War Paint"]},{"damage_healed":0,"gold_gain":0,"player_choice":"Copied","damage_taken":0,"max_hp_gain":0,"max_hp_loss":0,"event_name":"Duplicator","floor":19,"gold_loss":0,"cards_obtained":["Chill"]},{"damage_healed":0,"gold_gain":0,"player_choice":"Simplicity","damage_taken":0,"max_hp_gain":0,"max_hp_loss":0,"event_name":"Back to Basics","floor":30,"gold_loss":0,"cards_upgraded":["Strike_B","Defend_B","Defend_B"]},{"cards_removed":["Strike_B"],"damage_healed":0,"gold_gain":0,"player_choice":"Removed Attack","damage_taken":0,"max_hp_gain":0,"max_hp_loss":0,"event_name":"Falling","floor":37,"gold_loss":0},{"damage_healed":0,"gold_gain":0,"player_choice":"Embrace Madness","damage_taken":9,"max_hp_gain":0,"max_hp_loss":0,"event_name":"Winding Halls","floor":38,"gold_loss":0,"cards_obtained":["Madness","Madness"]},{"damage_healed":0,"gold_gain":100,"player_choice":"Pray","damage_taken":0,"max_hp_gain":0,"max_hp_loss":0,"event_name":"Golden Shrine","floor":44,"gold_loss":0}],"is_beta":false,"boss_relics":[{"not_picked":["Runic Dome","FrozenCore"],"picked":"Lizard Tail"},{"not_picked":["Philosopher\u0027s Stone","Velvet Choker"],"picked":"Calling Bell"}],"items_purged_floors":[],"is_endless":false,"potions_floor_spawned":[1,2,3,6,8,14,20,21,24,31,35,36,46],"killed_by":"Giant Head","ascension_level":1}