{"gold_per_floor":[111,1,1,19,19,19,51,51,51,120,150,150,170,239,239,336,336,347,359,324,374,386,386,411,411,463,8,21,21,89,103,103,206,206,224,274,324,339,359,359,359],"floor_reached":41,"playtime":2824,"items_purged":[],"score":523,"play_id":"41d5dd3a-4c1f-4908-8483-961fba1b2dbe","local_time":"20190912174126","is_ascension_mode":false,"campfire_choices":[{"data":"Infernal Blade","floor":6.0,"key":"SMITH"},{"data":"Sever Soul","floor":8.0,"key":"SMITH"},{"floor":12.0,"key":"REST"},{"data":"True Grit","floor":15.0,"key":"SMITH"},{"data":"Cleave","floor":23.0,"key":"SMITH"},{"data":"Bludgeon","floor":25.0,"key":"SMITH"},{"data":"Anger","floor":29.0,"key":"SMITH"},{"data":"Anger","floor":32.0,"key":"SMITH"},{"floor":40,"key":"REST"}],"neow_cost":"NONE","seed_source_timestamp":0,"circlet_count":0,"master_deck":["Defend_R","Defend_R","Defend_R","Defend_R","Bash","Impatience","Rampage","Sever Soul+1","Infernal Blade+1","Clash","Flex","True Grit+1","Shrug It Off","Anger","Anger+1","Bludgeon+1","Sword Boomerang+1","Anger+1","Bite","Bite","Bite","Bite","Bite","Cleave+1","Flame Barrier+1","Anger+1","Anger+1","Rage","Iron Wave+1","Double Tap","Shrug It Off+1","Madness+1","Madness","True Grit+1","Shrug It Off+1"],"special_seed":0,"relics":["Burning Blood","Ancient Tea Set","SsserpentHead","Centennial Puzzle","Whetstone","PreservedInsect","Velvet Choker","Ornamental Fan","Pen Nib","Red Skull","Molten Egg 2","Toolbox","Black Star"],"potions_floor_usage":[],"damage_taken":[{"damage":6.0,"enemies":"Jaw Worm","floor":1.0,"turns":3.0},{"damage":0.0,"enemies":"Small Slimes","floor":4.0,"turns":2.0},{"damage":8.0,"enemies":"3 Sentries","floor":7.0,"turns":6.0},{"damage":0.0,"enemies":"Cultist","floor":10.0,"turns":2.0},{"damage":36.0,"enemies":"Lagavulin","floor":11.0,"turns":4.0},{"damage":6.0,"enemies":"Gremlin Gang","floor":13.0,"turns":4.0},{"damage":0.0,"enemies":"2 Fungi Beasts","floor":14.0,"turns":3.0},{"damage":45.0,"enemies":"The Guardian","floor":16.0,"turns":7.0},{"damage":15.0,"enemies":"3 Byrds","floor":18.0,"turns":4.0},{"damage":11.0,"enemies":"2 Thieves","floor":19.0,"turns":4.0},{"damage":13.0,"enemies":"Cultist and Chosen","floor":22.0,"turns":6.0},{"damage":13.0,"enemies":"Gremlin Leader","floor":24.0,"turns":3.0},{"damage":21.0,"enemies":"Snake Plant","floor":28.0,"turns":3.0},{"damage":1.0,"enemies":"Chosen and Byrds","floor":30.0,"turns":3.0},{"damage":1.0,"enemies":"Cultist and Chosen","floor":31.0,"turns":3.0},{"damage":59.0,"enemies":"Automaton","floor":33.0,"turns":7.0},{"damage":9,"enemies":"3 Shapes","floor":35,"turns":4},{"damage":0,"enemies":"Orb Walker","floor":38,"turns":2},{"damage":47,"enemies":"Spire Growth","floor":39,"turns":6},{"damage":44,"enemies":"Reptomancer","floor":41,"turns":3}],"seed_played":"5563488629063875207","potions_obtained":[{"floor":10.0,"key":"SmokeBomb"},{"floor":11.0,"key":"GamblersBrew"},{"floor":14.0,"key":"Strength Potion"},{"floor":16.0,"key":"FearPotion"},{"floor":22.0,"key":"SteroidPotion"},{"floor":30.0,"key":"AttackPotion"},{"floor":33.0,"key":"Block Potion"}],"is_trial":false,"path_per_floor":["M","$","?","M","?","R","E","R","T","M","E","R","M","M","R","B",null,"M","M","?","?","M","R","E","R","T","$","M","R","M","M","R","B",null,"M","?","?","M","M","R","E"],"character_chosen":"IRONCLAD","items_purchased":["Sever Soul","Infernal Blade","Molten Egg 2","Anger+1","Toolbox"],"campfire_rested":2,"item_purchase_floors":[2,2,27,27,27],"current_hp_per_floor":[80,80,77,80,80,80,78,78,78,80,50,74,74,80,80,41,80,71,66,66,56,54,54,51,51,51,51,38,38,51,56,56,7,56,56,49,49,56,23,39,0],"gold":359,"neow_bonus":"RANDOM_COLORLESS","is_prod":false,"is_daily":false,"chose_seed":false,"campfire_upgraded":7,"win_rate":0.0,"timestamp":1568335286,"path_taken":["M","$","?","M","?","R","E","R","T","?","E","R","M","?","R","BOSS","M","M","?","?","M","R","E","R","T","?","M","R","?","M","R","BOSS","M","?","?","M","M","R","E"],"build_version":"2019-07-17","purchased_purges":0,"victory":false,"max_hp_per_floor":[80,80,80,80,80,80,80,80,80,80,80,80,80,80,80,80,80,80,80,80,56,56,56,56,56,56,56,56,56,56,56,56,56,56,56,56,56,56,56,56,56],"card_choices":[{"not_picked":["Whirlwind","Battle Trance"],"picked":"Rampage","floor":1.0},{"not_picked":["Sever Soul","Perfected Strike"],"picked":"Clash","floor":4.0},{"not_picked":["Flame Barrier","Body Slam"],"picked":"Flex","floor":7.0},{"not_picked":["Heavy Blade","Disarm"],"picked":"True Grit","floor":10.0},{"not_picked":["Rupture","Second Wind"],"picked":"Shrug It Off","floor":11.0},{"not_picked":["Heavy Blade","Armaments"],"picked":"Anger","floor":13.0},{"not_picked":["Sword Boomerang","Sever Soul"],"picked":"Anger","floor":14.0},{"not_picked":["Impervious","Offering"],"picked":"Bludgeon","floor":16.0},{"not_picked":["Armaments","Headbutt+1"],"picked":"Sword Boomerang+1","floor":18.0},{"not_picked":["Clothesline","Headbutt"],"picked":"Anger","floor":19.0},{"not_picked":["Clash+1","Dropkick+1"],"picked":"Cleave","floor":22.0},{"not_picked":["Carnage","Sever Soul"],"picked":"Flame Barrier+1","floor":24.0},{"not_picked":["Body Slam+1","Shockwave+1"],"picked":"Anger+1","floor":28.0},{"not_picked":["Shrug It Off","Barricade"],"picked":"Rage","floor":30.0},{"not_picked":["Flame Barrier","Perfected Strike+1"],"picked":"Iron Wave+1","floor":31.0},{"not_picked":["Barricade","Brutality"],"picked":"Double Tap","floor":33.0},{"not_picked":["Metallicize","Sword Boomerang+1"],"picked":"Shrug It Off+1","floor":35},{"not_picked":["Clash+1","Perfected Strike+1"],"picked":"True Grit+1","floor":38},{"not_picked":["Thunderclap+1","Hemokinesis+1"],"picked":"Shrug It Off+1","floor":39}],"player_experience":22714,"relics_obtained":[{"floor":7.0,"key":"Centennial Puzzle"},{"floor":9.0,"key":"Whetstone"},{"floor":11.0,"key":"PreservedInsect"},{"floor":24.0,"key":"Pen Nib"},{"floor":26.0,"key":"Red Skull"}],"event_choices":[{"damage_healed":0.0,"max_hp_gain":0.0,"max_hp_loss":0.0,"gold_gain":0.0,"event_name":"Scrap Ooze","player_choice":"Success","floor":3.0,"gold_loss":0.0,"damage_taken":3.0,"relics_obtained":["Ancient Tea Set"]},{"damage_healed":0.0,"max_hp_gain":0.0,"max_hp_loss":0.0,"gold_gain":0.0,"event_name":"FaceTrader","player_choice":"Trade","floor":5.0,"gold_loss":0.0,"damage_taken":0.0,"relics_obtained":["SsserpentHead"]},{"damage_healed":0.0,"max_hp_gain":0.0,"max_hp_loss":0.0,"gold_gain":0.0,"event_name":"Addict","player_choice":"Obtained Relic","floor":20.0,"gold_loss":85.0,"damage_taken":0.0,"relics_obtained":["Ornamental Fan"]},{"damage_healed":0.0,"max_hp_gain":0.0,"max_hp_loss":24.0,"gold_gain":0.0,"event_name":"Vampires","player_choice":"Became a vampire","floor":21.0,"gold_loss":0.0,"damage_taken":0.0,"cards_obtained":["Bite","Bite","Bite","Bite","Bite"]},{"damage_healed":0,"gold_gain":0,"player_choice":"Embrace Madness","damage_taken":7,"max_hp_gain":0,"max_hp_loss":0,"event_name":"Winding Halls","floor":36,"gold_loss":0,"cards_obtained":["Madness","Madness"]},{"damage_healed":0,"gold_gain":0,"player_choice":"Upgraded","damage_taken":0,"max_hp_gain":0,"max_hp_loss":0,"event_name":"Upgrade Shrine","floor":37,"gold_loss":0,"cards_upgraded":["Madness"]}],"is_beta":false,"boss_relics":[{"not_picked":["Runic Dome","Snecko Eye"],"picked":"Velvet Choker"},{"not_picked":["Philosopher\u0027s Stone","Orrery"],"picked":"Black Star"}],"items_purged_floors":[],"is_endless":false,"potions_floor_spawned":[10,11,14,16,22,30,33],"killed_by":"Reptomancer","ascension_level":0}