{"gold_per_floor":[369,369,126,76,96,96,128,128,128,161,176,24,39,39,39,144,144,160,85,85,10,22,56,56,71,71,71,1,1],"floor_reached":29,"playtime":894,"items_purged":["Strike_R","Defend_R"],"score":274,"play_id":"78fecc89-8e0f-410e-9717-ecaa2b775023","local_time":"20190413205606","is_ascension_mode":true,"campfire_choices":[{"data":"Flame Barrier","floor":6.0,"key":"SMITH"},{"data":"Flex","floor":15.0,"key":"SMITH"},{"data":"Armaments","floor":24.0,"key":"SMITH"},{"floor":27,"key":"REST"}],"neow_cost":"CURSE","seed_source_timestamp":0,"circlet_count":0,"master_deck":["Strike_R","Strike_R","Strike_R","Defend_R","Defend_R","Bash","Clothesline","Flame Barrier+1","Flash of Steel","Flame Barrier","Flex+1","Armaments","Armaments+1","Thunderclap","Reaper","Writhe","Thunderclap","Spot Weakness","Armaments","Uppercut"],"special_seed":0,"relics":["Black Blood","Torii","Pantograph","Dodecahedron","Bag of Marbles","Oddly Smooth Stone","Shuriken","Self Forming Clay"],"potions_floor_usage":[29],"damage_taken":[{"damage":2.0,"enemies":"Jaw Worm","floor":1.0,"turns":3.0},{"damage":0.0,"enemies":"Small Slimes","floor":5.0,"turns":3.0},{"damage":34.0,"enemies":"Gremlin Nob","floor":7.0,"turns":6.0},{"damage":22.0,"enemies":"3 Sentries","floor":10.0,"turns":14.0},{"damage":0.0,"enemies":"2 Louse","floor":11.0,"turns":3.0},{"damage":10.0,"enemies":"Exordium Wildlife","floor":13.0,"turns":6.0},{"damage":39.0,"enemies":"Slime Boss","floor":16.0,"turns":13.0},{"damage":0.0,"enemies":"3 Byrds","floor":18.0,"turns":3.0},{"damage":10.0,"enemies":"Shell Parasite","floor":22.0,"turns":6.0},{"damage":74.0,"enemies":"Slavers","floor":23.0,"turns":7.0},{"damage":24,"enemies":"Shelled Parasite and Fungi","floor":25,"turns":6},{"damage":34,"enemies":"Colosseum Slavers","floor":29,"turns":4},{"damage":69,"enemies":"Colosseum Nobs","floor":29,"turns":5}],"seed_played":"3743515049331571226","potions_obtained":[{"floor":7.0,"key":"Regen Potion"},{"floor":10.0,"key":"Strength Potion"},{"floor":13.0,"key":"FearPotion"},{"floor":25,"key":"Explosive Potion"}],"is_trial":false,"path_per_floor":["M","?","$","?","M","R","E","?","T","E","M","$","M","?","R","B",null,"M","?","?","$","M","E","R","M","T","R","$","?"],"character_chosen":"IRONCLAD","items_purchased":["Flame Barrier","Flash of Steel","Armaments","EssenceOfSteel","Uppercut"],"campfire_rested":1,"item_purchase_floors":[3,3,12,21,28],"current_hp_per_floor":[80,73,73,73,77,77,49,49,49,48,54,54,50,50,50,42,77,77,77,77,77,77,31,31,17,17,40,40,0],"gold":1,"neow_bonus":"TWO_FIFTY_GOLD","is_prod":false,"is_daily":false,"chose_seed":false,"campfire_upgraded":3,"win_rate":0,"timestamp":1555178166,"path_taken":["M","?","$","?","M","R","E","?","T","E","M","$","?","?","R","BOSS","M","?","?","$","M","E","R","M","T","R","$","?"],"build_version":"2019-01-23","purchased_purges":2,"victory":false,"max_hp_per_floor":[80,77,77,77,77,77,77,77,77,77,77,77,77,77,77,77,77,77,77,77,77,77,77,77,77,77,77,77,77],"card_choices":[{"not_picked":["Warcry","Anger"],"picked":"Clothesline","floor":1.0},{"not_picked":["Iron Wave","Havoc"],"picked":"Flame Barrier","floor":5.0},{"not_picked":["Battle Trance","Pummel","Clash"],"picked":"SKIP","floor":7.0},{"not_picked":["Warcry","Clash"],"picked":"Flex","floor":10.0},{"not_picked":["Shockwave","Hemokinesis"],"picked":"Armaments","floor":11.0},{"not_picked":["Power Through","Searing Blow"],"picked":"Thunderclap","floor":13.0},{"not_picked":["Impervious","Immolate"],"picked":"Reaper","floor":16.0},{"not_picked":["Perfected Strike","Clash","Body Slam"],"picked":"SKIP","floor":18.0},{"not_picked":["Fire Breathing","Headbutt"],"picked":"Thunderclap","floor":22.0},{"not_picked":["Bludgeon","Clash"],"picked":"Spot Weakness","floor":23.0},{"not_picked":["True Grit+1","Flex"],"picked":"Armaments","floor":25}],"player_experience":268333,"relics_obtained":[{"floor":7.0,"key":"Torii"},{"floor":9.0,"key":"Pantograph"},{"floor":10.0,"key":"Dodecahedron"},{"floor":23.0,"key":"Shuriken"},{"floor":26,"key":"Self Forming Clay"}],"event_choices":[{"cards_removed":["Parasite"],"damage_healed":0.0,"max_hp_gain":0.0,"max_hp_loss":0.0,"gold_gain":0.0,"event_name":"Golden Wing","player_choice":"Card Removal","floor":2.0,"gold_loss":0.0,"damage_taken":7.0},{"cards_removed":["Defend_R"],"damage_healed":0.0,"max_hp_gain":0.0,"max_hp_loss":0.0,"gold_gain":0.0,"event_name":"The Cleric","player_choice":"Card Removal","floor":4.0,"gold_loss":50.0,"damage_taken":0.0},{"cards_removed":["Strike_R"],"damage_healed":0.0,"max_hp_gain":0.0,"max_hp_loss":0.0,"gold_gain":0.0,"event_name":"Living Wall","player_choice":"Forget","floor":8.0,"gold_loss":0.0,"damage_taken":0.0},{"damage_healed":0.0,"max_hp_gain":0.0,"max_hp_loss":0.0,"gold_gain":0.0,"event_name":"Big Fish","player_choice":"Box","floor":14.0,"gold_loss":0.0,"damage_taken":0.0,"relics_obtained":["Bag of Marbles"],"cards_obtained":["Regret"]},{"cards_removed":["Regret"],"damage_healed":0.0,"max_hp_gain":0.0,"max_hp_loss":0.0,"gold_gain":0.0,"event_name":"Beggar","player_choice":"Gave Gold","floor":19.0,"gold_loss":75.0,"damage_taken":0.0},{"damage_healed":0.0,"max_hp_gain":0.0,"max_hp_loss":0.0,"gold_gain":0.0,"event_name":"The Mausoleum","player_choice":"Opened","floor":20.0,"gold_loss":0.0,"damage_taken":0.0,"relics_obtained":["Oddly Smooth Stone"],"cards_obtained":["Writhe"]},{"damage_healed":0,"gold_gain":0,"player_choice":"Fight","damage_taken":0,"max_hp_gain":0,"max_hp_loss":0,"event_name":"Colosseum","floor":29,"gold_loss":0},{"damage_healed":0,"gold_gain":0,"player_choice":"Fought Nobs","damage_taken":0,"max_hp_gain":0,"max_hp_loss":0,"event_name":"Colosseum","floor":29,"gold_loss":0}],"is_beta":false,"boss_relics":[{"not_picked":["White Beast Statue","Velvet Choker"],"picked":"Black Blood"}],"items_purged_floors":[3,12],"is_endless":false,"potions_floor_spawned":[7,10,13,25,29],"killed_by":"Colosseum Nobs","ascension_level":2}