{"gold_per_floor":[99,23,23,73,88,88,103,118,143,143,173,273,288,318,318,418,418,433,433,40,55,70,70,85,85,110,140,140,155,185,100,100,200,200,215,230,230,1229,1244,1244,1274,1274,1349,1349,431,446,43,58,58,58],"floor_reached":50,"playtime":5124,"items_purged":["Bash","Normality","Normality"],"score":595,"play_id":"fd61d154-6c75-4a11-bf4b-ea319933a21f","local_time":"20191020223031","daily_mods":["Chimera","Green Cards","Elite Swarm"],"is_ascension_mode":false,"campfire_choices":[{"data":"Sunder","floor":6.0,"key":"SMITH"},{"floor":10.0,"key":"REST"},{"floor":15.0,"key":"REST"},{"floor":23,"key":"REST"},{"floor":25,"key":"REST"},{"floor":28,"key":"REST"},{"floor":32,"key":"REST"},{"floor":40,"key":"REST"},{"floor":42,"key":"REST"},{"data":"Noxious Fumes","floor":49,"key":"SMITH"}],"neow_cost":"","seed_source_timestamp":0,"circlet_count":0,"master_deck":["Survivor","Zap","Strike_R","Strike_G+1","Strike_B","Defend_R","Defend_G+1","Defend_B","Rip and Tear","Noxious Fumes+1","Sunder+1","Outmaneuver","Defragment","Corpse Explosion","Ball Lightning","Unload","Prepared","Seek","Conserve Battery","Ball Lightning","Capacitor","Ball Lightning","Footwork+1","Ball Lightning+1","Prepared+1","Dash","Noxious Fumes+1","Envenom","Self Repair","Poisoned Stab+1","Wraith Form v2","Dagger Spray+1","Night Terror","Conserve Battery+1","Stack+1","Ball Lightning+1","Well Laid Plans","Blur","Ball Lightning","Backflip+1"],"special_seed":18190,"relics":["Cracked Core","PreservedInsect","Bag of Marbles","Dream Catcher","Shovel","Philosopher\u0027s Stone","DataDisk","Boot","Blood Vial","Oddly Smooth Stone","Sundial","Nuclear Battery","Ancient Tea Set","Pantograph","Whetstone","Bag of Preparation","Singing Bowl","Toy Ornithopter","Vajra"],"potions_floor_usage":[18,21,22,24,29,29,35,39,41,46,46,46],"damage_taken":[{"damage":5.0,"enemies":"Jaw Worm","floor":1.0,"turns":4.0},{"damage":0.0,"enemies":"Cultist","floor":5.0,"turns":3.0},{"damage":0.0,"enemies":"2 Louse","floor":7.0,"turns":1.0},{"damage":12.0,"enemies":"2 Fungi Beasts","floor":8.0,"turns":2.0},{"damage":23.0,"enemies":"Lagavulin","floor":11.0,"turns":4.0},{"damage":3.0,"enemies":"Large Slime","floor":13.0,"turns":4.0},{"damage":8.0,"enemies":"Gremlin Nob","floor":14.0,"turns":3.0},{"damage":42,"enemies":"Hexaghost","floor":16,"turns":8},{"damage":10,"enemies":"3 Byrds","floor":18,"turns":2},{"damage":21,"enemies":"2 Thieves","floor":21,"turns":3},{"damage":18,"enemies":"Centurion and Healer","floor":22,"turns":4},{"damage":35,"enemies":"Snake Plant","floor":24,"turns":4},{"damage":24,"enemies":"Book of Stabbing","floor":27,"turns":4},{"damage":1,"enemies":"Cultist and Chosen","floor":29,"turns":5},{"damage":31,"enemies":"Gremlin Leader","floor":30,"turns":5},{"damage":21,"enemies":"Collector","floor":33,"turns":7},{"damage":11,"enemies":"Orb Walker","floor":35,"turns":3},{"damage":39,"enemies":"3 Darklings","floor":36,"turns":4},{"damage":4,"enemies":"Transient","floor":39,"turns":5},{"damage":53,"enemies":"Giant Head","floor":41,"turns":8},{"damage":16,"enemies":"Spire Growth","floor":46,"turns":4},{"damage":5,"enemies":"4 Shapes","floor":48,"turns":2},{"damage":77,"enemies":"Donu and Deca","floor":50,"turns":5}],"seed_played":"-3223743147139902098","potions_obtained":[{"floor":11.0,"key":"Poison Potion"},{"floor":13.0,"key":"Explosive Potion"},{"floor":16,"key":"AttackPotion"},{"floor":18,"key":"Regen Potion"},{"floor":22,"key":"EssenceOfSteel"},{"floor":24,"key":"Block Potion"},{"floor":27,"key":"Poison Potion"},{"floor":33,"key":"Strength Potion"},{"floor":36,"key":"EssenceOfSteel"},{"floor":39,"key":"Regen Potion"}],"is_trial":false,"path_per_floor":["M","$","?","T","M","R","M","M","T","R","E","?","M","E","R","B",null,"M","?","$","M","M","R","M","R","T","E","R","M","E","?","R","B",null,"M","M","?","?","M","R","E","R","T","T","$","M","$","M","R","B"],"character_chosen":"DEFECT","items_purchased":["Noxious Fumes","DataDisk","Capacitor","Ball Lightning","Backflip","Well Laid Plans","Bag of Preparation","Singing Bowl","Toy Ornithopter","PowerPotion","AttackPotion","AttackPotion","Blur","Vajra","Ball Lightning"],"campfire_rested":8,"item_purchase_floors":[2,20,20,20,20,45,45,45,45,45,45,45,47,47,47],"current_hp_per_floor":[70,70,55,55,55,55,55,43,43,65,42,42,39,31,53,11,75,65,65,65,44,38,60,25,47,47,23,45,53,31,31,53,34,75,71,41,41,41,46,68,29,51,51,51,51,61,61,58,58,0],"gold":58,"neow_bonus":"","is_prod":false,"is_daily":true,"chose_seed":false,"campfire_upgraded":2,"win_rate":0,"timestamp":1571632231,"path_taken":["M","$","?","?","M","R","M","M","T","R","E","?","?","E","R","BOSS","M","?","$","M","M","R","M","R","T","E","R","M","E","?","R","BOSS","M","M","?","?","M","R","E","R","T","?","$","M","$","?","R","BOSS"],"build_version":"2019-07-17","purchased_purges":3,"victory":false,"max_hp_per_floor":[75,75,75,75,75,75,75,75,75,75,75,75,75,75,75,75,75,75,75,75,75,75,75,75,75,75,75,75,75,75,75,75,75,75,75,75,75,75,75,75,75,75,75,75,75,77,77,77,77,77],"card_choices":[{"not_picked":["Dodge and Roll","Static Discharge"],"picked":"Rip and Tear","floor":1.0},{"not_picked":["Leg Sweep","Coolheaded"],"picked":"Sunder","floor":5.0},{"not_picked":["Glacier","Skewer"],"picked":"Outmaneuver","floor":7.0},{"not_picked":["Bane","Poisoned Stab"],"picked":"Defragment","floor":8.0},{"not_picked":["Adrenaline","Wraith Form v2"],"picked":"Corpse Explosion","floor":11.0},{"not_picked":["Static Discharge","Flechettes"],"picked":"Ball Lightning","floor":13.0},{"not_picked":["Multi-Cast","Phantasmal Killer"],"picked":"Unload","floor":14.0},{"not_picked":["Beam Cell","Dodge and Roll"],"picked":"Prepared","floor":15.0},{"not_picked":["Corpse Explosion","Hyperbeam"],"picked":"Seek","floor":16},{"not_picked":["BootSequence","Beam Cell"],"picked":"Conserve Battery","floor":18},{"not_picked":["Finisher","Double Energy"],"picked":"Footwork+1","floor":21},{"not_picked":["Dagger Spray+1","Chaos+1"],"picked":"Ball Lightning+1","floor":22},{"not_picked":["Turbo","Fusion"],"picked":"Prepared+1","floor":23},{"not_picked":["Turbo","Redo"],"picked":"Dash","floor":24},{"not_picked":["Dagger Spray","Deadly Poison"],"picked":"Noxious Fumes","floor":25},{"not_picked":["Creative AI","Hyperbeam"],"picked":"Envenom","floor":27},{"not_picked":["Deadly Poison+1","Rip and Tear"],"picked":"Self Repair","floor":28},{"not_picked":["Slice+1","Blur"],"picked":"Poisoned Stab+1","floor":29},{"not_picked":["After Image","Doppelganger"],"picked":"Wraith Form v2","floor":30},{"not_picked":["Outmaneuver","Capacitor"],"picked":"Dagger Spray","floor":32},{"not_picked":["Corpse Explosion","Wraith Form v2"],"picked":"Night Terror","floor":33},{"not_picked":["Go for the Eyes","Rebound","Underhanded Strike+1"],"picked":"SKIP","floor":35},{"not_picked":["Dash","PiercingWail+1"],"picked":"Conserve Battery+1","floor":36},{"not_picked":["Dagger Throw","Streamline","Cloak And Dagger+1"],"picked":"SKIP","floor":39},{"not_picked":["Grand Finale","Cold Snap"],"picked":"Stack+1","floor":40},{"not_picked":["Creative AI","Bullet Time","Doppelganger"],"picked":"SKIP","floor":41},{"not_picked":["Quick Slash","PiercingWail"],"picked":"Ball Lightning+1","floor":42},{"not_picked":["Blade Dance","Catalyst+1","Calculated Gamble+1"],"picked":"Singing Bowl","floor":46},{"not_picked":["Steam+1","Slice+1"],"picked":"Backflip+1","floor":48}],"player_experience":413950,"relics_obtained":[{"floor":4.0,"key":"PreservedInsect"},{"floor":9.0,"key":"Bag of Marbles"},{"floor":11.0,"key":"Dream Catcher"},{"floor":14.0,"key":"Shovel"},{"floor":26,"key":"Boot"},{"floor":27,"key":"Blood Vial"},{"floor":30,"key":"Oddly Smooth Stone"},{"floor":41,"key":"Ancient Tea Set"},{"floor":43,"key":"Pantograph"},{"floor":44,"key":"Whetstone"}],"event_choices":[{"damage_healed":0.0,"max_hp_gain":0.0,"max_hp_loss":0.0,"gold_gain":0.0,"event_name":"Shining Light","player_choice":"Entered Light","floor":3.0,"gold_loss":0.0,"damage_taken":15.0,"cards_upgraded":["Noxious Fumes","Defend_G"]},{"damage_healed":0.0,"max_hp_gain":0.0,"max_hp_loss":0.0,"gold_gain":100.0,"event_name":"Golden Shrine","player_choice":"Pray","floor":12.0,"gold_loss":0.0,"damage_taken":0.0},{"damage_healed":0,"gold_gain":0,"player_choice":"Read","damage_taken":0,"max_hp_gain":0,"max_hp_loss":0,"event_name":"The Library","floor":19,"gold_loss":0,"cards_obtained":["Ball Lightning"]},{"damage_healed":0,"gold_gain":0,"player_choice":"Obtained Relic","damage_taken":0,"relics_obtained":["Sundial"],"max_hp_gain":0,"max_hp_loss":0,"event_name":"Addict","floor":31,"gold_loss":85},{"cards_removed":["Backflip"],"damage_healed":0,"gold_gain":0,"player_choice":"Removed Skill","damage_taken":0,"max_hp_gain":0,"max_hp_loss":0,"event_name":"Falling","floor":37,"gold_loss":0},{"damage_healed":0,"gold_gain":999,"player_choice":"Gold","damage_taken":0,"max_hp_gain":0,"max_hp_loss":0,"event_name":"MindBloom","floor":38,"gold_loss":0,"cards_obtained":["Normality","Normality"]}],"is_beta":false,"boss_relics":[{"not_picked":["Snecko Eye","Runic Pyramid"],"picked":"Philosopher\u0027s Stone"},{"not_picked":["Calling Bell","Sozu"],"picked":"Nuclear Battery"}],"items_purged_floors":[20,45,47],"is_endless":false,"potions_floor_spawned":[11,13,16,18,22,24,27,33,36,39],"killed_by":"Donu and Deca","ascension_level":0}