{"gold_per_floor":[110,56,56,75,75,75,118,118,141,141,166,187,227,245,245,366,366,385,385,403,403,259,259,56,56,80,80,95,130,130,150,150,278,278,301,301,314,327,9,9,48,48,48,84,84,119,452,104,104,104,104,104,17,52,52],"floor_reached":56,"playtime":3187,"items_purged":["Strike_B"],"score":1797,"play_id":"de70237f-1ca9-4575-b7a2-589bd3378629","local_time":"20190825161338","is_ascension_mode":true,"campfire_choices":[{"data":"Ball Lightning","floor":6,"key":"SMITH"},{"data":"Consume","floor":8,"key":"SMITH"},{"data":"Ball Lightning","floor":10,"key":"SMITH"},{"data":"Go for the Eyes","floor":15,"key":"SMITH"},{"data":"Hologram","floor":23,"key":"SMITH"},{"data":"White Noise","floor":25,"key":"SMITH"},{"data":"Capacitor","floor":27,"key":"SMITH"},{"floor":32,"key":"REST"},{"floor":40,"key":"REST"},{"data":"Buffer","floor":42,"key":"SMITH"},{"floor":49,"key":"RECALL"},{"data":"Chill","floor":52,"key":"SMITH"}],"neow_cost":"NONE","seed_source_timestamp":887556015712200,"circlet_count":0,"master_deck":["Zap+1","Dualcast","Capacitor+1","Ball Lightning+1","Ball Lightning+1","Consume+1","Auto Shields","Undo","Go for the Eyes+1","Steam","Electrodynamics","White Noise+1","Amplify","All For One","Chill+1","Rip and Tear","Conserve Battery","Cold Snap","Melter","Hologram+1","Go for the Eyes+1","Buffer+1","Creative AI","Seek","Steam Power+1","Loop+1","Glacier+1","Capacitor+1","Hologram+1","Glacier+1","Compile Driver","Enlightenment+1","Hologram+1"],"relics":["Cracked Core","Bottled Flame","Omamori","WingedGreaves","Pandora\u0027s Box","Nilry\u0027s Codex","Anchor","Runic Capacitor","Centennial Puzzle","Bottled Lightning","Cursed Key","Toxic Egg 2","FossilizedHelix","Mercury Hourglass","PreservedInsect","Medical Kit","Vajra"],"potions_floor_usage":[16,29,54,55],"damage_taken":[{"damage":3,"enemies":"Small Slimes","floor":1,"turns":2},{"damage":0,"enemies":"2 Louse","floor":4,"turns":2},{"damage":30,"enemies":"Lagavulin","floor":7,"turns":7},{"damage":0,"enemies":"Cultist","floor":11,"turns":2},{"damage":1,"enemies":"Looter","floor":12,"turns":3},{"damage":12,"enemies":"3 Sentries","floor":13,"turns":4},{"damage":0,"enemies":"Red Slaver","floor":14,"turns":2},{"damage":1,"enemies":"The Guardian","floor":16,"turns":7},{"damage":0,"enemies":"Chosen","floor":18,"turns":3},{"damage":0,"enemies":"3 Byrds","floor":20,"turns":2},{"damage":1,"enemies":"3 Cultists","floor":28,"turns":4},{"damage":20,"enemies":"Slavers","floor":29,"turns":4},{"damage":10,"enemies":"Chosen and Byrds","floor":31,"turns":4},{"damage":0,"enemies":"Champ","floor":33,"turns":11},{"damage":5,"enemies":"3 Darklings","floor":35,"turns":3},{"damage":1,"enemies":"Orb Walker","floor":37,"turns":4},{"damage":2,"enemies":"Writhing Mass","floor":38,"turns":6},{"damage":11,"enemies":"Nemesis","floor":41,"turns":7},{"damage":0,"enemies":"Reptomancer","floor":44,"turns":7},{"damage":0,"enemies":"Nemesis","floor":46,"turns":9},{"damage":0,"enemies":"Time Eater","floor":50,"turns":14},{"damage":0,"enemies":"Shield and Spear","floor":54,"turns":5},{"damage":23,"enemies":"The Heart","floor":55,"turns":10}],"seed_played":"1965347901690975923","potions_obtained":[{"floor":1,"key":"Poison Potion"},{"floor":7,"key":"AttackPotion"},{"floor":14,"key":"FearPotion"},{"floor":20,"key":"LiquidBronze"},{"floor":37,"key":"GamblersBrew"},{"floor":44,"key":"Energy Potion"}],"is_trial":false,"path_per_floor":["M","$","?","M","?","R","E","R","T","R","M","M","E","M","R","B",null,"M","?","M","?","$","R","$","R","T","R","M","E","?","M","R","B",null,"M","?","M","M","$","R","E","R","T","E","?","E","?","$","R","B",null,"R","$","E","B",null],"character_chosen":"DEFECT","items_purchased":["Ball Lightning","Anchor","Runic Capacitor","Toxic Egg 2","Glacier+1","Glacier+1","Medical Kit","Compile Driver","Enlightenment+1"],"campfire_rested":2,"item_purchase_floors":[2,22,24,39,39,48,48,48,53],"current_hp_per_floor":[65,65,65,65,65,65,35,35,35,35,35,34,22,22,22,21,57,57,57,57,41,41,41,41,41,41,41,40,20,20,10,30,30,59,54,54,53,51,51,69,58,58,58,58,58,58,58,58,58,58,64,64,64,64,41],"gold":52,"neow_bonus":"UPGRADE_CARD","is_prod":false,"is_daily":false,"chose_seed":false,"campfire_upgraded":9,"win_rate":0,"timestamp":1566746018,"path_taken":["M","$","?","M","?","R","E","R","T","R","M","M","E","M","R","BOSS","M","?","M","?","$","R","$","R","T","R","M","E","?","?","R","BOSS","M","?","?","?","$","R","E","R","T","E","?","E","?","$","R","BOSS","R","$","E","BOSS"],"build_version":"2019-07-17","purchased_purges":1,"victory":true,"max_hp_per_floor":[75,75,69,69,69,69,69,69,69,69,69,69,69,69,69,69,69,69,69,69,69,69,69,69,69,69,69,69,69,69,69,69,69,69,69,69,69,69,69,69,69,69,69,69,66,66,66,66,66,66,66,66,66,66,66],"card_choices":[{"not_picked":["Sweeping Beam","Conserve Battery"],"picked":"Capacitor","floor":1},{"not_picked":["Beam Cell","Rebound"],"picked":"Ball Lightning","floor":4},{"not_picked":["Rebound","Stack"],"picked":"Consume","floor":7},{"not_picked":["Ball Lightning","Rip and Tear"],"picked":"Auto Shields","floor":11},{"not_picked":["Gash","Ball Lightning"],"picked":"Undo","floor":12},{"not_picked":["Redo","Leap"],"picked":"Go for the Eyes","floor":13},{"not_picked":["Go for the Eyes","Scrape"],"picked":"Steam","floor":14},{"not_picked":["Thunder Strike","Buffer"],"picked":"Electrodynamics","floor":16},{"not_picked":["Skim+1","Tempest"],"picked":"Conserve Battery","floor":18},{"not_picked":["Barrage","Ball Lightning"],"picked":"Hologram","floor":20},{"not_picked":["Darkness","Genetic Algorithm+1"],"picked":"Go for the Eyes+1","floor":28},{"not_picked":["Defragment","Melter+1","Turbo"],"picked":"SKIP","floor":29},{"not_picked":["Steam","Conserve Battery"],"picked":"Creative AI","floor":31},{"not_picked":["Biased Cognition","Core Surge"],"picked":"Seek","floor":33},{"not_picked":["Static Discharge+1","Darkness+1"],"picked":"Steam Power+1","floor":35},{"not_picked":["Undo","Storm+1"],"picked":"Loop+1","floor":37},{"not_picked":["Go for the Eyes","Leap+1","Gash+1"],"picked":"SKIP","floor":38},{"not_picked":["FTL","Cold Snap+1"],"picked":"Capacitor+1","floor":41},{"not_picked":["Gash","Reinforced Body+1","Compile Driver"],"picked":"SKIP","floor":44},{"not_picked":["Glacier+1","Tempest+1"],"picked":"Hologram+1","floor":46},{"not_picked":["Buffer","Beam Cell"],"picked":"Hologram+1","floor":54}],"player_experience":1858940,"relics_obtained":[{"floor":7,"key":"Bottled Flame"},{"floor":9,"key":"Omamori"},{"floor":13,"key":"WingedGreaves"},{"floor":21,"key":"Nilry\u0027s Codex"},{"floor":26,"key":"Centennial Puzzle"},{"floor":29,"key":"Bottled Lightning"},{"floor":41,"key":"FossilizedHelix"},{"floor":44,"key":"Mercury Hourglass"},{"floor":46,"key":"PreservedInsect"},{"floor":54,"key":"Vajra"}],"event_choices":[{"damage_healed":0,"gold_gain":0,"player_choice":"Lose Max HP","damage_taken":0,"relics_obtained":["Golden Idol"],"max_hp_gain":0,"max_hp_loss":6,"event_name":"Golden Idol","floor":3,"gold_loss":0},{"damage_healed":0,"gold_gain":0,"player_choice":"Ignored","damage_taken":0,"max_hp_gain":0,"max_hp_loss":0,"event_name":"Liars Game","floor":5,"gold_loss":0},{"damage_healed":0,"gold_gain":0,"cards_transformed":["Consume","Blizzard"],"player_choice":"Became Test Subject","damage_taken":0,"max_hp_gain":0,"max_hp_loss":0,"event_name":"Drug Dealer","floor":19,"gold_loss":0,"cards_obtained":["Cold Snap","Melter"]},{"damage_healed":0,"gold_gain":0,"player_choice":"Obtained Book","damage_taken":16,"max_hp_gain":0,"max_hp_loss":0,"event_name":"Cursed Tome","floor":21,"gold_loss":0},{"damage_healed":0,"gold_gain":0,"player_choice":"1 cards matched","damage_taken":0,"max_hp_gain":0,"max_hp_loss":0,"event_name":"Match and Keep!","floor":30,"gold_loss":0,"cards_obtained":["Buffer"]},{"cards_removed":["Darkness"],"damage_healed":0,"gold_gain":0,"player_choice":"Took Card","damage_taken":0,"max_hp_gain":0,"max_hp_loss":0,"event_name":"NoteForYourself","floor":36,"gold_loss":0,"cards_obtained":["Strike_B"]},{"damage_healed":0,"gold_gain":0,"player_choice":"Max HP","damage_taken":0,"max_hp_gain":0,"max_hp_loss":3,"event_name":"Winding Halls","floor":45,"gold_loss":0},{"damage_healed":0,"gold_gain":333,"player_choice":"Gave Idol","damage_taken":0,"max_hp_gain":0,"max_hp_loss":0,"event_name":"The Moai Head","floor":47,"relics_lost":["Golden Idol"],"gold_loss":0}],"is_beta":false,"boss_relics":[{"not_picked":["Philosopher\u0027s Stone","FrozenCore"],"picked":"Pandora\u0027s Box"},{"not_picked":["Busted Crown","Sozu"],"picked":"Cursed Key"}],"items_purged_floors":[48],"is_endless":false,"potions_floor_spawned":[1,7,14,20,28,37,44],"ascension_level":7}