{"gold_per_floor":[113,63,75,75,90,90,131,131,131,164,164],"floor_reached":11,"playtime":243,"items_purged":[],"score":89,"play_id":"f0ad0f83-1bd9-4971-9a79-3a354d54ccbe","local_time":"20190413235157","is_ascension_mode":true,"campfire_choices":[{"data":"Flex","floor":6,"key":"SMITH"},{"data":"Heavy Blade","floor":8,"key":"SMITH"}],"neow_cost":"TEN_PERCENT_HP_LOSS","seed_source_timestamp":1834937543571800,"circlet_count":0,"master_deck":["Strike_R","Strike_R","Strike_R","Strike_R","Defend_R","Defend_R","Defend_R","Bash","Disarm","Spot Weakness","Wild Strike","Flex+1","Heavy Blade+1","Iron Wave"],"relics":["Burning Blood","Golden Idol","Pear","Meat on the Bone","Happy Flower"],"potions_floor_usage":[7],"damage_taken":[{"damage":10,"enemies":"Small Slimes","floor":1,"turns":4},{"damage":12,"enemies":"Jaw Worm","floor":3,"turns":3},{"damage":1,"enemies":"Cultist","floor":5,"turns":3},{"damage":26,"enemies":"3 Sentries","floor":7,"turns":6},{"damage":28,"enemies":"Gremlin Nob","floor":10,"turns":4},{"damage":32,"enemies":"Gremlin Gang","floor":11,"turns":2}],"seed_played":"627847201497531398","potions_obtained":[{"floor":1,"key":"Explosive Potion"},{"floor":10,"key":"Ancient Potion"}],"is_trial":false,"path_per_floor":["M","?","M","?","M","R","E","R","T","E","M"],"character_chosen":"IRONCLAD","items_purchased":[],"campfire_rested":0,"item_purchase_floors":[],"current_hp_per_floor":[68,68,62,44,49,49,39,39,39,29,0],"gold":164,"neow_bonus":"TRANSFORM_TWO_CARDS","is_prod":false,"is_daily":false,"chose_seed":false,"campfire_upgraded":2,"win_rate":0,"timestamp":1555188717,"path_taken":["M","?","M","?","?","R","E","R","T","E","M"],"build_version":"2019-01-23","purchased_purges":0,"victory":false,"max_hp_per_floor":[72,72,72,72,72,72,82,82,82,82,82],"card_choices":[{"not_picked":["True Grit","Armaments"],"picked":"Iron Wave","floor":1},{"not_picked":["Sword Boomerang","Twin Strike"],"picked":"Wild Strike","floor":3},{"not_picked":["Pommel Strike","Barricade"],"picked":"Flex","floor":5},{"not_picked":["Feel No Pain","Sword Boomerang"],"picked":"Heavy Blade","floor":7},{"not_picked":["Perfected Strike","Metallicize"],"picked":"Iron Wave","floor":10}],"player_experience":279068,"relics_obtained":[{"floor":7,"key":"Pear"},{"floor":9,"key":"Meat on the Bone"},{"floor":10,"key":"Happy Flower"}],"event_choices":[{"cards_removed":["Iron Wave"],"damage_healed":0,"gold_gain":0,"player_choice":"Card Removal","damage_taken":0,"max_hp_gain":0,"max_hp_loss":0,"event_name":"The Cleric","floor":2,"gold_loss":50},{"damage_healed":0,"gold_gain":0,"player_choice":"Take Damage","damage_taken":18,"relics_obtained":["Golden Idol"],"max_hp_gain":0,"max_hp_loss":0,"event_name":"Golden Idol","floor":4,"gold_loss":0}],"is_beta":false,"boss_relics":[],"items_purged_floors":[],"is_endless":false,"potions_floor_spawned":[1,10],"killed_by":"Gremlin Gang","ascension_level":2}