{"gold_per_floor":[110,127,127,137,137,137,168,168,195,195,207,207,382,22,22,22],"floor_reached":16,"playtime":414,"items_purged":["Strike_R"],"score":103,"play_id":"e0bf99c9-fd61-4d07-82f3-3fe25b22b854","local_time":"20190406180202","is_ascension_mode":true,"campfire_choices":[{"floor":6.0,"key":"REST"},{"floor":8.0,"key":"REST"},{"floor":10.0,"key":"REST"},{"data":"Jack Of All Trades","floor":15.0,"key":"SMITH"}],"neow_cost":"NONE","seed_source_timestamp":0,"circlet_count":0,"master_deck":["Strike_R+1","Strike_R","Strike_R","Strike_R","Defend_R","Defend_R","Defend_R","Defend_R","Bash","Second Wind","Shrug It Off","Thunderclap","Hemokinesis+1","Flex","Thunderclap","Jack Of All Trades+1"],"special_seed":0,"relics":["Runic Cube","Centennial Puzzle","Happy Flower","Omamori","Pen Nib"],"potions_floor_usage":[16],"damage_taken":[{"damage":2.0,"enemies":"Small Slimes","floor":1.0,"turns":4.0},{"damage":9.0,"enemies":"Cultist","floor":2.0,"turns":4.0},{"damage":2.0,"enemies":"2 Louse","floor":4.0,"turns":3.0},{"damage":26.0,"enemies":"3 Sentries","floor":7.0,"turns":10.0},{"damage":9.0,"enemies":"Blue Slaver","floor":11.0,"turns":3.0},{"damage":55,"enemies":"The Guardian","floor":16,"turns":8}],"seed_played":"-3097163344486327233","potions_obtained":[{"floor":1.0,"key":"Dexterity Potion"},{"floor":2.0,"key":"Poison Potion"},{"floor":11.0,"key":"LiquidBronze"}],"is_trial":false,"path_per_floor":["M","M","?","M","?","R","E","R","T","R","M","?","?","$","R","B"],"character_chosen":"IRONCLAD","items_purchased":["Pen Nib","Thunderclap","Jack Of All Trades"],"campfire_rested":3,"item_purchase_floors":[14,14,14],"current_hp_per_floor":[78,69,61,59,26,50,24,48,48,72,63,47,47,47,47,0],"gold":22,"neow_bonus":"BOSS_RELIC","is_prod":false,"is_daily":false,"chose_seed":false,"campfire_upgraded":1,"win_rate":0,"timestamp":1554562922,"path_taken":["M","M","?","?","?","R","E","R","T","R","M","?","?","?","R","BOSS"],"build_version":"2019-01-23","purchased_purges":1,"victory":false,"max_hp_per_floor":[80,80,80,80,80,80,80,80,80,80,80,80,80,80,80,80],"card_choices":[{"not_picked":["Cleave","Anger"],"picked":"Second Wind","floor":1.0},{"not_picked":["Reckless Charge","Pummel"],"picked":"Shrug It Off","floor":2.0},{"not_picked":["Combust","Havoc"],"picked":"Thunderclap","floor":4.0},{"not_picked":["Dual Wield","Headbutt"],"picked":"Hemokinesis","floor":7.0},{"not_picked":["Havoc","Sever Soul"],"picked":"Flex","floor":11.0}],"player_experience":255941,"relics_obtained":[{"floor":7.0,"key":"Happy Flower"},{"floor":9.0,"key":"Omamori"}],"event_choices":[{"damage_healed":0.0,"max_hp_gain":0.0,"max_hp_loss":0.0,"gold_gain":0.0,"event_name":"Wheel of Change","player_choice":"Damaged","floor":3.0,"gold_loss":0.0,"damage_taken":8.0},{"damage_healed":0.0,"max_hp_gain":0.0,"max_hp_loss":0.0,"gold_gain":0.0,"event_name":"Scrap Ooze","player_choice":"Success","floor":5.0,"gold_loss":0.0,"damage_taken":33.0,"relics_obtained":["Centennial Puzzle"]},{"damage_healed":0.0,"max_hp_gain":0.0,"max_hp_loss":0.0,"gold_gain":0.0,"event_name":"Shining Light","player_choice":"Entered Light","floor":12.0,"gold_loss":0.0,"damage_taken":16.0,"cards_upgraded":["Strike_R","Hemokinesis"]},{"damage_healed":0.0,"max_hp_gain":0.0,"max_hp_loss":0.0,"gold_gain":175.0,"event_name":"Liars Game","player_choice":"AGREE","floor":13.0,"gold_loss":0.0,"damage_taken":0.0,"cards_obtained":["Doubt"]}],"is_beta":false,"boss_relics":[],"items_purged_floors":[14],"is_endless":false,"potions_floor_spawned":[1,2,11],"killed_by":"The Guardian","ascension_level":1}