{"gold_per_floor":[116,128,128,303,313,313,323,323,323,355,355,355,110,125,125,125],"floor_reached":16,"playtime":370,"items_purged":["Doubt"],"score":115,"play_id":"e4d068df-efc3-4a0e-8ca9-debd48652c64","local_time":"20190418225826","is_ascension_mode":true,"campfire_choices":[{"data":"True Grit","floor":6,"key":"SMITH"},{"data":"Perfected Strike","floor":8,"key":"SMITH"},{"floor":11,"key":"REST"},{"data":"Perfected Strike","floor":15,"key":"SMITH"}],"neow_cost":"TEN_PERCENT_HP_LOSS","seed_source_timestamp":2263596144607300,"circlet_count":0,"master_deck":["Strike_R","Strike_R","Strike_R","Strike_R","Strike_R","Defend_R","Defend_R","Defend_R","Defend_R","Bash","Cleave","Rampage","True Grit+1","Perfected Strike+1","Infernal Blade","Uppercut","Perfected Strike+1"],"relics":["Burning Blood","Calipers","Art of War","Question Card","Lantern"],"potions_floor_usage":[10,14,16,16],"damage_taken":[{"damage":1,"enemies":"Cultist","floor":1,"turns":4},{"damage":7,"enemies":"Small Slimes","floor":2,"turns":3},{"damage":15,"enemies":"2 Louse","floor":5,"turns":3},{"damage":13,"enemies":"Looter","floor":7,"turns":3},{"damage":41,"enemies":"3 Sentries","floor":10,"turns":8},{"damage":0,"enemies":"Exordium Wildlife","floor":14,"turns":2},{"damage":77,"enemies":"Hexaghost","floor":16,"turns":9}],"seed_played":"303469655926718282","potions_obtained":[{"floor":1,"key":"Ancient Potion"},{"floor":7,"key":"SkillPotion"},{"floor":14,"key":"Regen Potion"}],"is_trial":false,"path_per_floor":["M","M","?","?","M","R","M","R","T","E","R","?","$","M","R","B"],"character_chosen":"IRONCLAD","items_purchased":["Uppercut","SkillPotion","PowerPotion"],"campfire_rested":1,"item_purchase_floors":[13,13,13],"current_hp_per_floor":[72,71,59,59,50,50,43,43,43,8,29,53,53,59,59,0],"gold":125,"neow_bonus":"ONE_RARE_RELIC","is_prod":false,"is_daily":false,"chose_seed":false,"campfire_upgraded":3,"win_rate":0,"timestamp":1555617506,"path_taken":["M","?","?","?","M","R","M","R","T","E","R","?","?","M","R","BOSS"],"build_version":"2019-01-23","purchased_purges":1,"victory":false,"max_hp_per_floor":[72,72,72,72,72,72,72,72,72,72,72,72,72,72,72,72],"card_choices":[{"not_picked":["Corruption","Battle Trance"],"picked":"Cleave","floor":1},{"not_picked":["Pommel Strike","Sever Soul"],"picked":"Rampage","floor":2},{"not_picked":["Twin Strike","Anger"],"picked":"True Grit","floor":5},{"not_picked":["Feel No Pain","Metallicize"],"picked":"Perfected Strike","floor":7},{"not_picked":["Anger","Burning Pact","Clothesline"],"picked":"Infernal Blade","floor":10},{"not_picked":["Clothesline","Bloodletting","Intimidate"],"picked":"Perfected Strike","floor":14}],"player_experience":313006,"relics_obtained":[{"floor":9,"key":"Question Card"},{"floor":10,"key":"Lantern"}],"event_choices":[{"damage_healed":0,"gold_gain":0,"player_choice":"Success","damage_taken":12,"relics_obtained":["Art of War"],"max_hp_gain":0,"max_hp_loss":0,"event_name":"Scrap Ooze","floor":3,"gold_loss":0},{"damage_healed":0,"gold_gain":175,"player_choice":"AGREE","damage_taken":0,"max_hp_gain":0,"max_hp_loss":0,"event_name":"Liars Game","floor":4,"gold_loss":0,"cards_obtained":["Doubt"]},{"damage_healed":24,"gold_gain":0,"player_choice":"Banana","damage_taken":0,"max_hp_gain":0,"max_hp_loss":0,"event_name":"Big Fish","floor":12,"gold_loss":0}],"is_beta":false,"boss_relics":[],"items_purged_floors":[13],"is_endless":false,"potions_floor_spawned":[1,7,14],"killed_by":"Hexaghost","ascension_level":3}