{"gold_per_floor":[110,130,205,224,234,234,250,250,250,285,301,336,68,98,98,194,194,209,224,224,241,118,118,68,68,119,131,143,155,167,206,218,325,337,369,400,144,244,244,244,264,264,264,264,283,300,310,330,330,330],"floor_reached":50,"playtime":2009,"items_purged":["Strike_R","Thunderclap","Entrench"],"score":591,"play_id":"eede0740-201a-48dd-84fc-1106e1f76c28","local_time":"20190505115852","is_ascension_mode":true,"campfire_choices":[{"data":"Bash","floor":6,"key":"SMITH"},{"floor":15,"key":"REST"},{"data":"Armaments","floor":23,"key":"SMITH"},{"data":"Double Tap","floor":25,"key":"SMITH"},{"data":"Inflame","floor":27,"key":"SMITH"},{"data":"Thunderclap","floor":28,"key":"SMITH"},{"data":"Shrug It Off","floor":29,"key":"SMITH"},{"data":"Iron Wave","floor":30,"key":"SMITH"},{"data":"Reaper","floor":32,"key":"SMITH"},{"data":"Seeing Red","floor":40,"key":"SMITH"},{"data":"Rage","floor":42,"key":"SMITH"},{"floor":49,"key":"DIG"}],"neow_cost":"NONE","seed_source_timestamp":932952623809600,"circlet_count":0,"master_deck":["Strike_R+1","Strike_R+1","Strike_R+1","Strike_R+1","Defend_R+1","Defend_R+1","Defend_R+1","Defend_R+1","Bash+1","Shrug It Off+1","Clothesline","Thunderclap+1","Disarm","Inflame+1","Iron Wave+1","Double Tap+1","Armaments+1","Thunderclap+1","Cleave","Reaper+1","Reaper","Rage+1","Battle Trance+1","Battle Trance","Seeing Red+1","Body Slam+1","Bloodletting+1","Body Slam+1","Double Tap+1","Inflame+1","Parasite","Disarm+1"],"relics":["Burning Blood","Mango","WingedGreaves","Sundial","Medical Kit","Art of War","Coffee Dripper","MawBank","FossilizedHelix","Orrery","Lantern","Shovel","Letter Opener","Frozen Egg 2","Mummified Hand"],"potions_floor_usage":[10,16,16,31,31,38,50,50,50],"damage_taken":[{"damage":9,"enemies":"Small Slimes","floor":1,"turns":4},{"damage":7,"enemies":"2 Louse","floor":2,"turns":3},{"damage":2,"enemies":"Cultist","floor":4,"turns":4},{"damage":10,"enemies":"Lots of Slimes","floor":5,"turns":4},{"damage":5,"enemies":"3 Louse","floor":7,"turns":4},{"damage":16,"enemies":"Gremlin Nob","floor":10,"turns":4},{"damage":8,"enemies":"Blue Slaver","floor":11,"turns":4},{"damage":26,"enemies":"Lagavulin","floor":12,"turns":7},{"damage":61,"enemies":"Slime Boss","floor":16,"turns":15},{"damage":21,"enemies":"Shell Parasite","floor":18,"turns":5},{"damage":3,"enemies":"Chosen","floor":19,"turns":4},{"damage":9,"enemies":"Centurion and Healer","floor":21,"turns":6},{"damage":13,"enemies":"Book of Stabbing","floor":31,"turns":5},{"damage":120,"enemies":"Collector","floor":33,"turns":11},{"damage":32,"enemies":"3 Shapes","floor":35,"turns":2},{"damage":0,"enemies":"Orb Walker","floor":36,"turns":3},{"damage":16,"enemies":"Mind Bloom Boss Battle","floor":38,"turns":5},{"damage":3,"enemies":"Transient","floor":41,"turns":5},{"damage":19,"enemies":"Maw","floor":45,"turns":6},{"damage":13,"enemies":"Jaw Worm Horde","floor":46,"turns":4},{"damage":6,"enemies":"Writhing Mass","floor":47,"turns":6},{"damage":10,"enemies":"Maw","floor":48,"turns":8},{"damage":111,"enemies":"Time Eater","floor":50,"turns":10}],"seed_played":"5534897659318683015","potions_obtained":[{"floor":1,"key":"Block Potion"},{"floor":2,"key":"SteroidPotion"},{"floor":11,"key":"FearPotion"},{"floor":12,"key":"FearPotion"},{"floor":19,"key":"Regen Potion"},{"floor":21,"key":"Weak Potion"},{"floor":33,"key":"SteroidPotion"},{"floor":36,"key":"SpeedPotion"},{"floor":45,"key":"SpeedPotion"},{"floor":46,"key":"PowerPotion"}],"is_trial":false,"path_per_floor":["M","M","?","M","M","R","M","?","T","E","M","E","$","?","R","B",null,"M","M","?","M","$","R","?","R","T","R","R","R","R","E","R","B",null,"M","M","$","?","T","R","M","R","T","?","M","M","M","M","R","B"],"character_chosen":"IRONCLAD","items_purchased":["Medical Kit","Cleave","Lantern"],"campfire_rested":1,"item_purchase_floors":[13,22,37],"current_hp_per_floor":[85,84,73,77,73,73,74,56,70,60,58,38,38,38,68,13,102,87,90,90,87,87,87,87,87,87,87,87,87,87,94,94,16,102,76,85,85,94,94,94,97,97,97,97,101,102,102,98,98,0],"gold":330,"neow_bonus":"TEN_PERCENT_HP_BONUS","is_prod":false,"is_daily":false,"chose_seed":false,"campfire_upgraded":10,"win_rate":0,"timestamp":1557046732,"path_taken":["M","M","?","M","M","R","M","?","T","E","M","E","$","?","R","BOSS","M","M","?","M","$","R","?","R","T","R","R","R","R","E","R","BOSS","M","?","?","?","?","R","M","R","T","?","M","M","?","M","R","BOSS"],"build_version":"2019-01-23","purchased_purges":3,"victory":false,"max_hp_per_floor":[88,88,88,88,88,88,88,88,102,102,102,102,102,102,102,102,102,102,102,102,102,102,102,102,102,102,102,102,102,102,102,102,102,102,102,102,102,102,102,102,102,102,102,102,102,102,102,102,102,102],"card_choices":[{"not_picked":["Disarm","Havoc"],"picked":"Thunderclap","floor":1},{"not_picked":["Twin Strike","Whirlwind"],"picked":"Shrug It Off","floor":2},{"not_picked":["Carnage","Flex"],"picked":"Clothesline","floor":4},{"not_picked":["Intimidate","Entrench"],"picked":"Thunderclap","floor":5},{"not_picked":["Hemokinesis","Corruption","Anger"],"picked":"SKIP","floor":7},{"not_picked":["Pummel","Rampage"],"picked":"Disarm","floor":10},{"not_picked":["Entrench","Carnage"],"picked":"Inflame","floor":11},{"not_picked":["Entrench","Fire Breathing"],"picked":"Iron Wave","floor":12},{"not_picked":["Dark Embrace","Brutality"],"picked":"Double Tap","floor":16},{"not_picked":["Spot Weakness","Heavy Blade+1","Disarm+1"],"picked":"SKIP","floor":18},{"not_picked":["Wild Strike","Cleave"],"picked":"Armaments","floor":19},{"not_picked":["Perfected Strike","Flex+1"],"picked":"Thunderclap+1","floor":21},{"not_picked":["Dark Embrace","Twin Strike"],"picked":"Reaper","floor":31},{"not_picked":["Limit Break","Brutality"],"picked":"Reaper","floor":33},{"not_picked":["Headbutt","Body Slam"],"picked":"Rage","floor":34},{"not_picked":["Heavy Blade","Body Slam"],"picked":"Battle Trance+1","floor":34},{"not_picked":["Anger","Pommel Strike"],"picked":"Battle Trance","floor":34},{"not_picked":["Blood for Blood+1","Clothesline"],"picked":"Entrench","floor":34},{"not_picked":["Shrug It Off","Corruption+1"],"picked":"Seeing Red","floor":34},{"not_picked":["Whirlwind","Ghostly Armor"],"picked":"Body Slam+1","floor":35},{"not_picked":["Infernal Blade+1","Warcry"],"picked":"Bloodletting+1","floor":36},{"not_picked":["Headbutt+1","Twin Strike"],"picked":"Body Slam+1","floor":41},{"not_picked":["Cleave+1","Iron Wave+1"],"picked":"Inflame+1","floor":45},{"not_picked":["Twin Strike","Thunderclap+1","Feed"],"picked":"SKIP","floor":46},{"not_picked":["Carnage","Warcry"],"picked":"Disarm+1","floor":47},{"not_picked":["Metallicize+1","Shrug It Off+1","Iron Wave+1"],"picked":"SKIP","floor":48}],"player_experience":347842,"relics_obtained":[{"floor":9,"key":"Mango"},{"floor":10,"key":"WingedGreaves"},{"floor":12,"key":"Sundial"},{"floor":26,"key":"MawBank"},{"floor":31,"key":"FossilizedHelix"},{"floor":38,"key":"Shovel"},{"floor":39,"key":"Letter Opener"},{"floor":43,"key":"Frozen Egg 2"},{"floor":49,"key":"Mummified Hand"}],"event_choices":[{"damage_healed":0,"gold_gain":75,"player_choice":"Gather Gold","damage_taken":11,"max_hp_gain":0,"max_hp_loss":0,"event_name":"World of Goop","floor":3,"gold_loss":0},{"damage_healed":0,"gold_gain":0,"player_choice":"Entered Light","damage_taken":18,"max_hp_gain":0,"max_hp_loss":0,"event_name":"Shining Light","floor":8,"gold_loss":0,"cards_upgraded":["Defend_R","Defend_R"]},{"damage_healed":0,"gold_gain":30,"player_choice":"Searched \u00272\u0027 times","damage_taken":0,"relics_obtained":["Art of War"],"max_hp_gain":0,"max_hp_loss":0,"event_name":"Dead Adventurer","floor":14,"gold_loss":0},{"damage_healed":0,"gold_gain":0,"player_choice":"Simplicity","damage_taken":0,"max_hp_gain":0,"max_hp_loss":0,"event_name":"Back to Basics","floor":20,"gold_loss":0,"cards_upgraded":["Strike_R","Strike_R","Strike_R","Strike_R","Defend_R","Defend_R"]},{"damage_healed":0,"gold_gain":0,"player_choice":"Bet on Murderer","damage_taken":0,"max_hp_gain":0,"max_hp_loss":0,"event_name":"The Joust","floor":24,"gold_loss":50},{"damage_healed":0,"gold_gain":0,"player_choice":"Fight","damage_taken":0,"max_hp_gain":0,"max_hp_loss":0,"event_name":"MindBloom","floor":38,"gold_loss":0},{"damage_healed":0,"gold_gain":0,"player_choice":"Copied","damage_taken":0,"max_hp_gain":0,"max_hp_loss":0,"event_name":"Duplicator","floor":44,"gold_loss":0,"cards_obtained":["Double Tap"]}],"is_beta":false,"boss_relics":[{"not_picked":["Eternal Feather","Ectoplasm"],"picked":"Coffee Dripper"},{"not_picked":["Runic Pyramid","Velvet Choker"],"picked":"Orrery"}],"items_purged_floors":[13,22,37],"is_endless":false,"potions_floor_spawned":[1,2,11,12,19,21,33,36,45,46,48],"killed_by":"Time Eater","ascension_level":4}