{"gold_per_floor":[119,139,156,156,331,357,357,376,376,376,376,376,386,404,404,404],"floor_reached":16,"playtime":766,"items_purged":[],"score":117,"play_id":"8fa37e87-9de0-476a-8765-74a18991d735","local_time":"20191001090350","is_ascension_mode":true,"campfire_choices":[{"data":"Spot Weakness","floor":7,"key":"SMITH"},{"floor":10,"key":"DIG"},{"floor":12,"key":"DIG"},{"data":"Rupture","floor":15,"key":"SMITH"}],"neow_cost":"NONE","seed_source_timestamp":77851553135500,"circlet_count":0,"master_deck":["Strike_R","Strike_R","Strike_R","Defend_R","Defend_R","Defend_R","Defend_R","Bash","Rupture+1","Spot Weakness+1","Ghostly Armor","Cleave","Doubt","Shrug It Off","Iron Wave","Shrug It Off"],"relics":["Burning Blood","Mango","Shovel","Torii","Darkstone Periapt"],"potions_floor_usage":[6,6,6,13,16],"damage_taken":[{"damage":0,"enemies":"Small Slimes","floor":1,"turns":3},{"damage":4,"enemies":"Jaw Worm","floor":2,"turns":4},{"damage":0,"enemies":"2 Louse","floor":3,"turns":3},{"damage":54,"enemies":"Gremlin Nob","floor":6,"turns":6},{"damage":18,"enemies":"Gremlin Gang","floor":8,"turns":4},{"damage":7,"enemies":"3 Louse","floor":13,"turns":3},{"damage":11,"enemies":"Red Slaver","floor":14,"turns":5},{"damage":76,"enemies":"Slime Boss","floor":16,"turns":11}],"seed_played":"-8548499644800898119","potions_obtained":[{"floor":1,"key":"Regen Potion"},{"floor":2,"key":"Weak Potion"},{"floor":3,"key":"GamblersBrew"},{"floor":6,"key":"GamblersBrew"},{"floor":11,"key":"Poison Potion"},{"floor":11,"key":"BloodPotion"},{"floor":11,"key":"FairyPotion"}],"is_trial":false,"path_per_floor":["M","M","M","?","?","E","R","M","T","R","?","R","M","M","R","B"],"character_chosen":"IRONCLAD","items_purchased":[],"campfire_rested":0,"item_purchase_floors":[],"current_hp_per_floor":[80,80,80,73,73,53,53,41,41,41,41,41,63,58,58,0],"gold":404,"neow_bonus":"TRANSFORM_CARD","is_prod":false,"is_daily":false,"chose_seed":false,"campfire_upgraded":2,"win_rate":0,"timestamp":1569938630,"path_taken":["M","M","M","?","?","E","R","M","T","R","?","R","?","M","R","BOSS"],"build_version":"2019-07-17","purchased_purges":0,"victory":false,"max_hp_per_floor":[80,80,80,80,80,94,94,94,94,94,94,94,94,94,94,94],"card_choices":[{"not_picked":["Dropkick","Flex"],"picked":"Spot Weakness","floor":1},{"not_picked":["Burning Pact","Reckless Charge"],"picked":"Ghostly Armor","floor":2},{"not_picked":["Twin Strike","Sword Boomerang"],"picked":"Cleave","floor":3},{"not_picked":["Hemokinesis","Wild Strike"],"picked":"Shrug It Off","floor":6},{"not_picked":["Pommel Strike","Clothesline"],"picked":"Iron Wave","floor":8},{"not_picked":["Clothesline","Juggernaut"],"picked":"Shrug It Off","floor":13},{"not_picked":["Second Wind","Wild Strike","Warcry"],"picked":"SKIP","floor":14}],"player_experience":238128,"relics_obtained":[{"floor":6,"key":"Mango"},{"floor":9,"key":"Shovel"},{"floor":10,"key":"Torii"},{"floor":12,"key":"Darkstone Periapt"}],"event_choices":[{"cards_removed":["Strike_R"],"damage_healed":0,"gold_gain":0,"player_choice":"Card Removal","damage_taken":7,"max_hp_gain":0,"max_hp_loss":0,"event_name":"Golden Wing","floor":4,"gold_loss":0},{"damage_healed":0,"gold_gain":175,"player_choice":"AGREE","damage_taken":0,"max_hp_gain":0,"max_hp_loss":0,"event_name":"Liars Game","floor":5,"gold_loss":0,"cards_obtained":["Doubt"]},{"damage_healed":0,"gold_gain":0,"player_choice":"Got Potions","damage_taken":0,"max_hp_gain":0,"max_hp_loss":0,"event_name":"Lab","floor":11,"gold_loss":0}],"is_beta":false,"boss_relics":[],"items_purged_floors":[],"is_endless":false,"potions_floor_spawned":[1,2,3,6],"killed_by":"Slime Boss","ascension_level":3}