{"gold_per_floor":[110,35,110,110,122,122,149,166,218,235,246,146,174,174,174,279,279,292,391,403,20,49,49,66,66,66,96,47,47,47,62,62,161,161,173,23,23,245,260,260,271,271,349,349,349,362,187,197,197,197],"floor_reached":50,"playtime":1377,"items_purged":["Defend_R","Strike_R","Strike_R","Strike_R","Burning Pact+1"],"score":552,"play_id":"e5cff216-1bc1-4970-9645-c4830b3306b9","local_time":"20190419145844","is_ascension_mode":true,"campfire_choices":[{"data":"Iron Wave","floor":6,"key":"SMITH"},{"data":"Uppercut","floor":15,"key":"SMITH"},{"floor":23,"key":"REST"},{"floor":25,"key":"REST"},{"floor":32,"key":"REST"},{"floor":40,"key":"REST"},{"floor":42,"key":"REST"},{"floor":45,"key":"REST"},{"floor":49,"key":"REST"}],"neow_cost":"NONE","seed_source_timestamp":2320206395624500,"circlet_count":0,"master_deck":["Strike_R","Defend_R","Defend_R","Defend_R","Bash","Shrug It Off","Uppercut+1","Iron Wave+1","Spot Weakness","Thunderclap","Shrug It Off","Thunderclap","Immolate","Cleave+1","Intimidate","Exhume","Double Tap","True Grit+1","Flex+1","Violence","Shockwave+1"],"relics":["Burning Blood","Bronze Scales","Omamori","Orichalcum","Odd Mushroom","Fusion Hammer","Gremlin Horn","Red Mask","Paper Frog","Strawberry","Mark of Pain","Dodecahedron"],"potions_floor_usage":[16,16,18,24,27,31,39],"damage_taken":[{"damage":17,"enemies":"Jaw Worm","floor":1,"turns":5},{"damage":7,"enemies":"Small Slimes","floor":5,"turns":3},{"damage":23,"enemies":"3 Sentries","floor":7,"turns":10},{"damage":4,"enemies":"Cultist","floor":8,"turns":5},{"damage":2,"enemies":"Looter","floor":10,"turns":3},{"damage":7,"enemies":"Blue Slaver","floor":11,"turns":3},{"damage":6,"enemies":"The Mushroom Lair","floor":13,"turns":4},{"damage":30,"enemies":"Hexaghost","floor":16,"turns":7},{"damage":1,"enemies":"3 Byrds","floor":18,"turns":3},{"damage":17,"enemies":"2 Thieves","floor":20,"turns":3},{"damage":7,"enemies":"Masked Bandits","floor":22,"turns":3},{"damage":13,"enemies":"Snecko","floor":24,"turns":3},{"damage":14,"enemies":"Gremlin Leader","floor":27,"turns":3},{"damage":0,"enemies":"3 Cultists","floor":31,"turns":3},{"damage":52,"enemies":"Champ","floor":33,"turns":13},{"damage":18,"enemies":"Orb Walker","floor":35,"turns":4},{"damage":54,"enemies":"3 Shapes","floor":39,"turns":4},{"damage":12,"enemies":"Sphere and 2 Shapes","floor":41,"turns":3},{"damage":32,"enemies":"Spire Growth","floor":46,"turns":5},{"damage":58,"enemies":"Maw","floor":48,"turns":8},{"damage":39,"enemies":"Donu and Deca","floor":50,"turns":4}],"seed_played":"-380912647250972362","potions_obtained":[{"floor":7,"key":"Strength Potion"},{"floor":10,"key":"Poison Potion"},{"floor":16,"key":"LiquidBronze"},{"floor":20,"key":"Regen Potion"},{"floor":22,"key":"LiquidBronze"},{"floor":35,"key":"EssenceOfSteel"},{"floor":48,"key":"SteroidPotion"}],"is_trial":false,"path_per_floor":["M","$","?","?","M","R","E","M","T","M","M","$","?","?","R","B",null,"M","?","M","$","?","R","M","R","T","E","$","?","$","M","R","B",null,"M","$","?","?","M","R","M","R","T","?","R","M","$","M","R","B"],"character_chosen":"IRONCLAD","items_purchased":["Gremlin Horn","Strength Potion"],"campfire_rested":7,"item_purchase_floors":[21,28],"current_hp_per_floor":[69,69,58,58,57,57,40,42,42,46,45,45,45,71,71,47,80,80,80,69,69,68,80,73,80,80,83,83,83,83,87,87,41,87,75,75,75,75,27,53,47,73,73,73,87,61,61,9,35,0],"gold":197,"neow_bonus":"RANDOM_COMMON_RELIC","is_prod":false,"is_daily":false,"chose_seed":false,"campfire_upgraded":2,"win_rate":0,"timestamp":1555675124,"path_taken":["M","$","?","?","M","R","E","?","T","M","M","$","?","?","R","BOSS","M","?","M","$","?","R","M","R","T","E","$","?","$","?","R","BOSS","M","$","?","?","M","R","M","R","T","?","R","M","$","M","R","BOSS"],"build_version":"2019-01-23","purchased_purges":5,"victory":false,"max_hp_per_floor":[80,80,80,80,80,80,80,80,80,80,80,80,80,80,80,80,80,80,80,80,80,80,80,80,80,80,87,87,87,87,87,87,87,87,87,87,87,87,87,87,87,87,87,87,87,87,87,87,87,87],"card_choices":[{"not_picked":["Cleave","Power Through"],"picked":"Shrug It Off","floor":1},{"not_picked":["Warcry","Headbutt"],"picked":"Iron Wave","floor":5},{"not_picked":["Searing Blow","Wild Strike"],"picked":"Spot Weakness","floor":7},{"not_picked":["Entrench","Pummel","Corruption"],"picked":"SKIP","floor":8},{"not_picked":["Havoc","Exhume"],"picked":"Thunderclap","floor":10},{"not_picked":["Pommel Strike","Havoc"],"picked":"Shrug It Off","floor":11},{"not_picked":["Sever Soul","Carnage"],"picked":"Thunderclap","floor":13},{"not_picked":["Berserk","Feed"],"picked":"Immolate","floor":16},{"not_picked":["Battle Trance","Headbutt","True Grit"],"picked":"SKIP","floor":18},{"not_picked":["Armaments","Pummel"],"picked":"Cleave+1","floor":20},{"not_picked":["Thunderclap","Sword Boomerang"],"picked":"Burning Pact+1","floor":22},{"not_picked":["Headbutt","Perfected Strike"],"picked":"Inflame","floor":24},{"not_picked":["Flex","Sever Soul+1","Clothesline"],"picked":"SKIP","floor":27},{"not_picked":["Headbutt","Shrug It Off","Havoc"],"picked":"SKIP","floor":31},{"not_picked":["Exhume","Barricade"],"picked":"Double Tap","floor":33},{"not_picked":["Evolve","Second Wind"],"picked":"True Grit+1","floor":35},{"not_picked":["Wild Strike","Metallicize"],"picked":"Flex+1","floor":39},{"not_picked":["Sentinel","Twin Strike","Shrug It Off"],"picked":"SKIP","floor":41},{"not_picked":["Deep Breath","The Bomb"],"picked":"Violence","floor":44},{"not_picked":["Infernal Blade","Corruption+1","Rampage"],"picked":"SKIP","floor":46},{"not_picked":["Warcry","Havoc"],"picked":"Shockwave+1","floor":48}],"player_experience":327644,"relics_obtained":[{"floor":7,"key":"Omamori"},{"floor":9,"key":"Orichalcum"},{"floor":13,"key":"Odd Mushroom"},{"floor":22,"key":"Red Mask"},{"floor":26,"key":"Paper Frog"},{"floor":27,"key":"Strawberry"},{"floor":43,"key":"Dodecahedron"}],"event_choices":[{"damage_healed":0,"gold_gain":75,"player_choice":"Gather Gold","damage_taken":11,"max_hp_gain":0,"max_hp_loss":0,"event_name":"World of Goop","floor":3,"gold_loss":0},{"damage_healed":0,"gold_gain":0,"cards_transformed":["Strike_R"],"player_choice":"Transformed","damage_taken":0,"max_hp_gain":0,"max_hp_loss":0,"event_name":"Transmorgrifier","floor":4,"gold_loss":0,"cards_obtained":["Uppercut"]},{"damage_healed":0,"gold_gain":0,"player_choice":"Fought Mushrooms","damage_taken":0,"max_hp_gain":0,"max_hp_loss":0,"event_name":"Mushrooms","floor":13,"gold_loss":0},{"damage_healed":26,"gold_gain":0,"player_choice":"Banana","damage_taken":0,"max_hp_gain":0,"max_hp_loss":0,"event_name":"Big Fish","floor":14,"gold_loss":0},{"damage_healed":0,"gold_gain":99,"player_choice":"Stole From Cult","damage_taken":0,"max_hp_gain":0,"max_hp_loss":0,"event_name":"Nest","floor":19,"gold_loss":0},{"damage_healed":0,"gold_gain":0,"player_choice":"Fought Bandits","damage_taken":0,"max_hp_gain":0,"max_hp_loss":0,"event_name":"Masked Bandits","floor":22,"gold_loss":0},{"damage_healed":0,"gold_gain":0,"player_choice":"2 cards matched","damage_taken":0,"max_hp_gain":0,"max_hp_loss":0,"event_name":"Match and Keep!","floor":29,"gold_loss":0,"cards_obtained":["Intimidate","Exhume"]},{"cards_removed":["Inflame"],"damage_healed":0,"gold_gain":0,"player_choice":"Removed Power","damage_taken":0,"max_hp_gain":0,"max_hp_loss":0,"event_name":"Falling","floor":37,"gold_loss":0},{"damage_healed":0,"gold_gain":222,"player_choice":"Wore Mask","damage_taken":0,"max_hp_gain":0,"max_hp_loss":0,"event_name":"Tomb of Lord Red Mask","floor":38,"gold_loss":0},{"damage_healed":0,"gold_gain":0,"player_choice":"Memory 1","damage_taken":0,"max_hp_gain":0,"max_hp_loss":0,"event_name":"SensoryStone","floor":44,"gold_loss":0}],"is_beta":false,"boss_relics":[{"not_picked":["Philosopher\u0027s Stone","Runic Pyramid"],"picked":"Fusion Hammer"},{"not_picked":["Runic Cube","Coffee Dripper"],"picked":"Mark of Pain"}],"items_purged_floors":[2,12,21,36,47],"is_endless":false,"potions_floor_spawned":[7,10,16,20,22,35,48],"killed_by":"Donu and Deca","ascension_level":3}