{"gold_per_floor":[116,127,3,19,33,33,67,67,67,86,114,124,124,159,159,159],"floor_reached":16,"playtime":1183,"items_purged":["Injury"],"score":128,"play_id":"9ce3ae92-4536-4b80-8b87-ef5f07fa1f17","local_time":"20180721151753","is_ascension_mode":true,"campfire_choices":[{"data":"Inflame","floor":6.0,"key":"SMITH"},{"data":"Exhume","floor":8.0,"key":"SMITH"},{"data":"Flex","floor":13.0,"key":"SMITH"},{"data":"Heavy Blade","floor":15.0,"key":"SMITH"}],"neow_cost":"CURSE","seed_source_timestamp":0,"circlet_count":0,"master_deck":["Strike_R","Strike_R","Strike_R","Strike_R","Strike_R","Defend_R","Defend_R","Defend_R","Defend_R","Bash","Immolate","Cleave","Iron Wave","Flex+1","Shockwave","Inflame+1","Exhume+1","Headbutt","Heavy Blade+1","Impervious","Dropkick"],"special_seed":0,"relics":["Burning Blood","Bottled Lightning","Letter Opener","Matryoshka","Oddly Smooth Stone"],"potions_floor_usage":[],"damage_taken":[{"damage":1.0,"enemies":"Cultist","floor":1.0,"turns":3.0},{"damage":1.0,"enemies":"2 Louse","floor":2.0,"turns":2.0},{"damage":0.0,"enemies":"Small Slimes","floor":4.0,"turns":2.0},{"damage":15.0,"enemies":"Blue Slaver","floor":5.0,"turns":5.0},{"damage":14.0,"enemies":"3 Sentries","floor":7.0,"turns":6.0},{"damage":11.0,"enemies":"3 Louse","floor":10.0,"turns":3.0},{"damage":11.0,"enemies":"Lagavulin","floor":11.0,"turns":5.0},{"damage":9.0,"enemies":"Large Slime","floor":12.0,"turns":6.0},{"damage":11.0,"enemies":"3 Sentries","floor":14.0,"turns":3.0},{"damage":42,"enemies":"The Guardian","floor":16,"turns":10}],"seed_played":"3990069180561209513","potions_obtained":[{"floor":1.0,"key":"AttackPotion"},{"floor":4.0,"key":"Block Potion"},{"floor":5.0,"key":"Fire Potion"},{"floor":10.0,"key":"Poison Potion"}],"is_trial":false,"path_per_floor":["M","M","$","M","M","R","E","R","T","M","E","M","R","E","R"],"character_chosen":"IRONCLAD","items_purchased":["Flex"],"campfire_rested":0,"item_purchase_floors":[3],"current_hp_per_floor":[80,80,80,80,71,71,63,63,63,58,53,50,50,45,45,3],"gold":159,"neow_bonus":"THREE_RARE_CARDS","is_prod":false,"is_daily":false,"chose_seed":false,"campfire_upgraded":4,"win_rate":0,"timestamp":1532175473,"path_taken":["M","?","$","M","M","R","E","R","T","M","E","M","R","E","R","BOSS"],"build_version":"2018-07-19v2","purchased_purges":1,"victory":false,"max_hp_per_floor":[80,80,80,80,80,80,80,80,80,80,80,80,80,80,80,80],"card_choices":[{"not_picked":["Feed","Juggernaut"],"picked":"Immolate","floor":0.0},{"not_picked":["Anger","Feel No Pain"],"picked":"Cleave","floor":1.0},{"not_picked":["Dropkick","Evolve"],"picked":"Iron Wave","floor":2.0},{"not_picked":["Twin Strike","Combust"],"picked":"Shockwave","floor":4.0},{"not_picked":["Body Slam","Rupture"],"picked":"Inflame","floor":5.0},{"not_picked":["Warcry","Second Wind"],"picked":"Exhume","floor":7.0},{"not_picked":["Flex","Uppercut"],"picked":"Headbutt","floor":10.0},{"not_picked":["Blood for Blood","Pommel Strike"],"picked":"Heavy Blade","floor":11.0},{"not_picked":["Heavy Blade","Havoc"],"picked":"Impervious","floor":12.0},{"not_picked":["Carnage","Twin Strike"],"picked":"Dropkick","floor":14.0}],"player_experience":138820,"relics_obtained":[{"floor":7.0,"key":"Bottled Lightning"},{"floor":9.0,"key":"Letter Opener"},{"floor":11.0,"key":"Matryoshka"},{"floor":14.0,"key":"Oddly Smooth Stone"}],"event_choices":[],"is_beta":false,"boss_relics":[],"items_purged_floors":[3],"is_endless":false,"potions_floor_spawned":[1,4,5,10],"killed_by":"The Guardian","ascension_level":1}