{"gold_per_floor":[113,126,401,21,76,101,134,134,187,187,255,322,379,61,61,188,188,225,225,268,116,186,186,215,130,142,154,186,212,284,373,385,519,531,587,599,630,26,102,131,145,145,145,157,209,0,34,64,64,89],"floor_reached":51,"playtime":2911,"items_purged":["Regret","Strike_R","Anger"],"score":1065,"play_id":"9ef6686c-b4c1-471e-b0c6-23a8cb913e87","local_time":"20190630191254","is_ascension_mode":false,"campfire_choices":[{"data":"HandOfGreed","floor":10,"key":"SMITH"},{"data":"Flame Barrier","floor":15,"key":"SMITH"},{"data":"Combust","floor":23,"key":"SMITH"},{"data":"Juggernaut","floor":32,"key":"SMITH"},{"floor":42,"key":"REST"},{"data":"Spot Weakness","floor":49,"key":"SMITH"}],"neow_cost":"NONE","seed_source_timestamp":166158590474626,"circlet_count":0,"master_deck":["Strike_R","Strike_R","Defend_R","Defend_R","Defend_R","Defend_R","Bash","Offering","Flame Barrier+1","HandOfGreed+1","Metallicize","Metallicize","Offering","Headbutt","Feed","Feel No Pain","Shrug It Off","Shrug It Off+1","Battle Trance","Combust+1","Juggernaut+1","Sword Boomerang","Iron Wave","Spot Weakness+1","Warcry+1","Barricade","Enlightenment+1","Armaments+1","Flame Barrier+1","Double Tap+1","Headbutt","True Grit+1","Limit Break+1","Uppercut+1"],"relics":["Burning Blood","Happy Flower","Sundial","Red Skull","Pantograph","Cursed Key","Omamori","Mummified Hand","MawBank","Letter Opener","Kunai","Toxic Egg 2","Runic Pyramid","Membership Card","WingedGreaves","Mercury Hourglass","Thread and Needle","Boot","Blood Vial","Red Mask","Dream Catcher","Strawberry"],"potions_floor_usage":[6,12,13,20,39,39,50],"damage_taken":[{"damage":11,"enemies":"Small Slimes","floor":1,"turns":5},{"damage":5,"enemies":"Cultist","floor":2,"turns":4},{"damage":5,"enemies":"2 Louse","floor":5,"turns":5},{"damage":9,"enemies":"3 Sentries","floor":6,"turns":11},{"damage":6,"enemies":"Looter","floor":7,"turns":2},{"damage":7,"enemies":"Exordium Thugs","floor":11,"turns":5},{"damage":0,"enemies":"3 Louse","floor":12,"turns":5},{"damage":17,"enemies":"Lagavulin","floor":13,"turns":4},{"damage":16,"enemies":"The Guardian","floor":16,"turns":13},{"damage":6,"enemies":"Spheric Guardian","floor":18,"turns":4},{"damage":6,"enemies":"2 Thieves","floor":20,"turns":3},{"damage":16,"enemies":"3 Cultists","floor":22,"turns":5},{"damage":17,"enemies":"Gremlin Leader","floor":24,"turns":7},{"damage":11,"enemies":"Shelled Parasite and Fungi","floor":28,"turns":5},{"damage":9,"enemies":"Centurion and Healer","floor":29,"turns":5},{"damage":16,"enemies":"Book of Stabbing","floor":30,"turns":4},{"damage":17,"enemies":"Collector","floor":33,"turns":6},{"damage":13,"enemies":"3 Shapes","floor":35,"turns":2},{"damage":21,"enemies":"Orb Walker","floor":37,"turns":3},{"damage":29,"enemies":"2 Orb Walkers","floor":39,"turns":4},{"damage":9,"enemies":"Giant Head","floor":40,"turns":7},{"damage":12,"enemies":"Transient","floor":41,"turns":5},{"damage":8,"enemies":"3 Darklings","floor":44,"turns":4},{"damage":6,"enemies":"Nemesis","floor":45,"turns":5},{"damage":6,"enemies":"Giant Head","floor":47,"turns":7},{"damage":11,"enemies":"Nemesis","floor":48,"turns":5},{"damage":13,"enemies":"Time Eater","floor":50,"turns":7}],"seed_played":"-7172557922335008443","potions_obtained":[{"floor":1,"key":"SteroidPotion"},{"floor":5,"key":"Fire Potion"},{"floor":6,"key":"Block Potion"},{"floor":13,"key":"Explosive Potion"},{"floor":20,"key":"Weak Potion"},{"floor":22,"key":"Regen Potion"},{"floor":39,"key":"SpeedPotion"},{"floor":40,"key":"FairyPotion"},{"floor":44,"key":"Fire Potion"}],"is_trial":false,"path_per_floor":["M","M","?","$","M","E","M","T","T","R","M","M","E","$","R","B",null,"M","?","M","$","M","R","E","?","T","?","M","M","E","T","R","B",null,"M","?","M","$","?","E","M","R","T","M","E","?","E","E","R","B",null],"character_chosen":"IRONCLAD","items_purchased":["HandOfGreed","Metallicize","PowerPotion","Feed","Feel No Pain","Shrug It Off","Omamori","Membership Card","WingedGreaves","Mercury Hourglass","Enlightenment+1","Armaments+1"],"campfire_rested":1,"item_purchase_floors":[4,4,4,14,14,14,21,38,38,38,38,38],"current_hp_per_floor":[75,76,76,76,77,74,74,74,74,74,73,79,68,68,68,70,80,80,80,83,83,76,76,68,68,68,68,66,66,56,56,56,70,95,91,91,79,79,72,73,67,99,99,97,97,97,103,111,111,117],"gold":89,"neow_bonus":"ONE_RANDOM_RARE_CARD","is_prod":false,"is_daily":false,"chose_seed":false,"campfire_upgraded":5,"win_rate":0,"timestamp":1561918374,"path_taken":["M","M","?","$","?","E","M","?","T","R","M","M","E","$","R","BOSS","M","?","M","$","M","R","E","?","T","?","M","M","E","?","R","BOSS","M","?","M","$","?","E","M","R","T","M","E","?","E","E","R","BOSS"],"build_version":"2019-01-23","purchased_purges":3,"victory":true,"max_hp_per_floor":[80,80,80,80,80,80,80,80,80,80,80,80,80,80,80,80,80,80,80,83,83,86,86,89,89,89,89,92,95,95,95,95,95,95,98,98,101,101,105,109,109,109,109,109,109,109,113,124,124,124],"card_choices":[{"not_picked":["Uppercut","Thunderclap"],"picked":"Anger","floor":1},{"not_picked":["Wild Strike","Flex"],"picked":"Flame Barrier","floor":2},{"not_picked":["Armaments","Cleave"],"picked":"Metallicize","floor":5},{"not_picked":["Fire Breathing","Thunderclap"],"picked":"Offering","floor":6},{"not_picked":["Body Slam","Heavy Blade","Perfected Strike"],"picked":"SKIP","floor":7},{"not_picked":["Anger","Power Through","Bloodletting"],"picked":"SKIP","floor":11},{"not_picked":["Thunderclap","Havoc"],"picked":"Warcry","floor":12},{"not_picked":["Heavy Blade","Thunderclap"],"picked":"Headbutt","floor":13},{"not_picked":["Sword Boomerang","Warcry"],"picked":"Shrug It Off+1","floor":18},{"not_picked":["Pummel","Burning Pact"],"picked":"Battle Trance","floor":20},{"not_picked":["Clash","Iron Wave"],"picked":"Combust","floor":22},{"not_picked":["Thunderclap","Iron Wave"],"picked":"Juggernaut","floor":24},{"not_picked":["Thunderclap","True Grit"],"picked":"Spot Weakness","floor":28},{"not_picked":["Cleave","Carnage"],"picked":"Warcry+1","floor":29},{"not_picked":["Fire Breathing","Cleave","Offering"],"picked":"SKIP","floor":30},{"not_picked":["Impervious+1","Limit Break+1"],"picked":"Barricade","floor":33},{"not_picked":["Feel No Pain","Clash","Iron Wave+1"],"picked":"SKIP","floor":35},{"not_picked":["Cleave","Headbutt+1","Flex+1"],"picked":"SKIP","floor":37},{"not_picked":["Pommel Strike+1","Whirlwind+1"],"picked":"Flame Barrier+1","floor":39},{"not_picked":["Metallicize","Iron Wave"],"picked":"Double Tap+1","floor":40},{"not_picked":["Blood for Blood+1","Battle Trance+1"],"picked":"Headbutt","floor":41},{"not_picked":["Pommel Strike","Armaments+1"],"picked":"True Grit+1","floor":44},{"not_picked":["Flex+1","Cleave+1","Carnage+1"],"picked":"SKIP","floor":45},{"not_picked":["Wild Strike","Sword Boomerang+1"],"picked":"Limit Break+1","floor":47},{"not_picked":["Hemokinesis+1","Dropkick+1"],"picked":"Uppercut+1","floor":48}],"player_experience":1667007,"relics_obtained":[{"floor":6,"key":"Happy Flower"},{"floor":8,"key":"Sundial"},{"floor":9,"key":"Red Skull"},{"floor":13,"key":"Pantograph"},{"floor":24,"key":"Mummified Hand"},{"floor":26,"key":"Letter Opener"},{"floor":30,"key":"Kunai"},{"floor":31,"key":"Toxic Egg 2"},{"floor":39,"key":"Thread and Needle"},{"floor":40,"key":"Boot"},{"floor":45,"key":"Blood Vial"},{"floor":47,"key":"Dream Catcher"},{"floor":48,"key":"Strawberry"}],"event_choices":[{"damage_healed":0,"gold_gain":275,"player_choice":"Desecrate","damage_taken":0,"max_hp_gain":0,"max_hp_loss":0,"event_name":"Golden Shrine","floor":3,"gold_loss":0,"cards_obtained":["Regret"]},{"damage_healed":0,"gold_gain":0,"player_choice":"Ignored","damage_taken":0,"max_hp_gain":0,"max_hp_loss":0,"event_name":"Ghosts","floor":19,"gold_loss":0},{"damage_healed":0,"gold_gain":0,"player_choice":"Obtained Relic","damage_taken":0,"relics_obtained":["MawBank"],"max_hp_gain":0,"max_hp_loss":0,"event_name":"Addict","floor":25,"gold_loss":85},{"damage_healed":0,"gold_gain":0,"cards_transformed":["Strike_R","Strike_R"],"player_choice":"Became Test Subject","damage_taken":0,"max_hp_gain":0,"max_hp_loss":0,"event_name":"Drug Dealer","floor":27,"gold_loss":0,"cards_obtained":["Sword Boomerang","Iron Wave"]},{"cards_removed":["Warcry"],"damage_healed":0,"gold_gain":0,"player_choice":"Removed Skill","damage_taken":0,"max_hp_gain":0,"max_hp_loss":0,"event_name":"Falling","floor":36,"gold_loss":0},{"damage_healed":0,"gold_gain":0,"player_choice":"Fight","damage_taken":0,"max_hp_gain":0,"max_hp_loss":0,"event_name":"Mysterious Sphere","floor":39,"gold_loss":0},{"damage_healed":0,"gold_gain":0,"player_choice":"Paid","damage_taken":0,"relics_obtained":["Red Mask"],"max_hp_gain":0,"max_hp_loss":0,"event_name":"Tomb of Lord Red Mask","floor":46,"gold_loss":209}],"is_beta":false,"boss_relics":[{"not_picked":["Runic Dome","Coffee Dripper"],"picked":"Cursed Key"},{"not_picked":["Astrolabe","Philosopher\u0027s Stone"],"picked":"Runic Pyramid"}],"items_purged_floors":[4,14,38],"is_endless":false,"potions_floor_spawned":[1,5,6,13,20,22,28,33,35,39,40,44,48],"ascension_level":0}