{"gold_per_floor":[365,365,76,95,95,136,136,155,210,210,210,224,259,275,275,406,469,482,482,503,351,365,365,385,385],"floor_reached":25,"playtime":855,"items_purged":["Strike_R","Strike_R"],"score":238,"play_id":"7da77fca-300d-47e0-8df0-7fd6c1dc4cb9","local_time":"20180720212442","is_ascension_mode":false,"campfire_choices":[{"floor":7,"key":"REST"},{"floor":10,"key":"REST"},{"data":"Flex","floor":15,"key":"SMITH"},{"data":"Flex","floor":23,"key":"SMITH"}],"neow_cost":"TEN_PERCENT_HP_LOSS","seed_source_timestamp":542290697218560,"circlet_count":0,"master_deck":["Strike_R","Strike_R","Strike_R+1","Defend_R","Defend_R","Defend_R","Bash+1","Hemokinesis","Master of Strategy","Flex+1","Cleave","Iron Wave+1","Iron Wave","Heavy Blade","Immolate","Flex+1","Flex+1","Armaments"],"relics":["Burning Blood","Golden Idol","Anchor","Question Card","Whetstone","Boot","Tiny House"],"potions_floor_usage":[8,13,14,16,24,25],"damage_taken":[{"damage":5,"enemies":"2 Louse","floor":1,"turns":4},{"damage":4,"enemies":"Cultist","floor":4,"turns":3},{"damage":37,"enemies":"Lagavulin","floor":6,"turns":5},{"damage":3,"enemies":"Jaw Worm","floor":8,"turns":2},{"damage":8,"enemies":"Looter","floor":12,"turns":3},{"damage":3,"enemies":"3 Sentries","floor":13,"turns":5},{"damage":11,"enemies":"Exordium Wildlife","floor":14,"turns":3},{"damage":20,"enemies":"Slime Boss","floor":16,"turns":7},{"damage":3,"enemies":"Chosen","floor":18,"turns":3},{"damage":21,"enemies":"3 Byrds","floor":20,"turns":4},{"damage":6,"enemies":"Snake Plant","floor":22,"turns":3},{"damage":16,"enemies":"Centurion and Healer","floor":24,"turns":5},{"damage":54,"enemies":"Gremlin Leader","floor":25,"turns":5}],"seed_played":"9146854741841831139","potions_obtained":[{"floor":1,"key":"Explosive Potion"},{"floor":6,"key":"Strength Potion"},{"floor":12,"key":"Block Potion"},{"floor":13,"key":"Fire Potion"},{"floor":14,"key":"Weak Potion"},{"floor":16,"key":"Swift Potion"},{"floor":17,"key":"SpeedPotion"},{"floor":24,"key":"EssenceOfSteel"}],"is_trial":false,"path_per_floor":["M","?","$","M","?","E","R","M","T","R","?","M","E","M","R","B",null,"M","?","M","$","M","R","M"],"character_chosen":"IRONCLAD","items_purchased":["Master of Strategy","Armaments"],"campfire_rested":2,"item_purchase_floors":[3,21],"current_hp_per_floor":[72,54,54,56,44,13,34,37,37,58,58,56,59,54,54,40,77,77,77,62,62,62,62,52,0],"gold":385,"neow_bonus":"TWO_FIFTY_GOLD","is_prod":false,"is_daily":false,"chose_seed":false,"campfire_upgraded":2,"win_rate":0.0,"timestamp":1532111082,"path_taken":["M","?","$","M","?","E","R","M","T","R","?","M","E","M","R","BOSS","M","?","M","$","M","R","M","E"],"build_version":"2018-07-19v2","purchased_purges":2,"victory":false,"max_hp_per_floor":[72,72,72,72,72,72,72,72,72,72,72,72,72,72,72,72,77,77,77,77,77,77,77,77,77],"card_choices":[{"not_picked":["Intimidate","True Grit"],"picked":"Hemokinesis","floor":1},{"not_picked":["Pummel","Rupture"],"picked":"Flex","floor":4},{"not_picked":["Entrench","Armaments"],"picked":"Cleave","floor":6},{"not_picked":["Pommel Strike","Clothesline","Clash"],"picked":"Iron Wave","floor":8},{"not_picked":["Body Slam","Berserk","Headbutt"],"picked":"Iron Wave","floor":12},{"not_picked":["Dual Wield","Combust","Whirlwind"],"picked":"Heavy Blade","floor":13},{"not_picked":["Pommel Strike","Pummel","Blood for Blood","Sever Soul"],"picked":"SKIP","floor":14},{"not_picked":["Fiend Fire","Brutality","Barricade"],"picked":"Immolate","floor":16},{"not_picked":["Havoc","Iron Wave","Rupture"],"picked":"Sword Boomerang","floor":17},{"not_picked":["Ghostly Armor","Twin Strike","Pummel"],"picked":"Flex","floor":18},{"not_picked":["Perfected Strike+1","Fiend Fire","Metallicize"],"picked":"Flex+1","floor":20},{"not_picked":["Heavy Blade","Metallicize","Body Slam","Iron Wave"],"picked":"SKIP","floor":22},{"not_picked":["Sword Boomerang","Pommel Strike","Uppercut","Havoc"],"picked":"SKIP","floor":24}],"player_experience":121373,"relics_obtained":[{"floor":6,"key":"Question Card"},{"floor":9,"key":"Whetstone"},{"floor":13,"key":"Boot"}],"event_choices":[{"event_name":"Golden Idol","player_choice":"Take Damage","floor":2,"damage_taken":0},{"event_name":"Scrap Ooze","player_choice":"success","floor":5,"damage_taken":12},{"event_name":"Purifier","player_choice":"One Purge","floor":11,"damage_taken":0},{"event_name":"Bonfire Elementals","player_choice":"COMMON","floor":19,"damage_taken":0}],"is_beta":false,"boss_relics":[{"not_picked":["Runic Cube","Black Blood"],"picked":"Tiny House"}],"items_purged_floors":[3,21],"is_endless":false,"potions_floor_spawned":[1,6,12,13,14,16,24],"killed_by":"Gremlin Leader","ascension_level":0}