{"gold_per_floor":[111,125,144,164,114,114,142,142,224,224,235,247,247,264,264,361,361,372,249,263,89,109,135,165,177,257,544,587,616,647,693,705,820,832,864,439,45,61,161,161,193,193,193,193,193,223,47,60,60,60],"floor_reached":51,"playtime":4382,"items_purged":["Strike_G","Regret","Strike_G"],"score":1046,"play_id":"00567868-6a17-4cbb-b5a9-141e77a5d794","local_time":"20191010012410","is_ascension_mode":true,"campfire_choices":[{"data":"Backstab","floor":6.0,"key":"SMITH"},{"data":"Die Die Die","floor":8.0,"key":"SMITH"},{"data":"Deadly Poison","floor":13.0,"key":"SMITH"},{"data":"Malaise","floor":15.0,"key":"SMITH"},{"data":"Terror","floor":25.0,"key":"SMITH"},{"data":"Catalyst","floor":32,"key":"SMITH"},{"data":"Noxious Fumes","floor":40,"key":"SMITH"},{"data":"Bouncing Flask","floor":45,"key":"SMITH"},{"floor":49,"key":"REST"}],"neow_cost":"NONE","seed_source_timestamp":0,"circlet_count":0,"master_deck":["Strike_G","Strike_G","Strike_G","Defend_G","Defend_G","Defend_G","Defend_G","Survivor","Neutralize+1","Backflip","Leg Sweep","Quick Slash","Backstab+1","Die Die Die+1","Deadly Poison+1","Catalyst+1","Malaise+1","Venomology","Endless Agony","Dodge and Roll","Die Die Die","Terror+1","Poisoned Stab","Deflect","Well Laid Plans+1","Bouncing Flask+1","Cloak And Dagger","Dagger Spray","Adrenaline","Noxious Fumes+1","Deadly Poison","Caltrops","Flechettes+1","Backflip"],"special_seed":0,"relics":["Ring of the Serpent","Anchor","Pocketwatch","Pantograph","MawBank","Blue Candle","Potion Belt","Pear","Busted Crown","Ornamental Fan","Art of War","Unceasing Top","Juzu Bracelet","Molten Egg 2","Snake Skull"],"potions_floor_usage":[31,31,31,33,33,33,33,35,39,39,41,41,41,46,46,50,50,50,50,50],"damage_taken":[{"damage":0.0,"enemies":"Small Slimes","floor":1.0,"turns":5.0},{"damage":2.0,"enemies":"2 Louse","floor":2.0,"turns":3.0},{"damage":0.0,"enemies":"Cultist","floor":3.0,"turns":6.0},{"damage":0.0,"enemies":"Large Slime","floor":4.0,"turns":7.0},{"damage":14.0,"enemies":"Lagavulin","floor":7.0,"turns":8.0},{"damage":0.0,"enemies":"Lots of Slimes","floor":11.0,"turns":2.0},{"damage":0.0,"enemies":"3 Louse","floor":12.0,"turns":2.0},{"damage":0.0,"enemies":"2 Fungi Beasts","floor":14.0,"turns":1.0},{"damage":0.0,"enemies":"Hexaghost","floor":16.0,"turns":7.0},{"damage":8.0,"enemies":"2 Thieves","floor":18.0,"turns":3.0},{"damage":0.0,"enemies":"Spheric Guardian","floor":20.0,"turns":3.0},{"damage":0.0,"enemies":"Chosen and Byrds","floor":22.0,"turns":4.0},{"damage":12.0,"enemies":"Book of Stabbing","floor":23.0,"turns":6.0},{"damage":5.0,"enemies":"Centurion and Healer","floor":24.0,"turns":6.0},{"damage":1.0,"enemies":"Gremlin Leader","floor":28.0,"turns":5.0},{"damage":2.0,"enemies":"Shelled Parasite and Fungi","floor":29.0,"turns":7.0},{"damage":7.0,"enemies":"Snake Plant","floor":30.0,"turns":4.0},{"damage":19,"enemies":"Slavers","floor":31,"turns":8},{"damage":38,"enemies":"Collector","floor":33,"turns":8},{"damage":0,"enemies":"Orb Walker","floor":35,"turns":4},{"damage":10,"enemies":"3 Shapes","floor":38,"turns":5},{"damage":4,"enemies":"Mind Bloom Boss Battle","floor":39,"turns":6},{"damage":41,"enemies":"Nemesis","floor":41,"turns":5},{"damage":35,"enemies":"Reptomancer","floor":46,"turns":6},{"damage":32,"enemies":"Jaw Worm Horde","floor":48,"turns":4},{"damage":2,"enemies":"Time Eater","floor":50,"turns":11}],"seed_played":"6951956282191804835","potions_obtained":[{"floor":1.0,"key":"Fire Potion"},{"floor":2.0,"key":"Explosive Potion"},{"floor":3.0,"key":"SpeedPotion"},{"floor":12.0,"key":"Poison Potion"},{"floor":18.0,"key":"Explosive Potion"},{"floor":20.0,"key":"SpeedPotion"},{"floor":28.0,"key":"EssenceOfSteel"},{"floor":31,"key":"Explosive Potion"},{"floor":33,"key":"EntropicBrew"},{"floor":39,"key":"Energy Potion"},{"floor":41,"key":"Dexterity Potion"},{"floor":46,"key":"EssenceOfSteel"},{"floor":48,"key":"Block Potion"}],"is_trial":false,"path_per_floor":["M","M","M","M","?","R","E","R","T","?","M","M","R","M","R","B",null,"M","$","M","$","M","E","M","R","T","?","E","M","M","E","R","B",null,"M","$","$","M","?","R","E","?","T","?","R","E","$","M","R","B",null],"character_chosen":"THE_SILENT","items_purchased":["Dodge and Roll","Die Die Die","Poisoned Stab","Dexterity Potion","Noxious Fumes","Ornamental Fan","Art of War","Deadly Poison","Caltrops","Snake Skull","Backflip"],"campfire_rested":1,"item_purchase_floors":[19,19,21,21,36,36,37,37,37,47,47],"current_hp_per_floor":[70,68,68,68,68,68,54,54,54,54,54,54,54,54,54,70,70,62,62,62,62,62,50,45,45,45,45,44,42,35,26,26,13,63,63,63,63,53,74,74,33,70,70,70,70,35,35,3,24,47],"gold":60,"neow_bonus":"RANDOM_COMMON_RELIC","is_prod":false,"is_daily":false,"chose_seed":false,"campfire_upgraded":8,"win_rate":0,"timestamp":1570695850,"path_taken":["M","M","M","M","?","R","E","R","T","?","M","M","R","M","R","BOSS","M","$","M","$","?","E","M","R","T","?","E","M","M","E","R","BOSS","M","?","$","M","?","R","E","?","T","?","R","E","$","M","R","BOSS"],"build_version":"2019-07-17","purchased_purges":3,"victory":true,"max_hp_per_floor":[70,70,70,70,70,70,70,70,70,70,70,70,70,70,70,70,70,70,70,70,70,70,70,70,70,70,70,70,70,70,80,80,80,80,80,80,80,80,80,80,80,70,70,70,70,70,70,70,70,70],"card_choices":[{"not_picked":["Expertise","Blade Dance"],"picked":"Backflip","floor":1.0},{"not_picked":["Blur","Deadly Poison"],"picked":"Leg Sweep","floor":2.0},{"not_picked":["Heel Hook","Underhanded Strike"],"picked":"Quick Slash","floor":3.0},{"not_picked":["Dagger Throw","Infinite Blades"],"picked":"Backstab","floor":4.0},{"not_picked":["Backflip","Outmaneuver"],"picked":"Die Die Die","floor":7.0},{"not_picked":["Leg Sweep","Concentrate"],"picked":"Deadly Poison","floor":11.0},{"not_picked":["Sucker Punch","Dagger Spray"],"picked":"Catalyst","floor":12.0},{"not_picked":["Setup","Calculated Gamble"],"picked":"Malaise","floor":14.0},{"not_picked":["Phantasmal Killer","Burst"],"picked":"Venomology","floor":16.0},{"not_picked":["Accuracy","Blade Dance"],"picked":"Endless Agony","floor":18.0},{"not_picked":["Slice","Distraction"],"picked":"Terror","floor":20.0},{"not_picked":["Underhanded Strike","Flying Knee"],"picked":"Deflect","floor":22.0},{"not_picked":["Heel Hook","Flechettes","Night Terror"],"picked":"SKIP","floor":23.0},{"not_picked":["Bane","Flying Knee"],"picked":"Well Laid Plans","floor":24.0},{"not_picked":["Dodge and Roll","Bane"],"picked":"Bouncing Flask","floor":28.0},{"not_picked":["Masterful Stab","Endless Agony","Choke+1"],"picked":"SKIP","floor":29.0},{"not_picked":["Slice","Endless Agony"],"picked":"Cloak And Dagger","floor":30.0},{"not_picked":["Prepared","Slice"],"picked":"Dagger Spray","floor":31},{"not_picked":["Glass Knife","Unload"],"picked":"Adrenaline","floor":33},{"not_picked":["Finisher"],"picked":"SKIP","floor":35},{"not_picked":[],"picked":"Flechettes+1","floor":38},{"not_picked":["Dash"],"picked":"SKIP","floor":41},{"not_picked":["Slice+1"],"picked":"SKIP","floor":46},{"not_picked":["Outmaneuver+1"],"picked":"SKIP","floor":48}],"player_experience":273415,"relics_obtained":[{"floor":7.0,"key":"Pocketwatch"},{"floor":9.0,"key":"Pantograph"},{"floor":23.0,"key":"MawBank"},{"floor":26.0,"key":"Blue Candle"},{"floor":28.0,"key":"Potion Belt"},{"floor":31,"key":"Pear"},{"floor":39,"key":"Unceasing Top"},{"floor":41,"key":"Juzu Bracelet"},{"floor":46,"key":"Molten Egg 2"}],"event_choices":[{"cards_removed":["Defend_G"],"damage_healed":0.0,"max_hp_gain":0.0,"max_hp_loss":0.0,"gold_gain":0.0,"event_name":"The Cleric","player_choice":"Card Removal","floor":5.0,"gold_loss":50.0,"damage_taken":0.0},{"damage_healed":0.0,"max_hp_gain":0.0,"max_hp_loss":0.0,"gold_gain":0.0,"event_name":"Upgrade Shrine","player_choice":"Upgraded","floor":10.0,"gold_loss":0.0,"damage_taken":0.0,"cards_upgraded":["Neutralize"]},{"damage_healed":0.0,"max_hp_gain":0.0,"max_hp_loss":0.0,"gold_gain":275.0,"event_name":"Golden Shrine","player_choice":"Desecrate","floor":27.0,"gold_loss":0.0,"damage_taken":0.0,"cards_obtained":["Regret"]},{"damage_healed":0,"gold_gain":0,"player_choice":"Fight","damage_taken":0,"max_hp_gain":0,"max_hp_loss":0,"event_name":"MindBloom","floor":39,"gold_loss":0},{"damage_healed":70,"gold_gain":0,"player_choice":"Heal","damage_taken":0,"max_hp_gain":0,"max_hp_loss":10,"event_name":"The Moai Head","floor":42,"gold_loss":0},{"damage_healed":0,"gold_gain":0,"player_choice":"Forge","damage_taken":0,"max_hp_gain":0,"max_hp_loss":0,"event_name":"Accursed Blacksmith","floor":44,"gold_loss":0,"cards_upgraded":["Well Laid Plans"]}],"is_beta":false,"boss_relics":[{"not_picked":["Velvet Choker","Tiny House"],"picked":"Ring of the Serpent"},{"not_picked":["Lizard Tail","WristBlade"],"picked":"Busted Crown"}],"items_purged_floors":[21,36,37],"is_endless":false,"potions_floor_spawned":[1,2,3,12,18,20,22,28,31,33,39,41,46,48],"ascension_level":5}