{"gold_per_floor":[109,122,24,24,44,44,69,69,143,143,162,225,225],"floor_reached":13,"playtime":309,"items_purged":["Strike_R"],"score":112,"play_id":"a4c16361-2e95-4279-9c60-12503eccc685","local_time":"20191012171828","is_ascension_mode":true,"campfire_choices":[{"data":"Inflame","floor":6,"key":"SMITH"},{"data":"Power Through","floor":8,"key":"SMITH"},{"data":"Bash","floor":10,"key":"SMITH"}],"neow_cost":"TEN_PERCENT_HP_LOSS","seed_source_timestamp":534747989270200,"circlet_count":0,"master_deck":["Strike_R","Strike_R","Defend_R","Defend_R","Defend_R","Defend_R","Bash+1","Offering","Sentinel","Reckless Charge","Combust","Warcry","Bash","Clash","Inflame+1","Power Through+1","Clothesline","Havoc"],"relics":["Burning Blood","Ancient Tea Set","InkBottle","Charon\u0027s Ashes"],"potions_floor_usage":[7,12],"damage_taken":[{"damage":6,"enemies":"Cultist","floor":1,"turns":3},{"damage":14,"enemies":"2 Louse","floor":2,"turns":3},{"damage":11,"enemies":"Small Slimes","floor":5,"turns":2},{"damage":23,"enemies":"Gremlin Nob","floor":7,"turns":3},{"damage":14,"enemies":"3 Louse","floor":11,"turns":2},{"damage":9,"enemies":"3 Sentries","floor":12,"turns":5},{"damage":31,"enemies":"Exordium Thugs","floor":13,"turns":4}],"seed_played":"3021327326995954855","potions_obtained":[{"floor":5,"key":"Explosive Potion"},{"floor":7,"key":"Explosive Potion"}],"is_trial":false,"path_per_floor":["M","M","$","?","M","R","E","R","T","R","M","?","M"],"character_chosen":"IRONCLAD","items_purchased":["Warcry"],"campfire_rested":0,"item_purchase_floors":[3],"current_hp_per_floor":[72,64,64,64,59,59,42,42,42,42,34,31,0],"gold":225,"neow_bonus":"TRANSFORM_TWO_CARDS","is_prod":false,"is_daily":false,"chose_seed":false,"campfire_upgraded":3,"win_rate":0,"timestamp":1570889908,"path_taken":["M","?","$","?","?","R","E","R","T","R","M","?","M"],"build_version":"2019-10-11","purchased_purges":1,"victory":false,"max_hp_per_floor":[72,72,72,72,72,72,72,72,72,72,72,72,72],"card_choices":[{"not_picked":["Perfected Strike","Havoc"],"picked":"Reckless Charge","floor":1},{"not_picked":["Cleave","Battle Trance"],"picked":"Combust","floor":2},{"not_picked":["Wild Strike","Sword Boomerang"],"picked":"Inflame","floor":5},{"not_picked":["Warcry","Wild Strike"],"picked":"Power Through","floor":7},{"not_picked":["Limit Break","Whirlwind"],"picked":"Clothesline","floor":11},{"not_picked":["Rupture","Pommel Strike"],"picked":"Havoc","floor":12}],"player_experience":382462,"relics_obtained":[{"floor":7,"key":"Ancient Tea Set"},{"floor":9,"key":"InkBottle"},{"floor":12,"key":"Charon\u0027s Ashes"}],"event_choices":[{"damage_healed":0,"gold_gain":0,"player_choice":"2 cards matched","damage_taken":0,"max_hp_gain":0,"max_hp_loss":0,"event_name":"Match and Keep!","floor":4,"gold_loss":0,"cards_obtained":["Bash","Clash"]},{"damage_healed":0,"gold_gain":0,"player_choice":"Searched \u00271\u0027 times","damage_taken":0,"max_hp_gain":0,"max_hp_loss":0,"event_name":"Dead Adventurer","floor":12,"gold_loss":0}],"is_beta":true,"boss_relics":[],"items_purged_floors":[3],"is_endless":false,"potions_floor_spawned":[5,7],"killed_by":"Exordium Thugs","ascension_level":7}