{"gold_per_floor":[10,27,38,38,57,57,90,90,90,104,104,123,123,155,155,256,256,256],"floor_reached":18,"playtime":631,"items_purged":[],"score":249,"play_id":"1f3afabc-4a7c-4010-a040-7057f96405e4","local_time":"20190903203521","is_ascension_mode":true,"campfire_choices":[{"floor":6.0,"key":"REST"},{"floor":8.0,"key":"REST"},{"floor":11.0,"key":"REST"},{"data":"Loop","floor":15.0,"key":"SMITH"}],"neow_cost":"NO_GOLD","seed_source_timestamp":0,"circlet_count":0,"master_deck":["Strike_B","Strike_B+1","Strike_B+1","Defend_B","Defend_B","Defend_B","Defend_B","Zap","Dualcast","Cold Snap","Consume","Stack","Chill","Streamline","Loop+1","Turbo","Ball Lightning","Creative AI"],"special_seed":0,"relics":["Cracked Core","WingedGreaves","Sundial","Pantograph","Whetstone","Coffee Dripper"],"potions_floor_usage":[],"damage_taken":[{"damage":9.0,"enemies":"Jaw Worm","floor":1.0,"turns":4.0},{"damage":0.0,"enemies":"Cultist","floor":2.0,"turns":3.0},{"damage":1.0,"enemies":"2 Louse","floor":3.0,"turns":2.0},{"damage":40.0,"enemies":"Gremlin Gang","floor":5.0,"turns":5.0},{"damage":22.0,"enemies":"Lagavulin","floor":7.0,"turns":8.0},{"damage":22.0,"enemies":"3 Louse","floor":10.0,"turns":3.0},{"damage":0.0,"enemies":"Large Slime","floor":12.0,"turns":6.0},{"damage":12.0,"enemies":"3 Sentries","floor":14.0,"turns":9.0},{"damage":17.0,"enemies":"Hexaghost","floor":16.0,"turns":10.0},{"damage":0,"enemies":"Shell Parasite","floor":18,"turns":1}],"seed_played":"-3536580256365014503","potions_obtained":[{"floor":2.0,"key":"Swift Potion"},{"floor":5.0,"key":"LiquidBronze"},{"floor":7.0,"key":"SpeedPotion"},{"floor":10.0,"key":"Strength Potion"},{"floor":16.0,"key":"SpeedPotion"}],"is_trial":false,"path_per_floor":["M","M","M","?","M","R","E","R","T","M","R","M","?","E","R","B",null,"M"],"character_chosen":"DEFECT","items_purchased":[],"campfire_rested":3,"item_purchase_floors":[],"current_hp_per_floor":[59,59,58,51,11,33,11,33,33,11,33,33,33,21,21,29,64,64],"gold":256,"neow_bonus":"ONE_RARE_RELIC","is_prod":false,"is_daily":false,"chose_seed":false,"campfire_upgraded":1,"win_rate":0,"timestamp":1567539321,"path_taken":["M","M","M","?","M","R","E","R","T","?","R","?","?","E","R","BOSS","M"],"build_version":"2019-07-17","purchased_purges":0,"victory":false,"max_hp_per_floor":[75,75,75,75,75,75,75,75,75,75,75,75,75,75,75,75,75,75],"card_choices":[{"not_picked":["Rebound","Streamline"],"picked":"Cold Snap","floor":1.0},{"not_picked":["BootSequence","Chaos"],"picked":"Consume","floor":2.0},{"not_picked":["Steam Power","Turbo"],"picked":"Stack","floor":3.0},{"not_picked":["Chaos","Hologram"],"picked":"Chill","floor":5.0},{"not_picked":["Steam","Multi-Cast"],"picked":"Streamline","floor":7.0},{"not_picked":["Leap","Steam"],"picked":"Loop","floor":10.0},{"not_picked":["Steam","Streamline","Auto Shields"],"picked":"SKIP","floor":12.0},{"not_picked":["Rebound","Cold Snap"],"picked":"Ball Lightning","floor":14.0},{"not_picked":["Reboot","Fission"],"picked":"Creative AI","floor":16.0}],"player_experience":1899010,"relics_obtained":[{"floor":7.0,"key":"Sundial"},{"floor":9.0,"key":"Pantograph"},{"floor":14.0,"key":"Whetstone"}],"event_choices":[{"damage_healed":0.0,"max_hp_gain":0.0,"max_hp_loss":0.0,"gold_gain":0.0,"event_name":"Wheel of Change","player_choice":"Damaged","floor":4.0,"gold_loss":0.0,"damage_taken":7.0},{"damage_healed":0.0,"max_hp_gain":0.0,"max_hp_loss":0.0,"gold_gain":0.0,"cards_transformed":["Strike_B"],"event_name":"Transmorgrifier","player_choice":"Transformed","floor":13.0,"gold_loss":0.0,"damage_taken":0.0,"cards_obtained":["Turbo"]}],"is_beta":false,"boss_relics":[{"not_picked":["Philosopher\u0027s Stone","Pandora\u0027s Box"],"picked":"Coffee Dripper"}],"items_purged_floors":[],"is_endless":false,"potions_floor_spawned":[2,5,7,10,16],"killed_by":"Shell Parasite","ascension_level":9}