{"gold_per_floor":[13,13,13,32,56,56,94,44,44,44,68,68,68,92,92,215,215,238,143,143,163,37,37,61,99,176,42,57,57,57,57,57,182,182,201,201,216,34,34,34,72,72,72,95,114,148,169,185,185,185,185,185,12,12],"floor_reached":54,"playtime":4243,"items_purged":["Choke","Grand Finale","Shame"],"score":918,"play_id":"dc122422-5b0f-4602-910a-729cb887d37b","local_time":"20190920203754","is_ascension_mode":true,"campfire_choices":[{"data":"Noxious Fumes","floor":6,"key":"SMITH"},{"data":"Neutralize","floor":10,"key":"SMITH"},{"data":"Deflect","floor":12,"key":"SMITH"},{"data":"Leg Sweep","floor":15,"key":"SMITH"},{"data":"Footwork","floor":23,"key":"SMITH"},{"data":"Venomology","floor":29,"key":"SMITH"},{"data":"Backflip","floor":32,"key":"SMITH"},{"data":"Secret Weapon","floor":40,"key":"SMITH"},{"data":"Terror","floor":42,"key":"SMITH"},{"floor":49,"key":"RECALL"},{"data":"Catalyst","floor":52,"key":"SMITH"}],"neow_cost":"NO_GOLD","seed_source_timestamp":349345914692800,"circlet_count":0,"master_deck":["Neutralize+1","Leg Sweep+1","Sucker Punch","Noxious Fumes+1","Bouncing Flask","Deflect+1","Skewer","Corpse Explosion","Blur","Crippling Poison","Terror+1","Catalyst+1","Distraction+1","Deflect+1","Backflip+1","Footwork+1","Deadly Poison","Leg Sweep","Venomology+1","Dodge and Roll","Backflip","Adrenaline","Outmaneuver+1","All Out Attack+1","Secret Weapon+1","Deflect","Backflip+1","Footwork+1","Prepared+1","Slice+1","Parasite","Bane+1","Caltrops"],"relics":["Ring of the Snake","Golden Idol","Question Card","Bronze Scales","Smiling Mask","Pandora\u0027s Box","Art of War","Ninja Scroll","Cursed Key","Vajra","Molten Egg 2","Gremlin Horn"],"potions_floor_usage":[7,7,28,33,33,33,35,37,41,41,45,47,48,50,50,50,50,54,54],"damage_taken":[{"damage":2,"enemies":"Cultist","floor":1,"turns":4},{"damage":0,"enemies":"Jaw Worm","floor":4,"turns":6},{"damage":1,"enemies":"2 Louse","floor":5,"turns":4},{"damage":17,"enemies":"3 Sentries","floor":7,"turns":8},{"damage":6,"enemies":"Large Slime","floor":11,"turns":7},{"damage":15,"enemies":"Exordium Thugs","floor":14,"turns":5},{"damage":3,"enemies":"The Guardian","floor":16,"turns":9},{"damage":0,"enemies":"3 Byrds","floor":18,"turns":2},{"damage":5,"enemies":"Spheric Guardian","floor":21,"turns":4},{"damage":0,"enemies":"Cultist and Chosen","floor":24,"turns":4},{"damage":22,"enemies":"Book of Stabbing","floor":25,"turns":6},{"damage":16,"enemies":"Snake Plant","floor":28,"turns":4},{"damage":0,"enemies":"Automaton","floor":33,"turns":10},{"damage":0,"enemies":"3 Shapes","floor":35,"turns":4},{"damage":0,"enemies":"3 Darklings","floor":37,"turns":3},{"damage":5,"enemies":"Nemesis","floor":41,"turns":7},{"damage":13,"enemies":"Transient","floor":44,"turns":5},{"damage":11,"enemies":"Sphere and 2 Shapes","floor":45,"turns":6},{"damage":6,"enemies":"Giant Head","floor":46,"turns":8},{"damage":0,"enemies":"Writhing Mass","floor":47,"turns":7},{"damage":11,"enemies":"Maw","floor":48,"turns":6},{"damage":11,"enemies":"Donu and Deca","floor":50,"turns":6},{"damage":79,"enemies":"Shield and Spear","floor":54,"turns":5}],"seed_played":"8580774139627712637","potions_obtained":[{"floor":1,"key":"Regen Potion"},{"floor":4,"key":"EssenceOfSteel"},{"floor":5,"key":"Block Potion"},{"floor":24,"key":"FearPotion"},{"floor":25,"key":"Regen Potion"},{"floor":35,"key":"PowerPotion"},{"floor":44,"key":"GhostInAJar"}],"is_trial":false,"path_per_floor":["M","?","?","M","M","R","E","?","T","R","M","R","?","M","R","B",null,"M","$","?","M","$","R","M","E","T","$","M","R","$","?","R","B",null,"M","$","M","$","?","R","E","R","T","M","M","E","M","M","R","B",null,"R","$","E"],"character_chosen":"THE_SILENT","items_purchased":["Deflect","Footwork","Venomology","Dodge and Roll","Secret Weapon","Caltrops","Block Potion"],"campfire_rested":0,"item_purchase_floors":[19,22,27,27,38,53,53],"current_hp_per_floor":[68,65,65,65,64,64,61,61,61,61,55,55,55,40,40,37,65,65,65,75,70,70,70,70,48,48,48,46,46,46,46,46,46,75,75,75,75,75,75,75,70,70,70,57,46,40,40,29,29,33,75,75,75,0],"gold":12,"neow_bonus":"REMOVE_TWO","is_prod":false,"is_daily":false,"chose_seed":false,"campfire_upgraded":10,"win_rate":0,"timestamp":1569037074,"path_taken":["M","?","?","M","?","R","E","?","T","R","M","R","?","?","R","BOSS","M","$","?","?","$","R","M","E","T","?","M","R","$","?","R","BOSS","M","?","M","$","?","R","E","R","T","M","M","E","?","M","R","BOSS","R","$","E"],"build_version":"2019-07-17","purchased_purges":3,"victory":false,"max_hp_per_floor":[70,65,65,65,65,65,65,65,65,65,65,65,65,65,65,65,65,65,65,75,75,75,75,75,75,75,75,75,75,75,75,75,75,75,75,75,75,75,75,75,75,75,75,75,75,75,75,75,75,75,75,75,75,75],"card_choices":[{"not_picked":["Choke","Deadly Poison"],"picked":"Leg Sweep","floor":1},{"not_picked":["PiercingWail","Poisoned Stab","Blade Dance"],"picked":"Sucker Punch","floor":4},{"not_picked":["Masterful Stab","Flechettes","Deflect"],"picked":"Noxious Fumes","floor":5},{"not_picked":["Tools of the Trade","Calculated Gamble","Dagger Throw"],"picked":"Bouncing Flask","floor":7},{"not_picked":["Sucker Punch","Slice","Concentrate"],"picked":"Deflect","floor":11},{"not_picked":["Underhanded Strike","Calculated Gamble","Cloak And Dagger"],"picked":"Skewer","floor":14},{"not_picked":["Storm of Steel","Venomology","A Thousand Cuts"],"picked":"Corpse Explosion","floor":16},{"not_picked":["Blade Dance","Prepared","Flying Knee"],"picked":"Distraction+1","floor":18},{"not_picked":["Escape Plan","Skewer+1","Distraction"],"picked":"Backflip","floor":21},{"not_picked":["Prepared+1","Dagger Spray+1","Flying Knee"],"picked":"Deadly Poison","floor":24},{"not_picked":["Heel Hook","Eviscerate","Outmaneuver"],"picked":"Leg Sweep","floor":25},{"not_picked":["Reflex+1","Bouncing Flask+1","PiercingWail+1"],"picked":"Backflip","floor":28},{"not_picked":["Storm of Steel","Phantasmal Killer","Grand Finale"],"picked":"Adrenaline","floor":33},{"not_picked":["Dagger Spray","Deflect","Flying Knee"],"picked":"Outmaneuver+1","floor":35},{"not_picked":["Underhanded Strike+1","Poisoned Stab","Slice+1"],"picked":"All Out Attack+1","floor":37},{"not_picked":["Masterful Stab+1","Prepared","Envenom"],"picked":"Backflip+1","floor":41},{"not_picked":["Concentrate","Sucker Punch+1","Acrobatics+1"],"picked":"Footwork+1","floor":44},{"not_picked":["Quick Slash+1","Acrobatics","Venomology"],"picked":"Prepared+1","floor":45},{"not_picked":["Calculated Gamble","Choke+1","Prepared"],"picked":"Slice+1","floor":46},{"not_picked":["Dagger Spray+1","Outmaneuver+1","PiercingWail+1","Concentrate"],"picked":"SKIP","floor":47},{"not_picked":["Glass Knife+1","Endless Agony+1","Skewer+1"],"picked":"Bane+1","floor":48}],"player_experience":146415,"relics_obtained":[{"floor":3,"key":"Question Card"},{"floor":7,"key":"Bronze Scales"},{"floor":25,"key":"Art of War"},{"floor":26,"key":"Ninja Scroll"},{"floor":41,"key":"Vajra"},{"floor":43,"key":"Molten Egg 2"},{"floor":46,"key":"Gremlin Horn"}],"event_choices":[{"damage_healed":0,"gold_gain":0,"player_choice":"Lose Max HP","damage_taken":0,"relics_obtained":["Golden Idol"],"max_hp_gain":0,"max_hp_loss":5,"event_name":"Golden Idol","floor":2,"gold_loss":0},{"damage_healed":0,"gold_gain":0,"player_choice":"Relic","damage_taken":0,"max_hp_gain":0,"max_hp_loss":0,"event_name":"Wheel of Change","floor":3,"gold_loss":0},{"cards_removed":["Strike_G"],"damage_healed":0,"gold_gain":0,"player_choice":"Card Removal","damage_taken":0,"max_hp_gain":0,"max_hp_loss":0,"event_name":"The Cleric","floor":8,"gold_loss":50},{"damage_healed":0,"gold_gain":0,"player_choice":"Gave Potion","damage_taken":0,"relics_obtained":["Smiling Mask"],"max_hp_gain":0,"max_hp_loss":0,"event_name":"WeMeetAgain","floor":13,"gold_loss":0},{"cards_removed":["Night Terror"],"damage_healed":0,"gold_gain":0,"player_choice":"Offered Rare","damage_taken":0,"max_hp_gain":10,"max_hp_loss":0,"event_name":"Bonfire Elementals","floor":20,"gold_loss":0},{"damage_healed":0,"gold_gain":0,"player_choice":"Forge","damage_taken":0,"max_hp_gain":0,"max_hp_loss":0,"event_name":"Accursed Blacksmith","floor":31,"gold_loss":0,"cards_upgraded":["Deflect"]},{"damage_healed":0,"gold_gain":0,"cards_transformed":["Survivor"],"player_choice":"Transformed","damage_taken":0,"max_hp_gain":0,"max_hp_loss":0,"event_name":"Transmorgrifier","floor":39,"gold_loss":0,"cards_obtained":["Deflect"]}],"is_beta":false,"boss_relics":[{"not_picked":["Orrery","Empty Cage"],"picked":"Pandora\u0027s Box"},{"not_picked":["Calling Bell","HoveringKite"],"picked":"Cursed Key"}],"items_purged_floors":[19,22,53],"is_endless":false,"potions_floor_spawned":[1,4,5,24,25,33,35,37,44,45],"killed_by":"Shield and Spear","ascension_level":4}