{"gold_per_floor":[113,63,83,99,118,118,118,147,223,223,236,261,261,139,139,240,240,253,268,268,191,208,208,208],"floor_reached":24,"playtime":1021,"items_purged":["Defend_R"],"score":216,"play_id":"778e508f-9be1-4086-9aff-f3fe92cc3cfe","local_time":"20180721212522","is_ascension_mode":true,"campfire_choices":[{"data":"True Grit","floor":6,"key":"SMITH"},{"data":"Perfected Strike","floor":10,"key":"SMITH"},{"data":"Rampage","floor":13,"key":"SMITH"},{"data":"Flame Barrier","floor":15,"key":"SMITH"},{"floor":23,"key":"REST"}],"neow_cost":"","seed_source_timestamp":628564320372992,"circlet_count":0,"master_deck":["Strike_R","Strike_R","Strike_R","Strike_R","Strike_R","Bash","True Grit+1","Perfected Strike+1","Flame Barrier+1","Wild Strike","Sever Soul","Rampage+1","Spot Weakness","Limit Break","Bludgeon+1","True Grit+1","Whirlwind+1","Havoc","RitualDagger","J.A.X.","Heavy Blade+1"],"relics":["Burning Blood","Thread and Needle","Strawberry","Smiling Mask","Pantograph","Astrolabe"],"potions_floor_usage":[4,8,16,24],"damage_taken":[{"damage":6,"enemies":"2 Louse","floor":1,"turns":3},{"damage":8,"enemies":"Jaw Worm","floor":3,"turns":5},{"damage":2,"enemies":"Small Slimes","floor":4,"turns":3},{"damage":0,"enemies":"Exordium Wildlife","floor":5,"turns":3},{"damage":44,"enemies":"Lagavulin","floor":8,"turns":7},{"damage":2,"enemies":"Large Slime","floor":11,"turns":5},{"damage":3,"enemies":"3 Sentries","floor":12,"turns":6},{"damage":50,"enemies":"The Guardian","floor":16,"turns":11},{"damage":32,"enemies":"2 Thieves","floor":18,"turns":4},{"damage":25,"enemies":"Shell Parasite","floor":19,"turns":7},{"damage":22,"enemies":"Sentry and Sphere","floor":22,"turns":6},{"damage":54,"enemies":"Gremlin Leader","floor":24,"turns":5}],"seed_played":"-1188359319834437668","potions_obtained":[{"floor":3,"key":"AttackPotion"},{"floor":5,"key":"Regen Potion"},{"floor":8,"key":"EssenceOfSteel"},{"floor":11,"key":"SpeedPotion"},{"floor":16,"key":"GamblersBrew"},{"floor":22,"key":"BloodPotion"}],"is_trial":false,"path_per_floor":["M","?","M","M","M","R","?","E","T","R","M","E","R","$","R","B",null,"M","M","?","?","M","R"],"character_chosen":"IRONCLAD","items_purchased":["Spot Weakness"],"campfire_rested":1,"item_purchase_floors":[14],"current_hp_per_floor":[80,80,78,80,80,80,80,54,54,54,58,61,61,61,61,42,87,61,42,36,36,20,46,0],"gold":208,"neow_bonus":"","is_prod":false,"is_daily":false,"chose_seed":false,"campfire_upgraded":4,"win_rate":0,"timestamp":1532197522,"path_taken":["M","?","M","M","M","R","?","E","T","R","M","E","R","$","R","BOSS","M","M","?","?","M","R","E"],"build_version":"2018-07-19v2","purchased_purges":1,"victory":false,"max_hp_per_floor":[80,80,80,80,80,80,80,87,87,87,87,87,87,87,87,87,87,87,87,87,87,87,87,87],"card_choices":[{"not_picked":["Searing Blow","Evolve"],"picked":"True Grit","floor":1},{"not_picked":["Dual Wield","Iron Wave"],"picked":"Thunderclap","floor":3},{"not_picked":["Anger","Armaments"],"picked":"Perfected Strike","floor":4},{"not_picked":["Headbutt","Body Slam"],"picked":"Flame Barrier","floor":5},{"not_picked":["Clash","Feel No Pain"],"picked":"Wild Strike","floor":8},{"not_picked":["Clothesline","Cleave"],"picked":"Sever Soul","floor":11},{"not_picked":["Iron Wave","Shockwave"],"picked":"Rampage","floor":12},{"not_picked":["Juggernaut","Barricade"],"picked":"Limit Break","floor":16},{"not_picked":["Anger","Fire Breathing+1","Intimidate"],"picked":"SKIP","floor":18},{"not_picked":["Cleave","Headbutt+1"],"picked":"Havoc","floor":19},{"not_picked":["Fire Breathing","Twin Strike"],"picked":"Heavy Blade+1","floor":22}],"player_experience":156610,"relics_obtained":[{"floor":8,"key":"Strawberry"},{"floor":9,"key":"Smiling Mask"},{"floor":12,"key":"Pantograph"}],"event_choices":[{"event_name":"The Cleric","player_choice":"Card Removal","floor":2,"damage_taken":0},{"event_name":"Dead Adventurer","player_choice":"Searched \u00271\u0027 times","floor":7,"damage_taken":0},{"event_name":"Nest","player_choice":"Joined the Cult","floor":20,"damage_taken":0},{"event_name":"Drug Dealer","player_choice":"Got JAXXED","floor":21,"damage_taken":0}],"is_beta":false,"boss_relics":[{"not_picked":["Orrery","Empty Cage"],"picked":"Astrolabe"}],"items_purged_floors":[14],"is_endless":false,"potions_floor_spawned":[3,5,8,11,16,22],"killed_by":"Gremlin Leader","ascension_level":1}