{"gold_per_floor":[112,112,122,139,239,272,272,303,330,330,358,77,88,105,105,207,207,221,136,153,153,163,197,197,224,224,101,114,114,131,148,148,244,244,254,273,291,291,303,331,344,60,60,60,60,110,110,125,125,125],"floor_reached":51,"playtime":3799,"items_purged":["Strike_B","Shame","Strike_B+1"],"score":1302,"play_id":"73377b62-52c1-4e1d-9eef-98c605fe6886","local_time":"20191020163022","is_ascension_mode":true,"campfire_choices":[{"data":"Loop","floor":7,"key":"SMITH"},{"floor":10,"key":"REST"},{"floor":15,"key":"REST"},{"data":"Defragment","floor":29,"key":"SMITH"},{"data":"Defragment","floor":32,"key":"SMITH"},{"data":"Defragment","floor":45,"key":"SMITH"},{"data":"Apotheosis","floor":47,"key":"SMITH"},{"data":"Loop","floor":49,"key":"SMITH"}],"neow_cost":"NONE","seed_source_timestamp":633600050754200,"circlet_count":0,"master_deck":["AscendersBane","Strike_B+1","Defend_B","Defend_B","Defend_B","Defend_B+1","Zap","Dualcast+1","Reboot","Loop+1","Ball Lightning","Go for the Eyes","Electrodynamics","Glacier","White Noise","Defragment+1","Defragment+1","Coolheaded","Coolheaded","Cold Snap","Echo Form","Loop+1","Self Repair","Glacier","Defragment+1","Reinforced Body","BootSequence","Static Discharge","Echo Form","Loop","Self Repair+1","Panacea","Apotheosis+1","BootSequence"],"relics":["Cracked Core","War Paint","Dream Catcher","Oddly Smooth Stone","Bird Faced Urn","Membership Card","Cursed Key","Turnip","Mummified Hand","Blue Candle","Ornamental Fan","Lantern","Inserter","Whetstone","Potion Belt","ClockworkSouvenir","StoneCalendar"],"potions_floor_usage":[6,40],"damage_taken":[{"damage":12,"enemies":"Small Slimes","floor":1,"turns":3},{"damage":1,"enemies":"2 Louse","floor":3,"turns":3},{"damage":1,"enemies":"Cultist","floor":4,"turns":3},{"damage":2,"enemies":"Lagavulin","floor":6,"turns":7},{"damage":7,"enemies":"3 Sentries","floor":8,"turns":4},{"damage":42,"enemies":"Gremlin Nob","floor":11,"turns":5},{"damage":11,"enemies":"Exordium Wildlife","floor":13,"turns":3},{"damage":11,"enemies":"Looter","floor":14,"turns":3},{"damage":0,"enemies":"Slime Boss","floor":16,"turns":7},{"damage":6,"enemies":"Chosen","floor":18,"turns":4},{"damage":9,"enemies":"Shell Parasite","floor":20,"turns":7},{"damage":10,"enemies":"Centurion and Healer","floor":22,"turns":6},{"damage":1,"enemies":"Gremlin Leader","floor":23,"turns":7},{"damage":27,"enemies":"Slavers","floor":25,"turns":6},{"damage":11,"enemies":"Shelled Parasite and Fungi","floor":28,"turns":8},{"damage":0,"enemies":"Chosen and Byrds","floor":30,"turns":4},{"damage":0,"enemies":"Centurion and Healer","floor":31,"turns":4},{"damage":2,"enemies":"Champ","floor":33,"turns":14},{"damage":21,"enemies":"3 Darklings","floor":35,"turns":6},{"damage":23,"enemies":"3 Shapes","floor":36,"turns":5},{"damage":0,"enemies":"Maw","floor":37,"turns":7},{"damage":0,"enemies":"4 Shapes","floor":39,"turns":3},{"damage":0,"enemies":"Nemesis","floor":40,"turns":7},{"damage":14,"enemies":"Spire Growth","floor":41,"turns":7},{"damage":61,"enemies":"2 Orb Walkers","floor":46,"turns":5},{"damage":0,"enemies":"Sphere and 2 Shapes","floor":48,"turns":7},{"damage":11,"enemies":"Donu and Deca","floor":50,"turns":7}],"seed_played":"-4650745927881426203","potions_obtained":[{"floor":3,"key":"SkillPotion"},{"floor":6,"key":"Explosive Potion"},{"floor":14,"key":"Fire Potion"},{"floor":20,"key":"PowerPotion"},{"floor":35,"key":"FairyPotion"}],"is_trial":false,"path_per_floor":["M","?","M","M","?","E","R","E","T","R","E","$","M","M","R","B",null,"M","?","M","T","M","E","?","E","T","$","M","R","M","M","R","B",null,"M","M","M","?","M","E","M","$","T","?","R","?","R","M","R","B",null],"character_chosen":"DEFECT","items_purchased":["Membership Card","Defragment","Lantern","Potion Belt","ClockworkSouvenir","Panacea"],"campfire_rested":2,"item_purchase_floors":[12,12,27,42,42,42],"current_hp_per_floor":[56,49,48,47,47,45,45,38,38,60,18,18,13,10,32,42,67,71,71,74,74,75,75,75,75,75,75,75,75,75,75,75,75,75,75,75,75,75,75,75,75,75,75,75,75,40,40,75,75,75],"gold":125,"neow_bonus":"ONE_RANDOM_RARE_CARD","is_prod":false,"is_daily":false,"chose_seed":false,"campfire_upgraded":6,"win_rate":0,"timestamp":1571581822,"path_taken":["M","?","M","M","?","E","R","E","T","R","E","$","?","M","R","BOSS","M","?","M","?","M","E","?","E","T","$","M","R","M","M","R","BOSS","M","M","M","?","M","E","M","$","T","?","R","?","R","M","R","BOSS"],"build_version":"2019-07-17","purchased_purges":3,"victory":true,"max_hp_per_floor":[75,75,75,75,75,75,75,75,75,75,75,75,75,75,75,75,75,75,75,75,75,75,75,75,75,75,75,75,75,75,75,75,75,75,75,75,75,75,75,75,75,75,75,75,75,75,75,75,75,75],"card_choices":[{"not_picked":["Leap","Stack"],"picked":"Loop","floor":1},{"not_picked":["Streamline","Sweeping Beam"],"picked":"Ball Lightning","floor":3},{"not_picked":["Gash","Hologram"],"picked":"Go for the Eyes","floor":4},{"not_picked":["Leap","Capacitor"],"picked":"Electrodynamics","floor":6},{"not_picked":["Beam Cell","Heatsinks"],"picked":"Glacier","floor":8},{"not_picked":["Double Energy","Leap"],"picked":"White Noise","floor":10},{"not_picked":["Glacier","Ball Lightning"],"picked":"Defragment","floor":11},{"not_picked":["Leap","Storm"],"picked":"Coolheaded","floor":13},{"not_picked":["Redo","Ball Lightning"],"picked":"Coolheaded","floor":14},{"not_picked":["Turbo","Conserve Battery"],"picked":"Cold Snap","floor":15},{"not_picked":["Multi-Cast","Machine Learning"],"picked":"Echo Form","floor":16},{"not_picked":["Beam Cell","Conserve Battery"],"picked":"Loop","floor":18},{"not_picked":["Undo","Ball Lightning"],"picked":"Self Repair","floor":20},{"not_picked":["Rebound+1","Turbo"],"picked":"Glacier","floor":22},{"not_picked":["Stack","Steam"],"picked":"Defragment","floor":23},{"not_picked":["Aggregate","Rebound"],"picked":"Reinforced Body","floor":25},{"not_picked":["FTL","Stack","Cold Snap"],"picked":"SKIP","floor":28},{"not_picked":["Tempest","All For One"],"picked":"BootSequence","floor":30},{"not_picked":["Turbo","Consume"],"picked":"Static Discharge","floor":31},{"not_picked":["Fission","Core Surge"],"picked":"Echo Form","floor":33},{"not_picked":["Steam Power+1","Redo","Double Energy"],"picked":"SKIP","floor":35},{"not_picked":["Turbo+1","Rip and Tear+1","Gash+1"],"picked":"SKIP","floor":36},{"not_picked":["Doom and Gloom","Blizzard"],"picked":"Loop","floor":37},{"not_picked":["Reprogram","Sweeping Beam","Ball Lightning"],"picked":"SKIP","floor":39},{"not_picked":["Streamline+1","Double Energy"],"picked":"Self Repair+1","floor":40},{"not_picked":["Blizzard","Compile Driver","Force Field"],"picked":"SKIP","floor":41},{"not_picked":["Deep Breath","Forethought"],"picked":"Apotheosis","floor":44},{"not_picked":["Coolheaded","Double Energy"],"picked":"BootSequence","floor":48}],"player_experience":298992,"relics_obtained":[{"floor":6,"key":"War Paint"},{"floor":8,"key":"Dream Catcher"},{"floor":9,"key":"Oddly Smooth Stone"},{"floor":11,"key":"Bird Faced Urn"},{"floor":23,"key":"Mummified Hand"},{"floor":25,"key":"Blue Candle"},{"floor":26,"key":"Ornamental Fan"},{"floor":40,"key":"Whetstone"},{"floor":46,"key":"StoneCalendar"}],"event_choices":[{"cards_removed":["Strike_B"],"damage_healed":0,"gold_gain":0,"player_choice":"Card Removal","damage_taken":7,"max_hp_gain":0,"max_hp_loss":0,"event_name":"Golden Wing","floor":2,"gold_loss":0},{"damage_healed":0,"gold_gain":100,"player_choice":"Pray","damage_taken":0,"max_hp_gain":0,"max_hp_loss":0,"event_name":"Golden Shrine","floor":5,"gold_loss":0},{"damage_healed":0,"gold_gain":0,"player_choice":"Obtained Relic","damage_taken":0,"relics_obtained":["Turnip"],"max_hp_gain":0,"max_hp_loss":0,"event_name":"Addict","floor":19,"gold_loss":85},{"damage_healed":0,"gold_gain":0,"player_choice":"Ignored","damage_taken":0,"max_hp_gain":0,"max_hp_loss":0,"event_name":"Vampires","floor":24,"gold_loss":0},{"damage_healed":0,"gold_gain":0,"player_choice":"Ignored","damage_taken":0,"max_hp_gain":0,"max_hp_loss":0,"event_name":"Tomb of Lord Red Mask","floor":38,"gold_loss":0},{"damage_healed":0,"gold_gain":0,"player_choice":"Memory 1","damage_taken":0,"max_hp_gain":0,"max_hp_loss":0,"event_name":"SensoryStone","floor":44,"gold_loss":0},{"damage_healed":0,"gold_gain":0,"player_choice":"Fight","damage_taken":0,"max_hp_gain":0,"max_hp_loss":0,"event_name":"Mysterious Sphere","floor":46,"gold_loss":0}],"is_beta":false,"boss_relics":[{"not_picked":["Pandora\u0027s Box","Sozu"],"picked":"Cursed Key"},{"not_picked":["FrozenCore","Astrolabe"],"picked":"Inserter"}],"items_purged_floors":[12,27,42],"is_endless":false,"potions_floor_spawned":[3,6,14,16,20,25,28,33,35,39],"ascension_level":12}