{"gold_per_floor":[112,112,130,55,74,74,37,37,110,110,143,154,183,197,197,297,297,317,317,2,2,2,37,37,63,86,106,121,140,10,10,10,111,111],"floor_reached":34,"playtime":1403,"items_purged":["Strike_R"],"score":398,"play_id":"25f7ed32-a933-4953-b3e3-b71b4e945180","local_time":"20190914215853","is_ascension_mode":false,"campfire_choices":[{"data":"Hemokinesis","floor":6.0,"key":"SMITH"},{"data":"Flame Barrier","floor":15.0,"key":"SMITH"},{"floor":24.0,"key":"REST"},{"data":"Battle Trance","floor":32.0,"key":"SMITH"}],"neow_cost":"NONE","seed_source_timestamp":0,"circlet_count":0,"master_deck":["Strike_R+1","Strike_R+1","Strike_R+1","Defend_R+1","Defend_R+1","Defend_R+1","Defend_R+1","Bash","Hemokinesis+1","Flame Barrier+1","Rampage","Battle Trance+1","Reckless Charge+1","Feel No Pain+1","Headbutt","Fire Breathing+1","Immolate","True Grit+1","Corruption+1","Feel No Pain+1","Seeing Red","Writhe","Offering","Feel No Pain+1","Flame Barrier","Metallicize+1","Evolve+1","Shame","Brutality+1"],"special_seed":0,"relics":["Burning Blood","Boot","Frozen Egg 2","Question Card","The Courier","Whetstone","Ginger","SlaversCollar","Medical Kit","PreservedInsect","FossilizedHelix","Toy Ornithopter","Bag of Preparation","Regal Pillow"],"potions_floor_usage":[],"damage_taken":[{"damage":5.0,"enemies":"Jaw Worm","floor":1.0,"turns":4.0},{"damage":4.0,"enemies":"Cultist","floor":3.0,"turns":3.0},{"damage":3.0,"enemies":"Small Slimes","floor":5.0,"turns":4.0},{"damage":10.0,"enemies":"Gremlin Nob","floor":11.0,"turns":3.0},{"damage":0.0,"enemies":"Blue Slaver","floor":12.0,"turns":4.0},{"damage":28.0,"enemies":"Lagavulin","floor":13.0,"turns":5.0},{"damage":3.0,"enemies":"Exordium Thugs","floor":14.0,"turns":3.0},{"damage":43.0,"enemies":"The Guardian","floor":16.0,"turns":10.0},{"damage":27.0,"enemies":"2 Thieves","floor":18.0,"turns":4.0},{"damage":25.0,"enemies":"Slavers","floor":23.0,"turns":4.0},{"damage":19.0,"enemies":"Book of Stabbing","floor":25.0,"turns":4.0},{"damage":0.0,"enemies":"Shell Parasite","floor":27.0,"turns":5.0},{"damage":0.0,"enemies":"Centurion and Healer","floor":28.0,"turns":6.0},{"damage":2.0,"enemies":"Shelled Parasite and Fungi","floor":29.0,"turns":6.0},{"damage":42.0,"enemies":"Automaton","floor":33.0,"turns":10.0}],"seed_played":"-1016250265357714071","potions_obtained":[{"floor":1.0,"key":"SpeedPotion"},{"floor":11.0,"key":"FairyPotion"},{"floor":13.0,"key":"Fruit Juice"},{"floor":25.0,"key":"PowerPotion"},{"floor":27.0,"key":"SkillPotion"},{"floor":28.0,"key":"Fire Potion"},{"floor":33.0,"key":"Poison Potion"}],"is_trial":false,"path_per_floor":["M","?","M","$","M","R","$","?","T","?","E","M","E","M","R","B",null,"M","?","$","?","?","E","R","E","T","M","M","M","$","?","R","B",null],"character_chosen":"IRONCLAD","items_purchased":["Battle Trance","Corruption+1","Feel No Pain+1","Seeing Red","Medical Kit","PowerPotion","Metallicize+1","Evolve+1"],"campfire_rested":1,"item_purchase_floors":[7,20,20,20,20,20,30,30],"current_hp_per_floor":[80,80,80,80,80,80,80,77,77,77,73,79,57,60,60,23,80,59,59,59,44,44,30,57,44,44,50,61,65,65,65,65,34,34],"gold":111,"neow_bonus":"RANDOM_COMMON_RELIC","is_prod":false,"is_daily":false,"chose_seed":false,"campfire_upgraded":3,"win_rate":0,"timestamp":1568494733,"path_taken":["M","?","?","$","M","R","$","?","T","?","E","M","E","M","R","BOSS","M","?","$","?","?","E","R","E","T","M","M","M","$","?","R","BOSS"],"build_version":"2019-09-12","purchased_purges":1,"victory":false,"max_hp_per_floor":[80,80,80,80,80,80,80,80,80,80,80,80,80,80,80,80,80,80,80,80,85,85,90,90,90,90,90,90,90,90,90,90,90,90],"card_choices":[{"not_picked":["Second Wind","Warcry"],"picked":"Hemokinesis","floor":1.0},{"not_picked":["Shockwave","Spot Weakness"],"picked":"Flame Barrier","floor":3.0},{"not_picked":["Rage","Blood for Blood"],"picked":"Rampage","floor":5.0},{"not_picked":["Body Slam","Clash","Power Through"],"picked":"Feel No Pain+1","floor":11.0},{"not_picked":["Cleave","Power Through","Clash","Bloodletting"],"picked":"SKIP","floor":12.0},{"not_picked":["Body Slam","Perfected Strike","Twin Strike"],"picked":"Headbutt","floor":13.0},{"not_picked":["Spot Weakness","Second Wind","Dropkick"],"picked":"Fire Breathing+1","floor":14.0},{"not_picked":["Reaper","Impervious","Dark Embrace+1"],"picked":"Immolate","floor":16.0},{"not_picked":["Entrench+1","Heavy Blade+1","Twin Strike"],"picked":"True Grit+1","floor":18.0},{"not_picked":["Thunderclap+1","Flex","Shrug It Off"],"picked":"Offering","floor":23.0},{"not_picked":["Twin Strike+1","Rupture+1","Rampage","Uppercut"],"picked":"SKIP","floor":25.0},{"not_picked":["Iron Wave","Sentinel","Blood for Blood"],"picked":"Feel No Pain+1","floor":27.0},{"not_picked":["Headbutt","Second Wind","Clash"],"picked":"Flame Barrier","floor":28.0},{"not_picked":["Armaments","Fire Breathing+1","Wild Strike","Body Slam"],"picked":"SKIP","floor":29.0},{"not_picked":["Limit Break","Exhume","Immolate"],"picked":"Brutality+1","floor":33.0}],"player_experience":1495899,"relics_obtained":[{"floor":9.0,"key":"The Courier"},{"floor":11.0,"key":"Whetstone"},{"floor":13.0,"key":"Ginger"},{"floor":23.0,"key":"FossilizedHelix"},{"floor":25.0,"key":"Toy Ornithopter"},{"floor":26.0,"key":"Bag of Preparation"}],"event_choices":[{"damage_healed":0.0,"max_hp_gain":0.0,"max_hp_loss":0.0,"gold_gain":0.0,"event_name":"WeMeetAgain","player_choice":"Gave Potion","floor":2.0,"gold_loss":0.0,"damage_taken":0.0,"relics_obtained":["Frozen Egg 2"]},{"damage_healed":0.0,"max_hp_gain":0.0,"max_hp_loss":0.0,"gold_gain":0.0,"event_name":"Scrap Ooze","player_choice":"Success","floor":8.0,"gold_loss":0.0,"damage_taken":3.0,"relics_obtained":["Question Card"]},{"damage_healed":0.0,"max_hp_gain":0.0,"max_hp_loss":0.0,"gold_gain":0.0,"cards_transformed":["Strike_R"],"event_name":"Transmorgrifier","player_choice":"Transformed","floor":10.0,"gold_loss":0.0,"damage_taken":0.0,"cards_obtained":["Reckless Charge"]},{"damage_healed":0.0,"max_hp_gain":0.0,"max_hp_loss":0.0,"gold_gain":0.0,"event_name":"Back to Basics","player_choice":"Simplicity","floor":19.0,"gold_loss":0.0,"damage_taken":0.0,"cards_upgraded":["Strike_R","Strike_R","Defend_R","Defend_R","Defend_R","Defend_R"]},{"damage_healed":0.0,"max_hp_gain":5.0,"max_hp_loss":0.0,"gold_gain":0.0,"event_name":"Forgotten Altar","player_choice":"Shed Blood","floor":21.0,"gold_loss":0.0,"damage_taken":20.0},{"damage_healed":0.0,"max_hp_gain":0.0,"max_hp_loss":0.0,"gold_gain":0.0,"event_name":"The Mausoleum","player_choice":"Opened","floor":22.0,"gold_loss":0.0,"damage_taken":0.0,"relics_obtained":["PreservedInsect"],"cards_obtained":["Writhe"]},{"damage_healed":0.0,"max_hp_gain":0.0,"max_hp_loss":0.0,"gold_gain":0.0,"event_name":"Addict","player_choice":"Stole Relic","floor":31.0,"gold_loss":0.0,"damage_taken":0.0,"relics_obtained":["Regal Pillow"],"cards_obtained":["Shame"]}],"is_beta":true,"boss_relics":[{"not_picked":["Black Blood","Fusion Hammer"],"picked":"SlaversCollar"}],"items_purged_floors":[4],"is_endless":false,"potions_floor_spawned":[1,11,13,25,27,28,33],"ascension_level":0}