{"gold_per_floor":[109,109,0,0,11,11,40,40,66,21,36,100,113,126,126,222,222,242,253,271,271,271,271,51,51,51,63,397,397,415,433,433,433],"floor_reached":33,"playtime":1783,"items_purged":["Strike_G"],"score":327,"play_id":"eb8e692c-2ca4-461c-8261-0ab6133023bd","local_time":"20190722212824","is_ascension_mode":false,"campfire_choices":[{"data":"Noxious Fumes","floor":6,"key":"SMITH"},{"data":"Poisoned Stab","floor":8,"key":"SMITH"},{"data":"Malaise","floor":15,"key":"SMITH"},{"floor":23,"key":"REST"},{"data":"Tactician","floor":25,"key":"SMITH"},{"data":"Burst","floor":29,"key":"SMITH"},{"floor":32,"key":"REST"}],"neow_cost":"NONE","seed_source_timestamp":345212755199922,"circlet_count":0,"master_deck":["Strike_G+1","Strike_G","Strike_G","Defend_G","Defend_G","Defend_G","Defend_G","Defend_G","Survivor","Neutralize+1","Panacea","Poisoned Stab+1","Noxious Fumes+1","Poisoned Stab","Acrobatics","Bane","Deflect","Malaise+1","Footwork","Burst+1","Tactician+1","Calculated Gamble","Deadly Poison","Well Laid Plans","Caltrops+1","Acrobatics","Backflip+1"],"relics":["Ring of the Snake","Anchor","Centennial Puzzle","Tiny Chest","Orrery","Enchiridion","Frozen Eye","Whetstone","Old Coin"],"potions_floor_usage":[14,18,18,19,28,33,33,33],"damage_taken":[{"damage":0,"enemies":"2 Louse","floor":1,"turns":2},{"damage":0,"enemies":"Jaw Worm","floor":5,"turns":4},{"damage":26,"enemies":"Gremlin Nob","floor":7,"turns":5},{"damage":0,"enemies":"Cultist","floor":11,"turns":3},{"damage":10,"enemies":"3 Sentries","floor":12,"turns":6},{"damage":0,"enemies":"Red Slaver","floor":13,"turns":3},{"damage":1,"enemies":"Lots of Slimes","floor":14,"turns":5},{"damage":0,"enemies":"Hexaghost","floor":16,"turns":10},{"damage":2,"enemies":"Spheric Guardian","floor":18,"turns":5},{"damage":17,"enemies":"3 Byrds","floor":19,"turns":5},{"damage":6,"enemies":"Cultist and Chosen","floor":20,"turns":6},{"damage":8,"enemies":"3 Cultists","floor":27,"turns":5},{"damage":3,"enemies":"Book of Stabbing","floor":28,"turns":5},{"damage":2,"enemies":"Centurion and Healer","floor":30,"turns":6},{"damage":28,"enemies":"Sentry and Sphere","floor":31,"turns":6},{"damage":43,"enemies":"Collector","floor":33,"turns":6}],"seed_played":"-6381821774712603827","potions_obtained":[{"floor":5,"key":"SkillPotion"},{"floor":11,"key":"SteroidPotion"},{"floor":12,"key":"SpeedPotion"},{"floor":16,"key":"SpeedPotion"},{"floor":18,"key":"Fruit Juice"},{"floor":27,"key":"SkillPotion"},{"floor":28,"key":"Poison Potion"},{"floor":31,"key":"SpeedPotion"}],"is_trial":false,"path_per_floor":["M","?","$","?","M","R","E","R","T","$","M","E","M","M","R","B",null,"M","M","M","?","?","R","$","R","T","M","E","R","M","M","R","B"],"character_chosen":"THE_SILENT","items_purchased":["Noxious Fumes","Bane","Acrobatics","Frozen Eye"],"campfire_rested":2,"item_purchase_floors":[3,10,24,24],"current_hp_per_floor":[70,70,70,70,70,70,44,44,44,44,44,34,34,33,33,33,70,73,56,50,50,34,56,56,56,56,48,45,45,43,15,37,0],"gold":433,"neow_bonus":"RANDOM_COLORLESS","is_prod":false,"is_daily":false,"chose_seed":false,"campfire_upgraded":5,"win_rate":0,"timestamp":1563827304,"path_taken":["M","?","$","?","?","R","E","R","T","?","M","E","M","M","R","BOSS","M","?","M","?","?","R","$","R","T","M","E","R","M","M","R","BOSS"],"build_version":"2019-07-17","purchased_purges":1,"victory":false,"max_hp_per_floor":[70,70,70,70,70,70,70,70,70,70,70,70,70,70,70,70,70,75,75,75,75,75,75,75,75,75,75,75,75,75,75,75,75],"card_choices":[{"not_picked":["Bane","Flying Knee"],"picked":"Poisoned Stab","floor":1},{"not_picked":["Blade Dance","Deflect"],"picked":"Poisoned Stab","floor":5},{"not_picked":["Accuracy","Riddle With Holes"],"picked":"Acrobatics","floor":7},{"not_picked":["Choke","Prepared"],"picked":"Deflect","floor":11},{"not_picked":["Escape Plan","Bouncing Flask"],"picked":"Malaise","floor":12},{"not_picked":["Acrobatics","Skewer"],"picked":"Footwork","floor":13},{"not_picked":["Tactician","Reflex","Infinite Blades"],"picked":"SKIP","floor":14},{"not_picked":["Corpse Explosion","Wraith Form v2"],"picked":"Burst","floor":16},{"not_picked":["Dash","All Out Attack"],"picked":"Tactician","floor":17},{"not_picked":["Blade Dance","Underhanded Strike"],"picked":"Calculated Gamble","floor":17},{"not_picked":["Slice","Outmaneuver"],"picked":"Deadly Poison","floor":17},{"not_picked":["Prepared","Deflect"],"picked":"Well Laid Plans","floor":18},{"not_picked":["Well Laid Plans","Deadly Poison","Poisoned Stab+1"],"picked":"SKIP","floor":19},{"not_picked":["Outmaneuver","Backstab"],"picked":"Caltrops+1","floor":20},{"not_picked":["Tools of the Trade","Dagger Throw+1"],"picked":"Backflip+1","floor":27},{"not_picked":["Corpse Explosion","Glass Knife","Terror+1"],"picked":"SKIP","floor":28},{"not_picked":["Cloak And Dagger","Quick Slash","Slice+1"],"picked":"SKIP","floor":30},{"not_picked":["Deadly Poison","Eviscerate","Acrobatics"],"picked":"SKIP","floor":31}],"player_experience":1726466,"relics_obtained":[{"floor":7,"key":"Anchor"},{"floor":9,"key":"Centennial Puzzle"},{"floor":12,"key":"Tiny Chest"},{"floor":22,"key":"Enchiridion"},{"floor":26,"key":"Whetstone"},{"floor":28,"key":"Old Coin"}],"event_choices":[{"cards_removed":["Strike_G"],"damage_healed":0,"gold_gain":0,"player_choice":"Forget","damage_taken":0,"max_hp_gain":0,"max_hp_loss":0,"event_name":"Living Wall","floor":2,"gold_loss":0},{"damage_healed":0,"gold_gain":0,"player_choice":"Full Heal","damage_taken":0,"max_hp_gain":0,"max_hp_loss":0,"event_name":"Wheel of Change","floor":4,"gold_loss":0},{"damage_healed":0,"gold_gain":0,"player_choice":"Ignored","damage_taken":0,"max_hp_gain":0,"max_hp_loss":0,"event_name":"Ghosts","floor":21,"gold_loss":0},{"damage_healed":0,"gold_gain":0,"player_choice":"Obtained Book","damage_taken":16,"max_hp_gain":0,"max_hp_loss":0,"event_name":"Cursed Tome","floor":22,"gold_loss":0}],"is_beta":false,"boss_relics":[{"not_picked":["White Beast Statue","WristBlade"],"picked":"Orrery"}],"items_purged_floors":[3],"is_endless":false,"potions_floor_spawned":[5,11,12,16,18,27,28,31],"killed_by":"Collector","ascension_level":0}