{"gold_per_floor":[117,117,42,62,137,137,172,190,190,190,208,208,229,309,309,309],"floor_reached":16,"playtime":372,"items_purged":["Injury"],"score":130,"play_id":"bfb739e1-c153-4471-9265-a2a3d07c110a","local_time":"20191012144227","is_ascension_mode":true,"campfire_choices":[{"data":"Bash","floor":6,"key":"SMITH"},{"data":"Wild Strike","floor":10,"key":"SMITH"},{"data":"Sword Boomerang","floor":12,"key":"SMITH"},{"data":"Berserk","floor":15,"key":"SMITH"}],"neow_cost":"NONE","seed_source_timestamp":525323474581000,"circlet_count":0,"master_deck":["Strike_R","Strike_R","Strike_R","Strike_R","Strike_R","Defend_R","Defend_R","Defend_R","Defend_R","Bash+1","Wild Strike+1","Armaments","Metallicize","Anger","Sword Boomerang+1","Berserk+1"],"relics":["Burning Blood","Happy Flower","Golden Idol","Turnip","Shuriken","Oddly Smooth Stone"],"potions_floor_usage":[8,13,14,14,16],"damage_taken":[{"damage":0,"enemies":"Small Slimes","floor":1,"turns":3},{"damage":12,"enemies":"Jaw Worm","floor":4,"turns":3},{"damage":32,"enemies":"Gremlin Nob","floor":7,"turns":4},{"damage":7,"enemies":"Cultist","floor":8,"turns":4},{"damage":11,"enemies":"Looter","floor":11,"turns":4},{"damage":0,"enemies":"2 Fungi Beasts","floor":13,"turns":2},{"damage":27,"enemies":"3 Sentries","floor":14,"turns":4},{"damage":54,"enemies":"The Guardian","floor":16,"turns":11}],"seed_played":"491011017383078432","potions_obtained":[{"floor":7,"key":"BloodPotion"},{"floor":8,"key":"Fruit Juice"},{"floor":11,"key":"Energy Potion"},{"floor":13,"key":"SkillPotion"},{"floor":14,"key":"BloodPotion"}],"is_trial":false,"path_per_floor":["M","?","$","M","?","R","E","M","T","R","M","R","M","?","R","B"],"character_chosen":"IRONCLAD","items_purchased":[],"campfire_rested":0,"item_purchase_floors":[],"current_hp_per_floor":[78,78,78,72,61,61,35,39,39,39,34,34,40,36,36,0],"gold":309,"neow_bonus":"RANDOM_COMMON_RELIC","is_prod":false,"is_daily":false,"chose_seed":false,"campfire_upgraded":4,"win_rate":0,"timestamp":1570880547,"path_taken":["M","?","$","M","?","R","E","?","T","R","M","R","M","?","R","BOSS"],"build_version":"2019-10-11","purchased_purges":1,"victory":false,"max_hp_per_floor":[80,80,80,80,80,80,80,85,85,85,85,85,85,85,85,85],"card_choices":[{"not_picked":["True Grit","Headbutt"],"picked":"Wild Strike","floor":1},{"not_picked":["Metallicize","Bloodletting"],"picked":"Armaments","floor":4},{"not_picked":["Perfected Strike","Twin Strike"],"picked":"Metallicize","floor":7},{"not_picked":["Perfected Strike","Dual Wield"],"picked":"Anger","floor":8},{"not_picked":["Body Slam","Armaments"],"picked":"Sword Boomerang","floor":11},{"not_picked":["Warcry","Pommel Strike"],"picked":"Berserk","floor":13}],"player_experience":374274,"relics_obtained":[{"floor":7,"key":"Turnip"},{"floor":9,"key":"Shuriken"},{"floor":14,"key":"Oddly Smooth Stone"}],"event_choices":[{"damage_healed":0,"gold_gain":0,"player_choice":"Take Wound","damage_taken":0,"relics_obtained":["Golden Idol"],"max_hp_gain":0,"max_hp_loss":0,"event_name":"Golden Idol","floor":2,"gold_loss":0,"cards_obtained":["Injury"]},{"damage_healed":0,"gold_gain":75,"player_choice":"Gather Gold","damage_taken":11,"max_hp_gain":0,"max_hp_loss":0,"event_name":"World of Goop","floor":5,"gold_loss":0},{"damage_healed":0,"gold_gain":0,"player_choice":"Searched \u00271\u0027 times","damage_taken":0,"max_hp_gain":0,"max_hp_loss":0,"event_name":"Dead Adventurer","floor":14,"gold_loss":0}],"is_beta":true,"boss_relics":[],"items_purged_floors":[3],"is_endless":false,"potions_floor_spawned":[7,8,11,13,14],"killed_by":"The Guardian","ascension_level":6}