{"gold_per_floor":[117,117,127,140,155,170,186,213,213,244,256,256,268,298,298,401,401,372,297,308,318,333,366,366,366],"floor_reached":25,"playtime":1759,"items_purged":[],"score":264,"play_id":"e0f81442-d757-498c-b1b2-a3a4395c2e0d","local_time":"20180718183717","is_ascension_mode":false,"campfire_choices":[{"data":"Spot Weakness","floor":12,"key":"SMITH"},{"data":"Heavy Blade","floor":15,"key":"SMITH"},{"data":"Dual Wield","floor":24,"key":"SMITH"}],"neow_cost":"NONE","seed_source_timestamp":358542461542144,"circlet_count":0,"master_deck":["Strike_R","Strike_R","Strike_R","Strike_R","Defend_R","Defend_R","Defend_R","Defend_R","Bash","Thunderclap","Clash","Clash","Dropkick","Pommel Strike","Ghostly Armor","Iron Wave","Spot Weakness+1","Heavy Blade+1","Clumsy","Writhe","Rage+1","Infernal Blade","Dual Wield+1","Flex","Limit Break"],"relics":["Burning Blood","Pen Nib","Self Forming Clay","Bronze Scales","Ancient Tea Set","Bag of Preparation","Calling Bell","Orichalcum","Pantograph","Mango","Pear"],"potions_floor_usage":[7,16,16,18,21,22,23,25],"damage_taken":[{"damage":16,"enemies":"2 Louse","floor":1,"turns":3},{"damage":1,"enemies":"Cultist","floor":3,"turns":3},{"damage":2,"enemies":"Small Slimes","floor":4,"turns":3},{"damage":7,"enemies":"3 Louse","floor":5,"turns":3},{"damage":14,"enemies":"Exordium Thugs","floor":6,"turns":4},{"damage":6,"enemies":"Gremlin Gang","floor":7,"turns":5},{"damage":21,"enemies":"Lagavulin","floor":8,"turns":4},{"damage":11,"enemies":"Gremlin Nob","floor":10,"turns":4},{"damage":5,"enemies":"Looter","floor":11,"turns":2},{"damage":0,"enemies":"Blue Slaver","floor":13,"turns":2},{"damage":21,"enemies":"The Guardian","floor":16,"turns":5},{"damage":12,"enemies":"2 Thieves","floor":18,"turns":5},{"damage":2,"enemies":"Shell Parasite","floor":20,"turns":2},{"damage":23,"enemies":"Snake Plant","floor":21,"turns":3},{"damage":41,"enemies":"3 Cultists","floor":22,"turns":6},{"damage":21,"enemies":"Book of Stabbing","floor":23,"turns":5},{"damage":76,"enemies":"Gremlin Leader","floor":25,"turns":8}],"seed_played":"-1174163018123125498","potions_obtained":[{"floor":4,"key":"LiquidBronze"},{"floor":6,"key":"SkillPotion"},{"floor":7,"key":"BloodPotion"},{"floor":10,"key":"Fire Potion"},{"floor":13,"key":"Fruit Juice"},{"floor":16,"key":"Fire Potion"},{"floor":18,"key":"Regen Potion"},{"floor":22,"key":"Block Potion"},{"floor":23,"key":"BloodPotion"}],"is_trial":false,"path_per_floor":["M","?","M","M","M","M","M","E","T","E","M","R","M","?","R","B",null,"M","?","M","M","M","E","R"],"character_chosen":"IRONCLAD","items_purchased":[],"campfire_rested":0,"item_purchase_floors":[],"current_hp_per_floor":[70,70,75,79,78,70,70,55,55,50,51,51,57,57,57,47,99,93,93,96,84,58,53,53,0],"gold":366,"neow_bonus":"RANDOM_COMMON_RELIC","is_prod":false,"is_daily":false,"chose_seed":false,"campfire_upgraded":3,"win_rate":0.0,"timestamp":1531928237,"path_taken":["M","?","M","M","M","M","M","E","T","E","?","R","M","?","R","BOSS","M","?","?","M","M","E","R","E"],"build_version":"2018-07-12","purchased_purges":0,"victory":false,"max_hp_per_floor":[80,80,80,80,80,80,80,80,80,80,80,80,80,80,80,85,99,99,96,96,96,96,106,106,106],"card_choices":[{"not_picked":["Clash","Armaments"],"picked":"Thunderclap","floor":1},{"not_picked":["Armaments","Clothesline"],"picked":"Clash","floor":3},{"not_picked":["Cleave","Thunderclap"],"picked":"Clash","floor":4},{"not_picked":["Anger","Bludgeon"],"picked":"Dropkick","floor":5},{"not_picked":["Corruption","Warcry"],"picked":"Pommel Strike","floor":6},{"not_picked":["Body Slam","Disarm"],"picked":"Ghostly Armor","floor":7},{"not_picked":["Combust","Disarm"],"picked":"Iron Wave","floor":8},{"not_picked":["Warcry","Bludgeon","Blood for Blood"],"picked":"SKIP","floor":10},{"not_picked":["Clothesline","Twin Strike"],"picked":"Spot Weakness","floor":11},{"not_picked":["Rampage","Metallicize"],"picked":"Heavy Blade","floor":13},{"not_picked":["Perfected Strike","Disarm"],"picked":"Rage+1","floor":18},{"not_picked":["Thunderclap","Warcry+1"],"picked":"Infernal Blade","floor":20},{"not_picked":["Headbutt","Perfected Strike"],"picked":"Dual Wield","floor":21},{"not_picked":["Metallicize+1","Hemokinesis"],"picked":"Flex","floor":22},{"not_picked":["Impervious","Iron Wave"],"picked":"Limit Break","floor":23}],"player_experience":99088,"relics_obtained":[{"floor":8,"key":"Self Forming Clay"},{"floor":9,"key":"Bronze Scales"},{"floor":10,"key":"Ancient Tea Set"},{"floor":17,"key":"Orichalcum"},{"floor":17,"key":"Pantograph"},{"floor":17,"key":"Mango"},{"floor":23,"key":"Pear"}],"event_choices":[{"event_name":"Purifier","player_choice":"One Purge","floor":2,"damage_taken":0},{"event_name":"Dead Adventurer","player_choice":"Searched \u00272\u0027 times","floor":14,"damage_taken":0},{"event_name":"Beggar","player_choice":"Gave Gold","floor":19,"damage_taken":0}],"boss_relics":[{"not_picked":["Coffee Dripper","Philosopher\u0027s Stone"],"picked":"Calling Bell"}],"items_purged_floors":[],"is_endless":false,"potions_floor_spawned":[4,6,7,10,13,16,18,22,23],"killed_by":"Gremlin Leader","ascension_level":0}