{"gold_per_floor":[118,133,18,36,55,55,81,96,96,96,96,110,110,110,110,215,215,225,42,42,317,67,67,83,97,97,131,145,179,179,94,94,199,199,216,216,229,229,243,243,268,281,356,356,356,373,399,412,412,412],"floor_reached":51,"playtime":1875,"items_purged":["Strike_R","Regret"],"score":797,"play_id":"93ffe1e1-9e2c-4047-ae7e-152b53755afb","local_time":"20190627010130","is_ascension_mode":false,"campfire_choices":[{"data":"Spot Weakness","floor":6,"key":"SMITH"},{"data":"Bash","floor":11,"key":"SMITH"},{"data":"Sword Boomerang","floor":13,"key":"SMITH"},{"data":"Shrug It Off","floor":15,"key":"SMITH"},{"data":"True Grit","floor":23,"key":"SMITH"},{"data":"Metallicize","floor":30,"key":"SMITH"},{"data":"Trip","floor":32,"key":"SMITH"},{"data":"Shrug It Off","floor":40,"key":"SMITH"},{"data":"Survivor","floor":44,"key":"SMITH"},{"data":"Defend_R","floor":49,"key":"SMITH"}],"neow_cost":"NONE","seed_source_timestamp":977985635040252,"circlet_count":0,"master_deck":["Strike_R","Strike_R","Strike_R","Strike_R","Defend_R+1","Defend_R","Defend_R","Defend_R","Bash+1","Trip+1","Dropkick","Shrug It Off+1","Spot Weakness+1","Sword Boomerang+1","Immolate","Whirlwind+1","Survivor+1","Reaper+1","True Grit+1","Dropkick+1","Metallicize+1","True Grit+1","Body Slam+1","Shrug It Off+1","Clothesline+1","Feed+1","Dual Wield+1","Shrug It Off+1"],"relics":["Burning Blood","Shuriken","Molten Egg 2","Sundial","Runic Pyramid","Art of War","Pen Nib","Meat on the Bone","Mercury Hourglass","Toxic Egg 2","Busted Crown","Bird Faced Urn","Frozen Egg 2","CultistMask","Dream Catcher"],"potions_floor_usage":[7,7,12,16,29,41,41,47,47],"damage_taken":[{"damage":1,"enemies":"Cultist","floor":1,"turns":3},{"damage":7,"enemies":"2 Louse","floor":2,"turns":2},{"damage":8,"enemies":"Small Slimes","floor":4,"turns":2},{"damage":10,"enemies":"3 Louse","floor":5,"turns":4},{"damage":26,"enemies":"Lagavulin","floor":7,"turns":4},{"damage":7,"enemies":"Gremlin Gang","floor":8,"turns":3},{"damage":2,"enemies":"Blue Slaver","floor":12,"turns":2},{"damage":24,"enemies":"The Guardian","floor":16,"turns":8},{"damage":20,"enemies":"2 Thieves","floor":18,"turns":3},{"damage":4,"enemies":"Spheric Guardian","floor":24,"turns":5},{"damage":10,"enemies":"Shelled Parasite and Fungi","floor":25,"turns":4},{"damage":16,"enemies":"Book of Stabbing","floor":27,"turns":4},{"damage":4,"enemies":"Chosen and Byrds","floor":28,"turns":5},{"damage":15,"enemies":"Slavers","floor":29,"turns":3},{"damage":46,"enemies":"Automaton","floor":33,"turns":10},{"damage":2,"enemies":"3 Shapes","floor":35,"turns":4},{"damage":4,"enemies":"3 Darklings","floor":37,"turns":5},{"damage":6,"enemies":"Maw","floor":39,"turns":5},{"damage":27,"enemies":"Reptomancer","floor":41,"turns":4},{"damage":10,"enemies":"Jaw Worm Horde","floor":42,"turns":3},{"damage":12,"enemies":"Spire Growth","floor":46,"turns":4},{"damage":24,"enemies":"Giant Head","floor":47,"turns":9},{"damage":0,"enemies":"3 Darklings","floor":48,"turns":1},{"damage":74,"enemies":"Time Eater","floor":50,"turns":11}],"seed_played":"-1552561132937067533","potions_obtained":[{"floor":2,"key":"BloodPotion"},{"floor":4,"key":"Energy Potion"},{"floor":5,"key":"SpeedPotion"},{"floor":8,"key":"SteroidPotion"},{"floor":12,"key":"PowerPotion"},{"floor":18,"key":"Ancient Potion"},{"floor":28,"key":"Explosive Potion"},{"floor":33,"key":"SkillPotion"},{"floor":37,"key":"SteroidPotion"},{"floor":41,"key":"Block Potion"},{"floor":46,"key":"SkillPotion"}],"is_trial":false,"path_per_floor":["M","M","$","M","M","R","E","M","T","?","R","M","R","?","R","B",null,"M","$","$","?","$","R","M","M","T","E","M","E","R","?","R","B",null,"M","?","M","T","M","R","E","M","T","R","?","M","E","M","R","B",null],"character_chosen":"IRONCLAD","items_purchased":["Spot Weakness","Cleave","Dropkick+1","Metallicize","Art of War"],"campfire_rested":0,"item_purchase_floors":[3,3,19,19,22],"current_hp_per_floor":[80,79,79,77,73,73,61,60,60,48,48,52,52,52,52,34,80,79,79,79,79,79,79,80,79,79,69,80,71,71,71,71,51,80,84,84,84,84,88,88,92,88,88,88,88,92,82,88,88,77],"gold":412,"neow_bonus":"RANDOM_COLORLESS","is_prod":false,"is_daily":false,"chose_seed":false,"campfire_upgraded":10,"win_rate":0,"timestamp":1561593690,"path_taken":["M","M","?","M","M","R","E","M","T","?","R","M","R","?","R","BOSS","M","?","$","?","$","R","?","M","T","E","M","E","R","?","R","BOSS","M","?","M","?","M","R","E","M","T","R","?","M","E","?","R","BOSS"],"build_version":"2019-01-23","purchased_purges":2,"victory":true,"max_hp_per_floor":[80,80,80,80,80,80,80,80,80,80,80,80,80,80,80,80,80,80,80,80,80,80,80,80,80,80,80,80,80,80,80,80,80,80,84,84,84,84,88,88,92,92,92,92,92,96,100,100,100,104],"card_choices":[{"not_picked":["Intimidate","Clothesline"],"picked":"Dropkick","floor":1},{"not_picked":["Pommel Strike","Iron Wave"],"picked":"Shrug It Off","floor":2},{"not_picked":["Clothesline","Burning Pact"],"picked":"Sword Boomerang","floor":4},{"not_picked":["Headbutt","Havoc"],"picked":"Twin Strike","floor":5},{"not_picked":["Pommel Strike","Thunderclap","Iron Wave"],"picked":"SKIP","floor":7},{"not_picked":["Shockwave","Clothesline"],"picked":"Immolate","floor":8},{"not_picked":["Burning Pact","Twin Strike+1"],"picked":"Whirlwind+1","floor":12},{"not_picked":["Bludgeon+1","Berserk"],"picked":"Reaper+1","floor":16},{"not_picked":["Twin Strike+1","Second Wind"],"picked":"True Grit","floor":18},{"not_picked":["Clash+1","Armaments"],"picked":"True Grit+1","floor":24},{"not_picked":["Juggernaut","Heavy Blade+1"],"picked":"Body Slam+1","floor":25},{"not_picked":["Anger+1","Perfected Strike+1","Headbutt+1"],"picked":"SKIP","floor":27},{"not_picked":["Thunderclap+1","Sword Boomerang+1"],"picked":"Shrug It Off","floor":28},{"not_picked":["Reckless Charge+1","Entrench"],"picked":"Clothesline+1","floor":29},{"not_picked":["Exhume+1","Offering+1"],"picked":"Feed+1","floor":33},{"not_picked":[],"picked":"Dual Wield+1","floor":35},{"not_picked":["Rupture+1"],"picked":"SKIP","floor":37},{"not_picked":["Wild Strike+1"],"picked":"SKIP","floor":39},{"not_picked":["Body Slam+1"],"picked":"SKIP","floor":41},{"not_picked":["Perfected Strike+1"],"picked":"SKIP","floor":42},{"not_picked":["Armaments+1"],"picked":"SKIP","floor":46},{"not_picked":["Body Slam+1"],"picked":"SKIP","floor":47},{"not_picked":[],"picked":"Shrug It Off+1","floor":48}],"player_experience":1643603,"relics_obtained":[{"floor":7,"key":"Shuriken"},{"floor":9,"key":"Molten Egg 2"},{"floor":26,"key":"Pen Nib"},{"floor":27,"key":"Meat on the Bone"},{"floor":29,"key":"Mercury Hourglass"},{"floor":38,"key":"Bird Faced Urn"},{"floor":41,"key":"Frozen Egg 2"},{"floor":47,"key":"Dream Catcher"}],"event_choices":[{"damage_healed":0,"gold_gain":0,"player_choice":"Success","damage_taken":12,"relics_obtained":["Sundial"],"max_hp_gain":0,"max_hp_loss":0,"event_name":"Scrap Ooze","floor":10,"gold_loss":0},{"cards_removed":["Twin Strike"],"damage_healed":0,"gold_gain":0,"player_choice":"Took Card","damage_taken":0,"max_hp_gain":0,"max_hp_loss":0,"event_name":"NoteForYourself","floor":14,"gold_loss":0,"cards_obtained":["Survivor"]},{"damage_healed":0,"gold_gain":275,"player_choice":"Desecrate","damage_taken":0,"max_hp_gain":0,"max_hp_loss":0,"event_name":"Golden Shrine","floor":21,"gold_loss":0,"cards_obtained":["Regret"]},{"damage_healed":0,"gold_gain":0,"player_choice":"Obtained Relic","damage_taken":0,"relics_obtained":["Toxic Egg 2"],"max_hp_gain":0,"max_hp_loss":0,"event_name":"Addict","floor":31,"gold_loss":85},{"cards_removed":["Cleave"],"damage_healed":0,"gold_gain":0,"player_choice":"Removed Attack","damage_taken":0,"max_hp_gain":0,"max_hp_loss":0,"event_name":"Falling","floor":36,"gold_loss":0},{"damage_healed":0,"gold_gain":0,"player_choice":"Trade","damage_taken":0,"relics_obtained":["CultistMask"],"max_hp_gain":0,"max_hp_loss":0,"event_name":"FaceTrader","floor":45,"gold_loss":0}],"is_beta":false,"boss_relics":[{"not_picked":["Calling Bell","Ectoplasm"],"picked":"Runic Pyramid"},{"not_picked":["Tiny House","Velvet Choker"],"picked":"Busted Crown"}],"items_purged_floors":[19,22],"is_endless":false,"potions_floor_spawned":[2,4,5,8,12,18,28,33,37,41,46],"ascension_level":0}