{"gold_per_floor":[115,130,130,148,158,186,196,196,196,196,227,246,246,4,4,127,127,146,146,161,161,186,186,217,217,217,236,260,278,317,340,340,465,465,486,507,49,73,91,91,115,115,141,165,165],"floor_reached":45,"playtime":3594,"items_purged":[],"score":648,"play_id":"0d4042ce-391b-4d21-aab1-ffb3d200dfbb","local_time":"20190916223426","is_ascension_mode":true,"campfire_choices":[{"floor":8,"key":"REST"},{"floor":10,"key":"REST"},{"floor":15,"key":"REST"},{"floor":23,"key":"REST"},{"data":"Venomology","floor":25,"key":"SMITH"},{"floor":32,"key":"REST"},{"floor":40,"key":"REST"},{"floor":42,"key":"REST"}],"neow_cost":"TEN_PERCENT_HP_LOSS","seed_source_timestamp":11386043530900,"circlet_count":0,"master_deck":["Strike_G","Strike_G","Defend_G","Defend_G","Defend_G","Defend_G","Defend_G","Survivor","Neutralize","Bouncing Flask","Footwork","Neutralize","Underhanded Strike","Catalyst","Bouncing Flask","Distraction","Venomology+1","Injury","Footwork","Catalyst","Corpse Explosion","Prepared+1","Dash+1","Glass Knife+1","Bouncing Flask","Bouncing Flask+1","Catalyst","Acrobatics+1","Deadly Poison","Noxious Fumes","Bullet Time","Tools of the Trade","Shame","Parasite","Parasite","Catalyst+1","Bouncing Flask","Crippling Poison+1","Blur"],"relics":["Ring of the Snake","Incense Burner","The Courier","Oddly Smooth Stone","Blood Vial","Golden Idol","Art of War","Astrolabe","Gremlin Horn","Orichalcum","Regal Pillow","Calling Bell","PreservedInsect","Matryoshka","The Specimen","Frozen Egg 2","Darkstone Periapt","Bag of Preparation","Potion Belt"],"potions_floor_usage":[16,16,16,27,27,28,28,29,30,31,33,33,36,38,38,38,38,44,44,45],"damage_taken":[{"damage":7,"enemies":"Small Slimes","floor":1,"turns":4},{"damage":1,"enemies":"Cultist","floor":2,"turns":3},{"damage":0,"enemies":"Jaw Worm","floor":4,"turns":4},{"damage":5,"enemies":"Looter","floor":5,"turns":4},{"damage":38,"enemies":"3 Sentries","floor":6,"turns":8},{"damage":1,"enemies":"2 Fungi Beasts","floor":7,"turns":2},{"damage":4,"enemies":"Lagavulin","floor":11,"turns":5},{"damage":28,"enemies":"Gremlin Gang","floor":12,"turns":5},{"damage":28,"enemies":"The Guardian","floor":16,"turns":6},{"damage":1,"enemies":"Shell Parasite","floor":18,"turns":4},{"damage":0,"enemies":"Spheric Guardian","floor":20,"turns":2},{"damage":28,"enemies":"Snake Plant","floor":22,"turns":4},{"damage":15,"enemies":"Book of Stabbing","floor":24,"turns":6},{"damage":6,"enemies":"Chosen and Byrds","floor":27,"turns":5},{"damage":0,"enemies":"3 Cultists","floor":28,"turns":3},{"damage":9,"enemies":"Sentry and Sphere","floor":29,"turns":5},{"damage":31,"enemies":"Gremlin Leader","floor":30,"turns":5},{"damage":0,"enemies":"Cultist and Chosen","floor":31,"turns":4},{"damage":32,"enemies":"Collector","floor":33,"turns":4},{"damage":34,"enemies":"3 Darklings","floor":35,"turns":4},{"damage":0,"enemies":"3 Shapes","floor":36,"turns":3},{"damage":9,"enemies":"Maw","floor":38,"turns":4},{"damage":20,"enemies":"Sphere and 2 Shapes","floor":39,"turns":4},{"damage":38,"enemies":"Jaw Worm Horde","floor":41,"turns":5},{"damage":13,"enemies":"Transient","floor":44,"turns":5},{"damage":43,"enemies":"Nemesis","floor":45,"turns":4}],"seed_played":"-5636962787080406912","potions_obtained":[{"floor":1,"key":"FearPotion"},{"floor":6,"key":"Ancient Potion"},{"floor":12,"key":"Strength Potion"},{"floor":22,"key":"Explosive Potion"},{"floor":24,"key":"PowerPotion"},{"floor":30,"key":"PowerPotion"},{"floor":31,"key":"Regen Potion"},{"floor":33,"key":"Ancient Potion"},{"floor":35,"key":"SpeedPotion"},{"floor":41,"key":"LiquidBronze"}],"is_trial":false,"path_per_floor":["M","M","?","M","M","E","M","R","T","R","E","M","?","$","R","B",null,"M","?","M","?","M","R","E","R","T","M","M","M","E","M","R","B",null,"M","M","$","M","M","R","M","R","T","M","E"],"character_chosen":"THE_SILENT","items_purchased":["Art of War","Footwork","Catalyst","Frozen Egg 2","Darkstone Periapt","Bouncing Flask"],"campfire_rested":7,"item_purchase_floors":[14,14,14,37,37,37],"current_hp_per_floor":[56,55,55,55,50,12,11,29,29,47,43,17,17,17,35,9,63,62,62,63,63,35,53,40,40,40,36,38,31,2,4,37,21,63,29,31,31,38,20,53,17,50,50,39,0],"gold":165,"neow_bonus":"ONE_RARE_RELIC","is_prod":false,"is_daily":false,"chose_seed":false,"campfire_upgraded":1,"win_rate":0,"timestamp":1568698466,"path_taken":["M","M","?","?","M","E","M","R","T","R","E","M","?","?","R","BOSS","M","?","M","?","?","R","E","R","T","M","M","M","E","M","R","BOSS","M","M","$","M","M","R","M","R","T","M","E"],"build_version":"2019-07-17","purchased_purges":0,"victory":false,"max_hp_per_floor":[63,63,63,63,63,63,63,63,63,63,63,63,63,63,63,63,63,63,63,63,63,63,63,63,63,63,63,63,63,63,63,63,63,63,63,63,63,63,63,63,63,63,63,63,63],"card_choices":[{"not_picked":["Blade Dance","Cloak And Dagger"],"picked":"Bouncing Flask","floor":1},{"not_picked":["Slice","PiercingWail"],"picked":"Footwork","floor":2},{"not_picked":["Reflex","Dash"],"picked":"Catalyst","floor":4},{"not_picked":["Predator","Dash"],"picked":"Bouncing Flask","floor":5},{"not_picked":["Endless Agony","Dash"],"picked":"Distraction","floor":6},{"not_picked":["Riddle With Holes","Well Laid Plans","Cloak And Dagger"],"picked":"SKIP","floor":7},{"not_picked":["Backflip","Sucker Punch","Flying Knee"],"picked":"SKIP","floor":11},{"not_picked":["Bouncing Flask","Sucker Punch"],"picked":"Venomology","floor":12},{"not_picked":["Unload","Tools of the Trade"],"picked":"Corpse Explosion","floor":16},{"not_picked":["Cloak And Dagger","Flying Knee+1"],"picked":"Bouncing Flask","floor":18},{"not_picked":["Flechettes+1","PiercingWail"],"picked":"Bouncing Flask+1","floor":20},{"not_picked":["Tactician+1","Quick Slash"],"picked":"Catalyst","floor":22},{"not_picked":["Dagger Throw+1","Prepared"],"picked":"Acrobatics+1","floor":24},{"not_picked":["Outmaneuver","Underhanded Strike"],"picked":"Deadly Poison","floor":27},{"not_picked":["Dodge and Roll+1","Unload"],"picked":"Noxious Fumes","floor":28},{"not_picked":["All Out Attack","PiercingWail","Dodge and Roll"],"picked":"SKIP","floor":29},{"not_picked":["Dagger Throw","Terror"],"picked":"Bullet Time","floor":30},{"not_picked":["Quick Slash","Slice+1","Flying Knee"],"picked":"SKIP","floor":31},{"not_picked":["Unload","Storm of Steel"],"picked":"Tools of the Trade","floor":33},{"not_picked":["Tactician","Blade Dance","PiercingWail"],"picked":"SKIP","floor":35},{"not_picked":["Riddle With Holes","Underhanded Strike+1"],"picked":"Catalyst+1","floor":36},{"not_picked":["Finisher+1","Acrobatics"],"picked":"Crippling Poison+1","floor":38},{"not_picked":["Prepared","Leg Sweep+1","Masterful Stab+1"],"picked":"SKIP","floor":39},{"not_picked":["Flechettes+1","PiercingWail"],"picked":"Blur","floor":41},{"not_picked":["Dagger Throw+1","Endless Agony","Leg Sweep"],"picked":"SKIP","floor":44}],"player_experience":101561,"relics_obtained":[{"floor":6,"key":"The Courier"},{"floor":9,"key":"Oddly Smooth Stone"},{"floor":11,"key":"Blood Vial"},{"floor":24,"key":"Orichalcum"},{"floor":30,"key":"Regal Pillow"},{"floor":34,"key":"PreservedInsect"},{"floor":34,"key":"Matryoshka"},{"floor":34,"key":"The Specimen"},{"floor":43,"key":"Bag of Preparation"},{"floor":43,"key":"Potion Belt"}],"event_choices":[{"damage_healed":0,"gold_gain":0,"player_choice":"2 cards matched","damage_taken":0,"max_hp_gain":0,"max_hp_loss":0,"event_name":"Match and Keep!","floor":3,"gold_loss":0,"cards_obtained":["Neutralize","Underhanded Strike"]},{"damage_healed":0,"gold_gain":0,"player_choice":"Take Wound","damage_taken":0,"relics_obtained":["Golden Idol"],"max_hp_gain":0,"max_hp_loss":0,"event_name":"Golden Idol","floor":13,"gold_loss":0,"cards_obtained":["Injury"]},{"damage_healed":0,"gold_gain":0,"player_choice":"Ignored","damage_taken":0,"max_hp_gain":0,"max_hp_loss":0,"event_name":"Vampires","floor":19,"gold_loss":0},{"damage_healed":0,"gold_gain":0,"player_choice":"Gave Potion","damage_taken":0,"relics_obtained":["Gremlin Horn"],"max_hp_gain":0,"max_hp_loss":0,"event_name":"WeMeetAgain","floor":21,"gold_loss":0}],"is_beta":false,"boss_relics":[{"not_picked":["Coffee Dripper","Empty Cage"],"picked":"Astrolabe"},{"not_picked":["Philosopher\u0027s Stone","HoveringKite"],"picked":"Calling Bell"}],"items_purged_floors":[],"is_endless":false,"potions_floor_spawned":[1,6,12,22,24,30,31,33,35,41],"killed_by":"Nemesis","ascension_level":3}