{"gold_per_floor":[114,114,114,78,146,146,161,86,86,86,86,121,135,151,151,250,250,261,272,272],"floor_reached":20,"playtime":541,"items_purged":["Defend_R"],"score":181,"play_id":"4ec1df97-7f00-4cca-90b3-b959b0b7caa5","local_time":"20181002183941","is_ascension_mode":true,"campfire_choices":[{"data":"Bash","floor":6,"key":"SMITH"},{"data":"Inflame","floor":11,"key":"SMITH"},{"floor":15,"key":"REST"}],"neow_cost":"NONE","seed_source_timestamp":251503517811085,"circlet_count":0,"master_deck":["Strike_R","Strike_R","Strike_R","Strike_R","Defend_R","Defend_R","Defend_R","Bash+1","Burning Pact","Inflame+1","Hemokinesis","Headbutt","Iron Wave","Immolate","Wild Strike"],"relics":["Velvet Choker","Toxic Egg 2","Matryoshka","Frozen Egg 2","Letter Opener","Eternal Feather"],"potions_floor_usage":[14,16,20],"damage_taken":[{"damage":6,"enemies":"Jaw Worm","floor":1,"turns":2},{"damage":1,"enemies":"2 Louse","floor":7,"turns":2},{"damage":14,"enemies":"Gremlin Nob","floor":12,"turns":3},{"damage":3,"enemies":"Cultist","floor":13,"turns":2},{"damage":26,"enemies":"Exordium Wildlife","floor":14,"turns":3},{"damage":37,"enemies":"Hexaghost","floor":16,"turns":9},{"damage":8,"enemies":"Chosen","floor":18,"turns":4},{"damage":30,"enemies":"Shell Parasite","floor":19,"turns":4},{"damage":44,"enemies":"Masked Bandits","floor":20,"turns":3}],"seed_played":"4874342913604203217","potions_obtained":[{"floor":1,"key":"BloodPotion"},{"floor":14,"key":"Weak Potion"},{"floor":18,"key":"FearPotion"}],"is_trial":false,"path_per_floor":["M","?","?","$","T","R","M","$","T","?","R","E","M","M","R","B",null,"M","M"],"character_chosen":"IRONCLAD","items_purchased":["Inflame"],"campfire_rested":1,"item_purchase_floors":[4],"current_hp_per_floor":[74,67,67,67,67,67,66,66,66,66,66,52,49,31,55,18,80,72,42,0],"gold":272,"neow_bonus":"BOSS_RELIC","is_prod":false,"is_daily":false,"chose_seed":false,"campfire_upgraded":2,"win_rate":0,"timestamp":1538494781,"path_taken":["M","?","?","$","?","R","M","$","T","?","R","E","?","M","R","BOSS","M","M","?"],"build_version":"2018-09-27","purchased_purges":1,"victory":false,"max_hp_per_floor":[80,80,80,80,80,80,80,80,80,80,80,80,80,80,80,80,80,80,80,80],"card_choices":[{"not_picked":["Iron Wave","Power Through"],"picked":"Burning Pact","floor":1},{"not_picked":["Anger","Clothesline","Perfected Strike"],"picked":"SKIP","floor":7},{"not_picked":["Iron Wave","Thunderclap"],"picked":"Hemokinesis","floor":12},{"not_picked":["Pommel Strike","Blood for Blood"],"picked":"Headbutt","floor":13},{"not_picked":["Intimidate+1","Evolve+1"],"picked":"Iron Wave","floor":14},{"not_picked":["Berserk+1","Bludgeon"],"picked":"Immolate","floor":16},{"not_picked":["Anger","Combust+1"],"picked":"Wild Strike","floor":18},{"not_picked":["Heavy Blade+1","Sword Boomerang","Immolate"],"picked":"SKIP","floor":19}],"player_experience":230766,"relics_obtained":[{"floor":5,"key":"Toxic Egg 2"},{"floor":9,"key":"Matryoshka"},{"floor":12,"key":"Letter Opener"}],"event_choices":[{"event_name":"Golden Wing","player_choice":"Card Removal","floor":2,"damage_taken":0},{"event_name":"Scrap Ooze","player_choice":"unsuccessful","floor":3,"damage_taken":0},{"event_name":"Dead Adventurer","player_choice":"Searched \u00271\u0027 times","floor":10,"damage_taken":0},{"event_name":"Masked Bandits","player_choice":"Fought Bandits","floor":20,"damage_taken":0}],"is_beta":false,"boss_relics":[{"not_picked":["Runic Pyramid","Runic Dome"],"picked":"Eternal Feather"}],"items_purged_floors":[8],"is_endless":false,"potions_floor_spawned":[1,14,18],"killed_by":"Masked Bandits","ascension_level":1}