{"gold_per_floor":[119,132,82,82,7,39,49,59,59,75,75,94,104,129,129,234,234,252,269,287,287,305,305,150,163,189,218,218,228,238,249,249,345,345,363,5,0,0,10,10,29,46,46,65,65,76,86,106,106,106,106,106,16,50,50],"floor_reached":55,"playtime":6961,"items_purged":["Pain"],"score":761,"play_id":"1c307cd3-69c9-4904-ab01-f32df75cbdc5","local_time":"20190911222541","is_ascension_mode":false,"campfire_choices":[{"data":"Buffer","floor":11.0,"key":"SMITH"},{"data":"Genetic Algorithm","floor":15.0,"key":"SMITH"},{"floor":23,"key":"REST"},{"floor":28,"key":"REST"},{"floor":32,"key":"RECALL"},{"floor":40,"key":"REST"},{"floor":49,"key":"REST"},{"floor":52,"key":"REST"}],"neow_cost":"TEN_PERCENT_HP_LOSS","seed_source_timestamp":0,"circlet_count":0,"master_deck":["Strike_B","Strike_B","Defend_B","Defend_B+1","Defend_B","Zap","Dualcast","Conserve Battery+1","Compile Driver","Turbo","Streamline","Buffer+1","Go for the Eyes","Hologram","Barrage","Doom and Gloom","Genetic Algorithm+1","Consume+1","Seek+1","Static Discharge+1","Capacitor+1","White Noise+1","Storm","Redo+1","Turbo+1","Buffer","Amplify+1","Chill+1","Coolheaded+1","Skim+1","All For One","Static Discharge+1","Genetic Algorithm+1","Lockon+1","Steam+1","Enlightenment+1","Hologram+1"],"special_seed":0,"relics":["Cracked Core","WarpedTongs","Gremlin Horn","Toxic Egg 2","Fusion Hammer","War Paint","Centennial Puzzle","Mummified Hand","Nuclear Battery","Calipers","Red Mask","Orichalcum","Omamori","Boot"],"potions_floor_usage":[25,33,33,54,55,55],"damage_taken":[{"damage":0.0,"enemies":"Cultist","floor":1.0,"turns":4.0},{"damage":0.0,"enemies":"Small Slimes","floor":2.0,"turns":2.0},{"damage":6.0,"enemies":"3 Sentries","floor":6.0,"turns":8.0},{"damage":0.0,"enemies":"Jaw Worm","floor":7.0,"turns":3.0},{"damage":7.0,"enemies":"Gremlin Gang","floor":8.0,"turns":4.0},{"damage":0.0,"enemies":"3 Louse","floor":10.0,"turns":3.0},{"damage":0.0,"enemies":"Red Slaver","floor":12.0,"turns":2.0},{"damage":4.0,"enemies":"2 Fungi Beasts","floor":13.0,"turns":3.0},{"damage":0.0,"enemies":"Lagavulin","floor":14.0,"turns":7.0},{"damage":7.0,"enemies":"Slime Boss","floor":16.0,"turns":7.0},{"damage":10.0,"enemies":"3 Byrds","floor":18.0,"turns":5.0},{"damage":10.0,"enemies":"2 Thieves","floor":19.0,"turns":4.0},{"damage":12.0,"enemies":"Snake Plant","floor":20.0,"turns":4.0},{"damage":6,"enemies":"Centurion and Healer","floor":22,"turns":6},{"damage":16,"enemies":"Chosen and Byrds","floor":25,"turns":4},{"damage":0,"enemies":"Book of Stabbing","floor":27,"turns":4},{"damage":11,"enemies":"Shelled Parasite and Fungi","floor":29,"turns":3},{"damage":0,"enemies":"Cultist and Chosen","floor":30,"turns":5},{"damage":1,"enemies":"Chosen and Byrds","floor":31,"turns":7},{"damage":2,"enemies":"Champ","floor":33,"turns":7},{"damage":15,"enemies":"3 Darklings","floor":35,"turns":3},{"damage":0,"enemies":"Orb Walker","floor":39,"turns":4},{"damage":0,"enemies":"4 Shapes","floor":41,"turns":4},{"damage":0,"enemies":"3 Darklings","floor":42,"turns":4},{"damage":0,"enemies":"Jaw Worm Horde","floor":44,"turns":3},{"damage":0,"enemies":"Spire Growth","floor":46,"turns":6},{"damage":0,"enemies":"Writhing Mass","floor":47,"turns":6},{"damage":0,"enemies":"4 Shapes","floor":48,"turns":6},{"damage":48,"enemies":"Awakened One","floor":50,"turns":12},{"damage":30,"enemies":"Shield and Spear","floor":54,"turns":9},{"damage":57,"enemies":"The Heart","floor":55,"turns":2}],"seed_played":"-6422769386885042586","potions_obtained":[{"floor":8.0,"key":"Fire Potion"},{"floor":12.0,"key":"Regen Potion"},{"floor":13.0,"key":"Explosive Potion"},{"floor":14.0,"key":"FocusPotion"},{"floor":18.0,"key":"PowerPotion"},{"floor":22,"key":"Ancient Potion"},{"floor":25,"key":"SkillPotion"},{"floor":27,"key":"Block Potion"},{"floor":41,"key":"Block Potion"},{"floor":44,"key":"Strength Potion"},{"floor":47,"key":"FearPotion"}],"is_trial":false,"path_per_floor":["M","M","?","?","$","E","M","M","T","M","R","M","M","E","R","B",null,"M","M","M","$","M","R","$","M","T","E","R","M","M","M","R","B",null,"M","$","?","?","M","R","M","M","T","M","?","M","M","M","R","B",null,"R","$","E","B"],"character_chosen":"DEFECT","items_purchased":["War Paint","Calipers","Coolheaded+1","Enlightenment+1"],"campfire_rested":5,"item_purchase_floors":[24,36,36,53],"current_hp_per_floor":[68,68,68,68,68,62,62,55,55,55,55,55,51,51,51,44,68,58,48,36,36,30,50,50,39,39,39,59,48,48,47,47,45,68,53,53,53,53,53,68,68,68,68,68,68,68,68,68,68,20,68,68,68,38,0],"gold":50,"neow_bonus":"TRANSFORM_TWO_CARDS","is_prod":false,"is_daily":false,"chose_seed":false,"campfire_upgraded":2,"win_rate":0,"timestamp":1568233541,"path_taken":["M","M","?","?","$","E","M","?","T","M","R","M","M","E","R","BOSS","M","M","M","$","M","R","$","M","T","E","R","M","M","M","R","BOSS","M","$","?","?","?","R","M","M","T","M","?","M","M","?","R","BOSS","R","$","E","BOSS"],"build_version":"2019-07-17","purchased_purges":1,"victory":false,"max_hp_per_floor":[68,68,68,68,68,68,68,68,68,68,68,68,68,68,68,68,68,68,68,68,68,68,68,68,68,68,68,68,68,68,68,68,68,68,68,68,68,68,68,68,68,68,68,68,68,68,68,68,68,68,68,68,68,68,68],"card_choices":[{"not_picked":["Tempest","Cold Snap"],"picked":"Turbo","floor":1.0},{"not_picked":["Doom and Gloom","Defragment"],"picked":"Streamline","floor":2.0},{"not_picked":["Reprogram","Conserve Battery"],"picked":"Buffer","floor":6.0},{"not_picked":["Steam Power","Force Field"],"picked":"Go for the Eyes","floor":7.0},{"not_picked":["Ball Lightning","Tempest"],"picked":"Hologram","floor":8.0},{"not_picked":["Blizzard","Hello World"],"picked":"Barrage","floor":10.0},{"not_picked":["Cold Snap","Ball Lightning"],"picked":"Doom and Gloom","floor":12.0},{"not_picked":["Cold Snap","Fusion"],"picked":"Genetic Algorithm","floor":13.0},{"not_picked":["Compile Driver","Stack"],"picked":"Consume","floor":14.0},{"not_picked":["Electrodynamics","Thunder Strike"],"picked":"Seek+1","floor":16.0},{"not_picked":["Doom and Gloom","Go for the Eyes+1"],"picked":"Static Discharge+1","floor":18.0},{"not_picked":["Barrage","Undo+1"],"picked":"Capacitor+1","floor":19.0},{"not_picked":["Compile Driver+1","Ball Lightning"],"picked":"White Noise+1","floor":20},{"not_picked":["Redo+1","Loop"],"picked":"Storm","floor":22},{"not_picked":["Hologram+1","Tempest+1"],"picked":"Redo+1","floor":25},{"not_picked":["Tempest+1","Sweeping Beam"],"picked":"Turbo+1","floor":27},{"not_picked":["Hello World","Compile Driver","Barrage"],"picked":"SKIP","floor":29},{"not_picked":["Auto Shields+1","Rebound"],"picked":"Buffer","floor":30},{"not_picked":["Steam Power+1","Compile Driver+1","Sweeping Beam"],"picked":"SKIP","floor":31},{"not_picked":["Biased Cognition","Buffer"],"picked":"Amplify+1","floor":33},{"not_picked":["Ball Lightning+1","Go for the Eyes"],"picked":"Chill+1","floor":35},{"not_picked":["Go for the Eyes+1","Redo+1"],"picked":"Skim+1","floor":39},{"not_picked":["Turbo+1","Gash"],"picked":"All For One","floor":41},{"not_picked":["Streamline+1","Beam Cell","Darkness+1"],"picked":"SKIP","floor":42},{"not_picked":["Reinforced Body+1","Chill+1"],"picked":"Static Discharge+1","floor":44},{"not_picked":["Defragment","Static Discharge+1"],"picked":"Lockon+1","floor":46},{"not_picked":["Ball Lightning","Leap+1","Sunder"],"picked":"SKIP","floor":47},{"not_picked":["Compile Driver","Beam Cell"],"picked":"Steam+1","floor":48},{"not_picked":["Amplify+1","Streamline"],"picked":"Hologram+1","floor":54}],"player_experience":71823,"relics_obtained":[{"floor":6.0,"key":"Gremlin Horn"},{"floor":14.0,"key":"Toxic Egg 2"},{"floor":26,"key":"Centennial Puzzle"},{"floor":27,"key":"Mummified Hand"},{"floor":43,"key":"Omamori"},{"floor":54,"key":"Boot"}],"event_choices":[{"cards_removed":["Strike_B"],"damage_healed":0.0,"max_hp_gain":0.0,"max_hp_loss":0.0,"gold_gain":0.0,"event_name":"The Cleric","player_choice":"Card Removal","floor":3.0,"gold_loss":50.0,"damage_taken":0.0},{"damage_healed":0.0,"max_hp_gain":0.0,"max_hp_loss":0.0,"gold_gain":0.0,"event_name":"Accursed Blacksmith","player_choice":"Rummage","floor":4.0,"gold_loss":0.0,"damage_taken":0.0,"relics_obtained":["WarpedTongs"],"cards_obtained":["Pain"]},{"damage_healed":0,"gold_gain":0,"player_choice":"Paid","damage_taken":0,"relics_obtained":["Red Mask"],"max_hp_gain":0,"max_hp_loss":0,"event_name":"Tomb of Lord Red Mask","floor":37,"gold_loss":5},{"damage_healed":0,"gold_gain":0,"player_choice":"Gave Potion","damage_taken":0,"relics_obtained":["Orichalcum"],"max_hp_gain":0,"max_hp_loss":0,"event_name":"WeMeetAgain","floor":38,"gold_loss":0},{"damage_healed":0,"gold_gain":0,"player_choice":"Copied","damage_taken":0,"max_hp_gain":0,"max_hp_loss":0,"event_name":"Duplicator","floor":45,"gold_loss":0,"cards_obtained":["Genetic Algorithm"]}],"is_beta":false,"boss_relics":[{"not_picked":["Runic Pyramid","Orrery"],"picked":"Fusion Hammer"},{"not_picked":["Snecko Eye","White Beast Statue"],"picked":"Nuclear Battery"}],"items_purged_floors":[5],"is_endless":false,"potions_floor_spawned":[8,12,13,14,16,18,22,25,27,31,41,44,47,48],"killed_by":"The Heart","ascension_level":0}