{"gold_per_floor":[12,27,27,27,27,62,76,76,157,192,212,230,251,282,282,406,406,430,153,153,178,193,231,231,271,271,314,339,339,438,438,438,557,557,581,17,80,80,80,80,115,115,142,158,158,182,196,117,117,117,117,117,13,53,53],"floor_reached":56,"playtime":3102,"items_purged":["Strike_R","Body Slam"],"score":1915,"play_id":"64e58818-830a-42d7-823e-554d7cca3534","local_time":"20191024231902","is_ascension_mode":true,"campfire_choices":[{"data":"Bash","floor":8,"key":"SMITH"},{"floor":15,"key":"REST"},{"data":"1","floor":24,"key":"LIFT"},{"data":"2","floor":29,"key":"LIFT"},{"data":"3","floor":32,"key":"LIFT"},{"data":"Dual Wield","floor":40,"key":"SMITH"},{"data":"Offering","floor":42,"key":"SMITH"},{"floor":45,"key":"RECALL"},{"data":"Disarm","floor":49,"key":"SMITH"},{"data":"Evolve","floor":52,"key":"SMITH"}],"neow_cost":"NO_GOLD","seed_source_timestamp":1174274623260900,"circlet_count":0,"master_deck":["AscendersBane","Bash+1","Headbutt","Anger","Battle Trance","Evolve+1","Combust","True Grit+1","Perfected Strike","Wild Strike","Feed","Rupture","Flash of Steel","Spot Weakness","Shrug It Off+1","Twin Strike","Flame Barrier+1","Inflame","Dual Wield+1","Ghostly","Ghostly","Ghostly","Ghostly","Ghostly","Offering+1","Bludgeon","Feed","Heavy Blade","Twin Strike","Warcry","Combust","Feed","Shrug It Off","Flame Barrier+1","Whirlwind","Flash of Steel","Apotheosis","Shockwave","Dark Embrace","Disarm+1","Shrug It Off","Pummel+1"],"relics":["Burning Blood","Ice Cream","Blood Vial","Golden Idol","Bird Faced Urn","Pear","MealTicket","Girya","Coffee Dripper","Nilry\u0027s Codex","Ginger","War Paint","Singing Bowl","Regal Pillow","Pandora\u0027s Box","DollysMirror","Potion Belt","StoneCalendar","Akabeko","Art of War","White Beast Statue"],"potions_floor_usage":[6,12,14,21,22,23,33,37,46,50,50,54,55,55],"damage_taken":[{"damage":1,"enemies":"Cultist","floor":1,"turns":4},{"damage":9,"enemies":"2 Louse","floor":2,"turns":3},{"damage":28,"enemies":"Lagavulin","floor":6,"turns":6},{"damage":7,"enemies":"Jaw Worm","floor":7,"turns":3},{"damage":35,"enemies":"3 Sentries","floor":10,"turns":10},{"damage":13,"enemies":"Red Slaver","floor":11,"turns":4},{"damage":20,"enemies":"3 Louse","floor":12,"turns":3},{"damage":19,"enemies":"2 Fungi Beasts","floor":13,"turns":3},{"damage":16,"enemies":"Gremlin Nob","floor":14,"turns":3},{"damage":32,"enemies":"Slime Boss","floor":16,"turns":7},{"damage":8,"enemies":"Chosen","floor":18,"turns":3},{"damage":16,"enemies":"2 Thieves","floor":21,"turns":3},{"damage":4,"enemies":"Cultist and Chosen","floor":22,"turns":4},{"damage":52,"enemies":"Slavers","floor":23,"turns":5},{"damage":50,"enemies":"Gremlin Leader","floor":25,"turns":7},{"damage":15,"enemies":"Book of Stabbing","floor":27,"turns":4},{"damage":23,"enemies":"Sentry and Sphere","floor":28,"turns":6},{"damage":20,"enemies":"Champ","floor":33,"turns":7},{"damage":30,"enemies":"3 Darklings","floor":35,"turns":6},{"damage":4,"enemies":"Mind Bloom Boss Battle","floor":37,"turns":4},{"damage":11,"enemies":"Nemesis","floor":41,"turns":7},{"damage":3,"enemies":"Orb Walker","floor":44,"turns":3},{"damage":19,"enemies":"Jaw Worm Horde","floor":46,"turns":4},{"damage":6,"enemies":"Spire Growth","floor":47,"turns":5},{"damage":35,"enemies":"Awakened One","floor":50,"turns":9},{"damage":33,"enemies":"Shield and Spear","floor":54,"turns":6},{"damage":22,"enemies":"The Heart","floor":55,"turns":8}],"seed_played":"-4086435008511053979","potions_obtained":[{"floor":2,"key":"EssenceOfSteel"},{"floor":12,"key":"Fruit Juice"},{"floor":13,"key":"Swift Potion"},{"floor":16,"key":"Fire Potion"},{"floor":18,"key":"Block Potion"},{"floor":22,"key":"PowerPotion"},{"floor":27,"key":"PowerPotion"},{"floor":37,"key":"Regen Potion"},{"floor":44,"key":"ElixirPotion"},{"floor":46,"key":"SpeedPotion"},{"floor":54,"key":"Fire Potion"}],"is_trial":false,"path_per_floor":["M","M","$","?","?","E","M","R","T","E","M","M","M","E","R","B",null,"M","$","?","M","M","E","R","E","T","E","M","R","?","?","R","B",null,"M","$","?","T","?","R","E","R","T","M","R","M","M","$","R","B",null,"R","$","E","B",null],"character_chosen":"IRONCLAD","items_purchased":["Flash of Steel","Spot Weakness","Shrug It Off","DollysMirror","SteroidPotion","Potion Belt","SkillPotion","GamblersBrew","Disarm","DuplicationPotion","Shrug It Off"],"campfire_rested":1,"item_purchase_floors":[19,19,19,36,36,36,36,36,48,53,53],"current_hp_per_floor":[77,74,74,67,67,47,48,48,58,33,30,25,18,10,36,16,71,75,89,73,72,84,51,51,20,20,20,17,17,17,17,17,20,46,40,54,57,57,49,49,63,63,63,66,66,60,73,73,73,66,77,77,80,63,65],"gold":53,"neow_bonus":"ONE_RARE_RELIC","is_prod":false,"is_daily":false,"chose_seed":false,"campfire_upgraded":5,"win_rate":0,"timestamp":1571955542,"path_taken":["M","M","?","?","?","E","M","R","T","E","M","?","M","E","R","BOSS","M","$","?","M","M","E","R","E","T","E","M","R","?","?","R","BOSS","M","$","?","?","?","R","E","R","T","M","R","M","M","?","R","BOSS","R","$","E","BOSS"],"build_version":"2019-10-24","purchased_purges":2,"victory":true,"max_hp_per_floor":[80,80,80,80,74,74,74,74,84,84,84,89,89,89,89,89,89,89,89,89,92,92,95,95,98,98,101,103,103,103,51,51,54,54,54,54,57,57,59,59,63,63,63,66,66,71,73,73,73,80,80,80,80,86,86],"card_choices":[{"not_picked":["Perfected Strike","Thunderclap"],"picked":"Headbutt","floor":1},{"not_picked":["Clash","Sword Boomerang"],"picked":"Anger","floor":2},{"not_picked":["True Grit","Juggernaut"],"picked":"Battle Trance","floor":6},{"not_picked":["Twin Strike","Blood for Blood"],"picked":"Evolve","floor":7},{"not_picked":["Cleave","Reckless Charge"],"picked":"Combust","floor":10},{"not_picked":["Wild Strike","Anger","Battle Trance"],"picked":"SKIP","floor":11},{"not_picked":["Cleave","Twin Strike"],"picked":"True Grit","floor":12},{"not_picked":["True Grit","Power Through"],"picked":"Perfected Strike","floor":13},{"not_picked":["Entrench","Dropkick"],"picked":"Wild Strike","floor":14},{"not_picked":["Corruption","Reaper"],"picked":"Feed","floor":16},{"not_picked":["Sword Boomerang","Blood for Blood"],"picked":"Rupture","floor":18},{"not_picked":["Havoc","Clothesline","Clash"],"picked":"SKIP","floor":21},{"not_picked":["Power Through","Blood for Blood"],"picked":"Twin Strike","floor":22},{"not_picked":["Rampage","Havoc"],"picked":"Flame Barrier+1","floor":23},{"not_picked":["Twin Strike","Flex"],"picked":"Inflame","floor":25},{"not_picked":["Sword Boomerang","Rage"],"picked":"Dual Wield","floor":27},{"not_picked":["Twin Strike","Cleave","Clothesline"],"picked":"Singing Bowl","floor":28},{"not_picked":["Feed","Juggernaut"],"picked":"Offering","floor":33},{"not_picked":["Headbutt+1","Heavy Blade"],"picked":"Shrug It Off","floor":35},{"not_picked":["Clash","Searing Blow"],"picked":"Whirlwind","floor":37},{"not_picked":["Finesse","Trip"],"picked":"Flash of Steel","floor":39},{"not_picked":["Swift Strike","Discovery"],"picked":"Apotheosis","floor":39},{"not_picked":["Good Instincts","Blind","Enlightenment"],"picked":"Singing Bowl","floor":39},{"not_picked":["Carnage","Thunderclap+1"],"picked":"Shockwave","floor":41},{"not_picked":["Havoc","Headbutt"],"picked":"Dark Embrace","floor":44},{"not_picked":["Intimidate","Iron Wave","Sword Boomerang"],"picked":"Singing Bowl","floor":46},{"not_picked":["Carnage","Twin Strike","True Grit"],"picked":"Singing Bowl","floor":47},{"not_picked":["Clothesline","Immolate"],"picked":"Pummel+1","floor":54}],"player_experience":1672486,"relics_obtained":[{"floor":6,"key":"Bird Faced Urn"},{"floor":9,"key":"Pear"},{"floor":10,"key":"MealTicket"},{"floor":14,"key":"Girya"},{"floor":20,"key":"Nilry\u0027s Codex"},{"floor":23,"key":"Ginger"},{"floor":25,"key":"War Paint"},{"floor":26,"key":"Singing Bowl"},{"floor":27,"key":"Regal Pillow"},{"floor":37,"key":"StoneCalendar"},{"floor":38,"key":"Akabeko"},{"floor":41,"key":"Art of War"},{"floor":54,"key":"White Beast Statue"}],"event_choices":[{"damage_healed":0,"gold_gain":0,"player_choice":"Success","damage_taken":7,"relics_obtained":["Blood Vial"],"max_hp_gain":0,"max_hp_loss":0,"event_name":"Scrap Ooze","floor":4,"gold_loss":0},{"damage_healed":0,"gold_gain":0,"player_choice":"Lose Max HP","damage_taken":0,"relics_obtained":["Golden Idol"],"max_hp_gain":0,"max_hp_loss":6,"event_name":"Golden Idol","floor":5,"gold_loss":0},{"damage_healed":0,"gold_gain":0,"player_choice":"Obtained Book","damage_taken":16,"max_hp_gain":0,"max_hp_loss":0,"event_name":"Cursed Tome","floor":20,"gold_loss":0},{"damage_healed":0,"gold_gain":99,"player_choice":"Stole From Cult","damage_taken":0,"max_hp_gain":0,"max_hp_loss":0,"event_name":"Nest","floor":30,"gold_loss":0},{"damage_healed":0,"gold_gain":0,"player_choice":"Became a Ghost","damage_taken":0,"max_hp_gain":0,"max_hp_loss":52,"event_name":"Ghosts","floor":31,"gold_loss":0,"cards_obtained":["Ghostly","Ghostly","Ghostly","Ghostly","Ghostly"]},{"damage_healed":0,"gold_gain":0,"player_choice":"Fight","damage_taken":0,"max_hp_gain":0,"max_hp_loss":0,"event_name":"MindBloom","floor":37,"gold_loss":0},{"damage_healed":0,"gold_gain":0,"player_choice":"Memory 3","damage_taken":10,"max_hp_gain":0,"max_hp_loss":0,"event_name":"SensoryStone","floor":39,"gold_loss":0}],"is_beta":true,"boss_relics":[{"not_picked":["Runic Dome","Sozu"],"picked":"Coffee Dripper"},{"not_picked":["Busted Crown","SacredBark"],"picked":"Pandora\u0027s Box"}],"items_purged_floors":[19,36],"is_endless":false,"potions_floor_spawned":[2,12,13,16,18,22,27,37,44,46,54],"ascension_level":12}