{"gold_per_floor":[112,125,125,143,143,143,169,169,169,169,169,24,56,71,71,167,167,179,179,199,64,81,81,96,96,96,110,138,166,19,19,19,117,117,131,145,193,40,140,140,175,175,175,175,205,216,247,247,247,247],"floor_reached":51,"playtime":3368,"items_purged":["Pain","Strike_B"],"score":1126,"play_id":"374eebca-3236-473c-ab22-0a8df185195f","local_time":"20190615135000","is_ascension_mode":true,"campfire_choices":[{"data":"Defragment","floor":6,"key":"SMITH"},{"data":"Beam Cell","floor":8,"key":"SMITH"},{"data":"Zap","floor":10,"key":"SMITH"},{"data":"Go for the Eyes","floor":15,"key":"SMITH"},{"data":"Capacitor","floor":23,"key":"SMITH"},{"data":"Multi-Cast","floor":25,"key":"SMITH"},{"data":"Hologram","floor":32,"key":"SMITH"},{"data":"Force Field","floor":40,"key":"SMITH"},{"data":"Fusion","floor":42,"key":"SMITH"},{"data":"Echo Form","floor":44,"key":"SMITH"},{"floor":49,"key":"REST"}],"neow_cost":"NONE","seed_source_timestamp":271994149089184,"circlet_count":0,"master_deck":["Strike_B","Strike_B","Defend_B","Defend_B","Defend_B","Zap+1","Dualcast","Leap","Defragment+1","Beam Cell+1","Cold Snap","Go for the Eyes+1","Sweeping Beam","Barrage","All For One","Genetic Algorithm","Capacitor+1","Multi-Cast+1","Defragment+1","Gash+1","Echo Form+1","Doom and Gloom+1","Conserve Battery","Hologram+1","Fission","Fusion+1","Hologram+1","Force Field+1","Cold Snap+1","Conserve Battery","Glacier+1","Enlightenment","Lockon+1"],"relics":["Cracked Core","Pocketwatch","Shuriken","Ice Cream","WarpedTongs","Meat on the Bone","Runic Pyramid","Bag of Preparation","Letter Opener","Molten Egg 2","Red Mask","Lizard Tail","Art of War","Du-Vu Doll","Blood Vial","DataDisk","Bottled Tornado","Dream Catcher"],"potions_floor_usage":[7,27,28,28,33,37,37,50,50],"damage_taken":[{"damage":6,"enemies":"Jaw Worm","floor":1,"turns":5},{"damage":1,"enemies":"Cultist","floor":2,"turns":4},{"damage":0,"enemies":"Small Slimes","floor":4,"turns":3},{"damage":17,"enemies":"Lagavulin","floor":7,"turns":7},{"damage":1,"enemies":"3 Sentries","floor":13,"turns":8},{"damage":3,"enemies":"Red Slaver","floor":14,"turns":3},{"damage":0,"enemies":"Slime Boss","floor":16,"turns":5},{"damage":15,"enemies":"2 Thieves","floor":18,"turns":3},{"damage":2,"enemies":"Spheric Guardian","floor":20,"turns":3},{"damage":15,"enemies":"Centurion and Healer","floor":22,"turns":4},{"damage":12,"enemies":"3 Cultists","floor":24,"turns":5},{"damage":0,"enemies":"Snake Plant","floor":27,"turns":4},{"damage":31,"enemies":"Gremlin Leader","floor":28,"turns":4},{"damage":30,"enemies":"Masked Bandits","floor":29,"turns":4},{"damage":3,"enemies":"Collector","floor":33,"turns":7},{"damage":0,"enemies":"3 Darklings","floor":35,"turns":5},{"damage":0,"enemies":"3 Shapes","floor":36,"turns":4},{"damage":39,"enemies":"2 Orb Walkers","floor":37,"turns":5},{"damage":0,"enemies":"Mind Bloom Boss Battle","floor":39,"turns":6},{"damage":5,"enemies":"Nemesis","floor":41,"turns":9},{"damage":1,"enemies":"Giant Head","floor":45,"turns":7},{"damage":2,"enemies":"Spire Growth","floor":46,"turns":6},{"damage":9,"enemies":"Reptomancer","floor":47,"turns":7},{"damage":2,"enemies":"Time Eater","floor":50,"turns":10}],"seed_played":"-3431598548728041822","potions_obtained":[{"floor":1,"key":"FearPotion"},{"floor":16,"key":"Regen Potion"},{"floor":18,"key":"EssenceOfSteel"},{"floor":20,"key":"Block Potion"},{"floor":24,"key":"PowerPotion"},{"floor":35,"key":"Energy Potion"},{"floor":36,"key":"Poison Potion"},{"floor":45,"key":"Strength Potion"},{"floor":46,"key":"SkillPotion"},{"floor":47,"key":"Block Potion"}],"is_trial":false,"path_per_floor":["M","M","?","M","?","R","E","R","T","R","?","$","E","M","R","B",null,"M","T","M","$","M","R","M","R","T","M","E","?","$","?","R","B",null,"M","M","?","$","?","R","E","R","T","R","E","M","E","?","R","B",null],"character_chosen":"DEFECT","items_purchased":["Cold Snap","Go for the Eyes","Capacitor","Block Potion","Conserve Battery","Hologram","Art of War"],"campfire_rested":1,"item_purchase_floors":[12,12,21,30,30,30,38],"current_hp_per_floor":[62,61,61,61,54,54,37,37,37,37,37,37,36,45,45,45,68,53,53,51,51,48,48,48,48,48,48,41,23,23,48,48,45,68,68,68,41,41,41,41,48,48,48,48,49,49,42,42,64,64],"gold":247,"neow_bonus":"REMOVE_CARD","is_prod":false,"is_daily":false,"chose_seed":false,"campfire_upgraded":10,"win_rate":0,"timestamp":1560603000,"path_taken":["M","M","?","?","?","R","E","R","T","R","?","$","E","?","R","BOSS","M","?","M","$","M","R","?","R","T","M","E","?","$","?","R","BOSS","M","M","?","$","?","R","E","R","T","R","E","M","E","?","R","BOSS"],"build_version":"2019-01-23","purchased_purges":2,"victory":true,"max_hp_per_floor":[75,75,75,75,75,75,75,75,75,75,75,75,75,75,75,75,75,75,75,75,75,75,75,75,75,75,75,75,75,75,75,75,75,75,75,75,75,75,75,75,75,75,75,75,75,75,75,75,75,75],"card_choices":[{"not_picked":["Steam Power","White Noise"],"picked":"Hologram","floor":1},{"not_picked":["Blizzard","Double Energy"],"picked":"Leap","floor":2},{"not_picked":["Lockon","Go for the Eyes"],"picked":"Defragment","floor":4},{"not_picked":["Scrape","Heatsinks"],"picked":"Beam Cell","floor":7},{"not_picked":["Rainbow","Hologram"],"picked":"Sweeping Beam","floor":13},{"not_picked":["Heatsinks","Hologram"],"picked":"Barrage","floor":14},{"not_picked":["Multi-Cast","Buffer"],"picked":"All For One","floor":16},{"not_picked":["Hologram","Beam Cell"],"picked":"Genetic Algorithm","floor":18},{"not_picked":["Compile Driver","Rebound+1","Sweeping Beam"],"picked":"SKIP","floor":20},{"not_picked":["Chaos","Undo"],"picked":"Multi-Cast","floor":22},{"not_picked":["Cold Snap+1","Hologram"],"picked":"Defragment+1","floor":24},{"not_picked":["Sweeping Beam","Scrape"],"picked":"Gash+1","floor":27},{"not_picked":["Chill","Cold Snap"],"picked":"Echo Form","floor":28},{"not_picked":["Hologram","Ball Lightning+1"],"picked":"Doom and Gloom+1","floor":29},{"not_picked":["Rainbow","Creative AI"],"picked":"Fission","floor":33},{"not_picked":["Storm+1","Gash+1","Compile Driver+1"],"picked":"SKIP","floor":35},{"not_picked":["Hologram","Leap"],"picked":"Fusion","floor":36},{"not_picked":["Go for the Eyes+1","Stack"],"picked":"Hologram+1","floor":37},{"not_picked":["Streamline+1","Stack"],"picked":"Force Field","floor":39},{"not_picked":["Storm","Reboot"],"picked":"Cold Snap+1","floor":41},{"not_picked":["Meteor Strike+1","Turbo"],"picked":"Conserve Battery","floor":45},{"not_picked":["Hello World","Barrage+1"],"picked":"Glacier+1","floor":46},{"not_picked":["Storm","Barrage+1","Rebound+1"],"picked":"SKIP","floor":47},{"not_picked":["Mind Blast+1","Trip"],"picked":"Enlightenment","floor":48},{"not_picked":["Ball Lightning+1","Sweeping Beam+1"],"picked":"Lockon+1","floor":49}],"player_experience":1603660,"relics_obtained":[{"floor":7,"key":"Shuriken"},{"floor":9,"key":"Ice Cream"},{"floor":13,"key":"Meat on the Bone"},{"floor":19,"key":"Bag of Preparation"},{"floor":26,"key":"Letter Opener"},{"floor":28,"key":"Molten Egg 2"},{"floor":29,"key":"Red Mask"},{"floor":39,"key":"Du-Vu Doll"},{"floor":41,"key":"Blood Vial"},{"floor":43,"key":"DataDisk"},{"floor":45,"key":"Bottled Tornado"},{"floor":47,"key":"Dream Catcher"}],"event_choices":[{"cards_removed":["Hologram"],"damage_healed":0,"gold_gain":0,"player_choice":"Gave Card","damage_taken":0,"relics_obtained":["Pocketwatch"],"max_hp_gain":0,"max_hp_loss":0,"event_name":"WeMeetAgain","floor":3,"gold_loss":0},{"cards_removed":["Defend_B"],"damage_healed":0,"gold_gain":0,"player_choice":"Card Removal","damage_taken":7,"max_hp_gain":0,"max_hp_loss":0,"event_name":"Golden Wing","floor":5,"gold_loss":0},{"damage_healed":0,"gold_gain":0,"player_choice":"Rummage","damage_taken":0,"relics_obtained":["WarpedTongs"],"max_hp_gain":0,"max_hp_loss":0,"event_name":"Accursed Blacksmith","floor":11,"gold_loss":0,"cards_obtained":["Pain"]},{"damage_healed":0,"gold_gain":0,"player_choice":"Fought Bandits","damage_taken":0,"max_hp_gain":0,"max_hp_loss":0,"event_name":"Masked Bandits","floor":29,"gold_loss":0},{"damage_healed":25,"gold_gain":0,"player_choice":"Heal","damage_taken":0,"max_hp_gain":0,"max_hp_loss":0,"event_name":"The Library","floor":31,"gold_loss":0},{"damage_healed":0,"gold_gain":0,"player_choice":"Fight","damage_taken":0,"max_hp_gain":0,"max_hp_loss":0,"event_name":"Mysterious Sphere","floor":37,"gold_loss":0},{"damage_healed":0,"gold_gain":0,"player_choice":"Fight","damage_taken":0,"max_hp_gain":0,"max_hp_loss":0,"event_name":"MindBloom","floor":39,"gold_loss":0},{"damage_healed":0,"gold_gain":0,"player_choice":"Memory 1","damage_taken":0,"max_hp_gain":0,"max_hp_loss":0,"event_name":"SensoryStone","floor":48,"gold_loss":0}],"is_beta":false,"boss_relics":[{"not_picked":["Coffee Dripper","Velvet Choker"],"picked":"Runic Pyramid"},{"not_picked":["Empty Cage","Philosopher\u0027s Stone"],"picked":"Lizard Tail"}],"items_purged_floors":[12,21],"is_endless":false,"potions_floor_spawned":[1,16,18,20,24,35,36,45,46,47],"ascension_level":9}