{"gold_per_floor":[109,184,195,209,209,244,244,244],"floor_reached":8,"playtime":305,"items_purged":[],"score":62,"play_id":"c740260d-5593-4835-bba5-0cd3e352f12b","local_time":"20190413223614","is_ascension_mode":true,"campfire_choices":[{"floor":7,"key":"REST"}],"neow_cost":"TEN_PERCENT_HP_LOSS","seed_source_timestamp":1830331917315600,"circlet_count":0,"master_deck":["Strike_R","Strike_R","Strike_R","Strike_R","Strike_R","Defend_R","Defend_R","Defend_R","Defend_R","Bash","Barricade","Flex","Whirlwind","Armaments"],"relics":["Burning Blood","Shuriken","Bottled Flame"],"potions_floor_usage":[6,8],"damage_taken":[{"damage":14,"enemies":"Jaw Worm","floor":1,"turns":6},{"damage":10,"enemies":"Cultist","floor":3,"turns":5},{"damage":6,"enemies":"2 Louse","floor":4,"turns":3},{"damage":42,"enemies":"Gremlin Nob","floor":6,"turns":5},{"damage":34,"enemies":"3 Sentries","floor":8,"turns":4}],"seed_played":"-7300631093500834156","potions_obtained":[{"floor":4,"key":"Fruit Juice"},{"floor":6,"key":"LiquidBronze"}],"is_trial":false,"path_per_floor":["M","?","M","M","?","E","R","E"],"character_chosen":"IRONCLAD","items_purchased":[],"campfire_rested":1,"item_purchase_floors":[],"current_hp_per_floor":[64,57,53,53,41,10,33,0],"gold":244,"neow_bonus":"THREE_RARE_CARDS","is_prod":false,"is_daily":false,"chose_seed":false,"campfire_upgraded":0,"win_rate":0,"timestamp":1555184174,"path_taken":["M","?","?","M","?","E","R","E"],"build_version":"2019-01-23","purchased_purges":0,"victory":false,"max_hp_per_floor":[72,72,72,72,72,77,77,77],"card_choices":[{"not_picked":["Limit Break","Juggernaut"],"picked":"Barricade","floor":0},{"not_picked":["Perfected Strike","Power Through"],"picked":"Flex","floor":1},{"not_picked":["Carnage","Anger","True Grit"],"picked":"SKIP","floor":3},{"not_picked":["True Grit","Havoc"],"picked":"Whirlwind","floor":4},{"not_picked":["Clothesline","Wild Strike"],"picked":"Armaments","floor":6}],"player_experience":274572,"relics_obtained":[{"floor":6,"key":"Bottled Flame"}],"event_choices":[{"damage_healed":0,"gold_gain":75,"player_choice":"Touch","damage_taken":7,"max_hp_gain":0,"max_hp_loss":0,"event_name":"FaceTrader","floor":2,"gold_loss":0},{"damage_healed":0,"gold_gain":0,"player_choice":"Success","damage_taken":12,"relics_obtained":["Shuriken"],"max_hp_gain":0,"max_hp_loss":0,"event_name":"Scrap Ooze","floor":5,"gold_loss":0}],"is_beta":false,"boss_relics":[],"items_purged_floors":[],"is_endless":false,"potions_floor_spawned":[4,6],"killed_by":"3 Sentries","ascension_level":2}