{"gold_per_floor":[109,34,45,45,45,45,100,118,118,149,165,182,195,212,212,317,317,331,241,256,36,53,88,88,107,107,134,38,65,65,76,76,171,171,191,191,209,24,44,79,91,91,116,116,116,166,184,215,215,215,215,215,112,139,139],"floor_reached":56,"playtime":2804,"items_purged":["Strike_R","Defend_R"],"score":1299,"play_id":"7fa1e087-f3a1-4b8e-b8e2-41b9e89796fd","local_time":"20190716205523","is_ascension_mode":false,"campfire_choices":[{"data":"Demon Form","floor":6,"key":"SMITH"},{"data":"Feel No Pain","floor":15,"key":"SMITH"},{"data":"Barricade","floor":24,"key":"SMITH"},{"floor":30,"key":"REST"},{"data":"Battle Trance","floor":32,"key":"SMITH"},{"floor":42,"key":"REST"},{"floor":45,"key":"REST"},{"floor":49,"key":"RECALL"},{"data":"Pommel Strike","floor":52,"key":"SMITH"}],"neow_cost":"PERCENT_DAMAGE","seed_source_timestamp":524814438661260,"circlet_count":0,"master_deck":["Defend_R","Defend_R","Defend_R","Bash+1","Demon Form+1","Sword Boomerang","Sword Boomerang","Battle Trance+1","Cleave","True Grit+1","Shrug It Off+1","True Grit+1","Feel No Pain+1","Barricade+1","Shrug It Off+1","Metallicize+1","Rampage+1","Entrench+1","Madness+1","Pommel Strike+1","Flame Barrier+1","Rage+1","Shrug It Off+1","Metallicize+1","Offering+1","Metallicize+1","Burning Pact+1","Whirlwind","Sentinel+1","Pommel Strike"],"relics":["Burning Blood","Lantern","Mummified Hand","Toxic Egg 2","Astrolabe","Boot","Kunai","Frozen Egg 2","Omamori","Busted Crown","Bag of Preparation","Ancient Tea Set","Ornamental Fan","Strawberry","Mercury Hourglass","Gremlin Horn"],"potions_floor_usage":[23,23,27,33,55,55,55],"damage_taken":[{"damage":2,"enemies":"Small Slimes","floor":1,"turns":4},{"damage":1,"enemies":"Cultist","floor":3,"turns":4},{"damage":17,"enemies":"Gremlin Nob","floor":7,"turns":4},{"damage":4,"enemies":"2 Louse","floor":8,"turns":3},{"damage":26,"enemies":"3 Sentries","floor":10,"turns":5},{"damage":4,"enemies":"Exordium Wildlife","floor":11,"turns":4},{"damage":8,"enemies":"Red Slaver","floor":12,"turns":3},{"damage":12,"enemies":"Exordium Thugs","floor":13,"turns":5},{"damage":1,"enemies":"2 Fungi Beasts","floor":14,"turns":2},{"damage":9,"enemies":"The Guardian","floor":16,"turns":6},{"damage":0,"enemies":"Chosen","floor":18,"turns":8},{"damage":20,"enemies":"Spheric Guardian","floor":20,"turns":4},{"damage":0,"enemies":"Snake Plant","floor":22,"turns":6},{"damage":15,"enemies":"Slavers","floor":23,"turns":6},{"damage":0,"enemies":"Snecko","floor":25,"turns":5},{"damage":51,"enemies":"Book of Stabbing","floor":27,"turns":8},{"damage":0,"enemies":"Shelled Parasite and Fungi","floor":31,"turns":6},{"damage":22,"enemies":"Automaton","floor":33,"turns":9},{"damage":1,"enemies":"3 Darklings","floor":35,"turns":6},{"damage":0,"enemies":"3 Shapes","floor":37,"turns":8},{"damage":6,"enemies":"Writhing Mass","floor":39,"turns":5},{"damage":48,"enemies":"Reptomancer","floor":40,"turns":6},{"damage":14,"enemies":"4 Shapes","floor":41,"turns":5},{"damage":6,"enemies":"Sphere and 2 Shapes","floor":47,"turns":7},{"damage":6,"enemies":"Giant Head","floor":48,"turns":10},{"damage":23,"enemies":"Awakened One","floor":50,"turns":14},{"damage":6,"enemies":"Shield and Spear","floor":54,"turns":8},{"damage":6,"enemies":"The Heart","floor":55,"turns":11}],"seed_played":"5209510627125929409","potions_obtained":[{"floor":1,"key":"BloodPotion"},{"floor":8,"key":"Poison Potion"},{"floor":10,"key":"Energy Potion"},{"floor":11,"key":"Ancient Potion"},{"floor":13,"key":"SpeedPotion"},{"floor":18,"key":"GamblersBrew"},{"floor":22,"key":"Swift Potion"},{"floor":33,"key":"Ancient Potion"},{"floor":37,"key":"Poison Potion"},{"floor":41,"key":"PowerPotion"},{"floor":47,"key":"Fire Potion"}],"is_trial":false,"path_per_floor":["M","$","M","?","$","R","?","M","T","E","M","M","M","M","R","B",null,"M","?","M","$","M","E","R","M","T","E","$","T","R","M","R","B",null,"M","?","M","$","M","E","M","R","T","T","R","T","M","E","R","B",null,"R","$","E","B",null],"character_chosen":"IRONCLAD","items_purchased":["Madness+1","Pommel Strike","Shrug It Off+1","Block Potion","Metallicize+1","Burning Pact+1","Whirlwind","Sentinel+1","Pommel Strike"],"campfire_rested":3,"item_purchase_floors":[21,21,28,28,38,38,38,53,53],"current_hp_per_floor":[60,60,65,65,65,65,54,56,56,36,38,36,30,35,35,32,80,80,80,66,66,72,63,63,69,69,24,24,24,48,54,54,38,80,80,80,80,80,80,38,30,54,54,54,78,85,85,85,85,68,87,87,87,87,87],"gold":139,"neow_bonus":"THREE_RARE_CARDS","is_prod":false,"is_daily":false,"chose_seed":false,"campfire_upgraded":5,"win_rate":0,"timestamp":1563306923,"path_taken":["M","$","M","?","?","R","?","M","T","E","?","M","M","M","R","BOSS","M","?","M","$","M","E","R","M","T","E","$","?","R","M","R","BOSS","M","?","?","$","M","E","M","R","T","?","R","?","M","E","R","BOSS","R","$","E","BOSS"],"build_version":"2019-07-05","purchased_purges":2,"victory":true,"max_hp_per_floor":[80,80,80,80,80,80,80,80,80,80,80,80,80,80,80,80,80,80,80,80,80,80,80,80,80,80,80,80,80,80,80,80,80,80,80,80,80,80,80,80,80,80,80,80,80,87,87,87,87,87,87,87,87,87,87],"card_choices":[{"not_picked":["Barricade","Reaper"],"picked":"Demon Form","floor":0},{"not_picked":["Whirlwind","Twin Strike"],"picked":"Sword Boomerang","floor":1},{"not_picked":["Evolve","Dual Wield"],"picked":"Sword Boomerang","floor":3},{"not_picked":["Corruption","Sword Boomerang"],"picked":"Battle Trance","floor":7},{"not_picked":["Flex","Headbutt"],"picked":"Cleave","floor":8},{"not_picked":["Dropkick","Pommel Strike"],"picked":"True Grit","floor":10},{"not_picked":["Flex+1","Body Slam","Dropkick"],"picked":"SKIP","floor":11},{"not_picked":["Second Wind+1","Warcry+1"],"picked":"Shrug It Off+1","floor":12},{"not_picked":["Twin Strike","Burning Pact+1"],"picked":"True Grit+1","floor":13},{"not_picked":["Iron Wave","Infernal Blade+1"],"picked":"Feel No Pain","floor":14},{"not_picked":["Demon Form","Impervious+1"],"picked":"Barricade","floor":16},{"not_picked":["Havoc+1","Hemokinesis"],"picked":"Entrench+1","floor":18},{"not_picked":["Hemokinesis+1","Clash+1","Sword Boomerang"],"picked":"SKIP","floor":20},{"not_picked":["Twin Strike","Cleave","Body Slam"],"picked":"SKIP","floor":22},{"not_picked":["Sword Boomerang","Thunderclap+1"],"picked":"Flame Barrier+1","floor":23},{"not_picked":["Spot Weakness+1","Wild Strike","Fire Breathing+1"],"picked":"SKIP","floor":25},{"not_picked":["Bludgeon","Power Through+1"],"picked":"Rage+1","floor":27},{"not_picked":["Clash","Body Slam+1"],"picked":"Metallicize+1","floor":31},{"not_picked":["Feed","Dark Embrace+1"],"picked":"Offering+1","floor":33},{"not_picked":["True Grit+1"],"picked":"SKIP","floor":35},{"not_picked":["Pommel Strike"],"picked":"SKIP","floor":37},{"not_picked":["Anger+1"],"picked":"SKIP","floor":39},{"not_picked":["Combust+1"],"picked":"SKIP","floor":40},{"not_picked":["Rampage+1"],"picked":"SKIP","floor":41},{"not_picked":["Perfected Strike"],"picked":"SKIP","floor":47},{"not_picked":["Corruption+1"],"picked":"SKIP","floor":48},{"not_picked":["Uppercut"],"picked":"SKIP","floor":54}],"player_experience":1706808,"relics_obtained":[{"floor":7,"key":"Mummified Hand"},{"floor":10,"key":"Toxic Egg 2"},{"floor":23,"key":"Boot"},{"floor":26,"key":"Kunai"},{"floor":27,"key":"Frozen Egg 2"},{"floor":29,"key":"Omamori"},{"floor":40,"key":"Bag of Preparation"},{"floor":43,"key":"Ancient Tea Set"},{"floor":44,"key":"Ornamental Fan"},{"floor":46,"key":"Strawberry"},{"floor":48,"key":"Mercury Hourglass"},{"floor":54,"key":"Gremlin Horn"}],"event_choices":[{"damage_healed":0,"gold_gain":0,"player_choice":"Gave Potion","damage_taken":0,"relics_obtained":["Lantern"],"max_hp_gain":0,"max_hp_loss":0,"event_name":"WeMeetAgain","floor":4,"gold_loss":0},{"damage_healed":0,"gold_gain":0,"player_choice":"Searched \u00271\u0027 times","damage_taken":0,"max_hp_gain":0,"max_hp_loss":0,"event_name":"Dead Adventurer","floor":7,"gold_loss":0},{"cards_removed":["Strike_R"],"damage_healed":0,"gold_gain":0,"player_choice":"Upgrade and Remove","damage_taken":0,"max_hp_gain":0,"max_hp_loss":0,"event_name":"Designer","floor":19,"gold_loss":90,"cards_upgraded":["Bash"]},{"damage_healed":0,"gold_gain":0,"player_choice":"Ignored","damage_taken":0,"max_hp_gain":0,"max_hp_loss":0,"event_name":"SecretPortal","floor":36,"gold_loss":0}],"is_beta":false,"boss_relics":[{"not_picked":["Black Star","Black Blood"],"picked":"Astrolabe"},{"not_picked":["Lizard Tail","Sozu"],"picked":"Busted Crown"}],"items_purged_floors":[2,21],"is_endless":false,"potions_floor_spawned":[1,8,10,11,13,18,22,33,37,41,47,48],"ascension_level":0}