{"gold_per_floor":[115,129,3,3,3,3,3,46,115,149,163,163,163,196,196,321,321,335,335,50,73,96,140,140,180,180,180,95,129,129,54,54,175,175,193,218,218,20,43,74,74,110,110,133,133,152,32,47,47,47,47,47,47,85,85],"floor_reached":55,"playtime":2557,"items_purged":["Strike_G","Strike_G","Strike_G","Sucker Punch"],"score":943,"play_id":"d080111e-9976-42c4-bd99-3e0bbfdf44b0","local_time":"20190917165534","is_ascension_mode":true,"campfire_choices":[{"data":"Neutralize","floor":6,"key":"SMITH"},{"floor":12,"key":"REST"},{"data":"Poisoned Stab","floor":15,"key":"SMITH"},{"floor":24,"key":"RECALL"},{"floor":27,"key":"REST"},{"floor":30,"key":"REST"},{"floor":32,"key":"REST"},{"floor":41,"key":"REST"},{"floor":49,"key":"REST"},{"floor":52,"key":"REST"}],"neow_cost":"NONE","seed_source_timestamp":224362684715700,"circlet_count":0,"master_deck":["Defend_G","Defend_G","Defend_G","Survivor","Neutralize+1","PiercingWail","Riddle With Holes","Poisoned Stab+1","Venomology","Poisoned Stab+1","Adrenaline","Die Die Die+1","Choke+1","Well Laid Plans","Dash+1","Backflip+1","Acrobatics","Corpse Explosion","CurseOfTheBell","Cloak And Dagger+1","Noxious Fumes+1","Deflect+1","A Thousand Cuts+1","Noxious Fumes+1","Dodge and Roll+1","Caltrops+1"],"relics":["Ring of the Snake","Golden Idol","Smiling Mask","StrikeDummy","Unceasing Top","Molten Egg 2","Fusion Hammer","PreservedInsect","Bag of Marbles","Blood Vial","Ice Cream","Letter Opener","Bronze Scales","Calling Bell","Boot","Frozen Egg 2","Mango","Art of War","Oddly Smooth Stone","TungstenRod","Meat on the Bone","Tingsha"],"potions_floor_usage":[8,18,23,25,25,33,33,33,39,40,42,54,55,55,55,55],"damage_taken":[{"damage":0,"enemies":"2 Louse","floor":1,"turns":2},{"damage":0,"enemies":"Small Slimes","floor":2,"turns":3},{"damage":17,"enemies":"Lagavulin","floor":8,"turns":6},{"damage":13,"enemies":"3 Sentries","floor":10,"turns":8},{"damage":0,"enemies":"Jaw Worm","floor":11,"turns":2},{"damage":10,"enemies":"Gremlin Nob","floor":14,"turns":3},{"damage":22,"enemies":"Hexaghost","floor":16,"turns":9},{"damage":0,"enemies":"Spheric Guardian","floor":18,"turns":2},{"damage":6,"enemies":"Shell Parasite","floor":21,"turns":5},{"damage":0,"enemies":"Shelled Parasite and Fungi","floor":22,"turns":4},{"damage":0,"enemies":"Gremlin Leader","floor":23,"turns":4},{"damage":0,"enemies":"Slavers","floor":25,"turns":3},{"damage":0,"enemies":"Gremlin Leader","floor":29,"turns":3},{"damage":4,"enemies":"Champ","floor":33,"turns":10},{"damage":3,"enemies":"3 Darklings","floor":35,"turns":2},{"damage":0,"enemies":"3 Shapes","floor":36,"turns":3},{"damage":0,"enemies":"Transient","floor":39,"turns":5},{"damage":13,"enemies":"Giant Head","floor":40,"turns":7},{"damage":0,"enemies":"Nemesis","floor":42,"turns":3},{"damage":0,"enemies":"3 Darklings","floor":44,"turns":3},{"damage":21,"enemies":"Writhing Mass","floor":46,"turns":5},{"damage":0,"enemies":"Sphere and 2 Shapes","floor":48,"turns":3},{"damage":52,"enemies":"Awakened One","floor":50,"turns":13},{"damage":14,"enemies":"Shield and Spear","floor":54,"turns":4},{"damage":96,"enemies":"The Heart","floor":55,"turns":9}],"seed_played":"-4793927168950692506","potions_obtained":[{"floor":1,"key":"Energy Potion"},{"floor":14,"key":"AttackPotion"},{"floor":22,"key":"Dexterity Potion"},{"floor":29,"key":"Strength Potion"},{"floor":35,"key":"SkillPotion"}],"is_trial":false,"path_per_floor":["M","M","$","?","?","R","?","E","T","E","M","R","?","E","R","B",null,"M","?","$","M","M","E","R","E","T","R","?","E","R","?","R","B",null,"M","M","?","$","M","E","R","E","T","M","T","M","$","M","R","B",null,"R","$","E","B"],"character_chosen":"THE_SILENT","items_purchased":["Poisoned Stab","Well Laid Plans","PreservedInsect","Art of War","Noxious Fumes+1"],"campfire_rested":7,"item_purchase_floors":[3,20,20,38,47],"current_hp_per_floor":[70,70,70,70,53,53,46,29,29,16,16,37,42,32,32,10,75,75,75,75,69,69,69,69,69,69,75,75,75,75,75,75,71,89,86,88,88,88,89,76,89,89,89,89,89,68,68,70,89,49,89,89,89,75,0],"gold":85,"neow_bonus":"REMOVE_CARD","is_prod":false,"is_daily":false,"chose_seed":false,"campfire_upgraded":2,"win_rate":0,"timestamp":1568735734,"path_taken":["M","M","$","?","?","R","?","E","T","E","M","R","?","E","R","BOSS","M","?","$","?","M","E","R","E","T","R","?","E","R","?","R","BOSS","M","M","?","$","M","E","R","E","T","M","?","M","$","M","R","BOSS","R","$","E","BOSS"],"build_version":"2019-09-16v2","purchased_purges":4,"victory":false,"max_hp_per_floor":[70,70,70,70,70,70,70,70,70,70,70,70,75,75,75,75,75,75,75,75,75,75,75,75,75,75,75,75,75,75,75,75,75,89,89,89,89,89,89,89,89,89,89,89,89,89,89,89,89,89,89,89,89,89,89],"card_choices":[{"not_picked":["Expertise","Blur"],"picked":"PiercingWail","floor":1},{"not_picked":["Infinite Blades","Slice"],"picked":"Riddle With Holes","floor":2},{"not_picked":["Setup","Acrobatics"],"picked":"Sucker Punch","floor":8},{"not_picked":["Acrobatics","Outmaneuver"],"picked":"Venomology","floor":10},{"not_picked":["Quick Slash","Outmaneuver"],"picked":"Poisoned Stab","floor":11},{"not_picked":["Eviscerate","Flechettes"],"picked":"Adrenaline","floor":14},{"not_picked":["Night Terror","Unload+1"],"picked":"Die Die Die+1","floor":16},{"not_picked":["Cloak And Dagger","All Out Attack+1"],"picked":"Choke+1","floor":18},{"not_picked":["Bane+1","Leg Sweep"],"picked":"Dash+1","floor":21},{"not_picked":["Skewer+1","Blade Dance","Sucker Punch+1"],"picked":"SKIP","floor":22},{"not_picked":["Reflex","Blur","Prepared"],"picked":"SKIP","floor":23},{"not_picked":["Slice+1","All Out Attack+1"],"picked":"Backflip+1","floor":25},{"not_picked":["Tools of the Trade","Masterful Stab+1"],"picked":"Acrobatics","floor":29},{"not_picked":["Adrenaline","A Thousand Cuts"],"picked":"Corpse Explosion","floor":33},{"not_picked":["Finisher+1","Reflex"],"picked":"Cloak And Dagger+1","floor":35},{"not_picked":["Outmaneuver+1","Cloak And Dagger+1"],"picked":"Noxious Fumes+1","floor":36},{"not_picked":["Endless Agony+1","Cloak And Dagger"],"picked":"Deflect+1","floor":39},{"not_picked":["Predator+1","Heel Hook+1","Dagger Spray+1"],"picked":"SKIP","floor":40},{"not_picked":["Well Laid Plans+1","Slice+1"],"picked":"A Thousand Cuts+1","floor":42},{"not_picked":["Poisoned Stab+1","Flying Knee+1","Dagger Spray+1"],"picked":"SKIP","floor":44},{"not_picked":["PiercingWail","Flying Knee+1","Dagger Spray+1"],"picked":"SKIP","floor":46},{"not_picked":["Distraction+1","Deadly Poison"],"picked":"Dodge and Roll+1","floor":48},{"not_picked":["Tactician","Acrobatics"],"picked":"Caltrops+1","floor":54}],"player_experience":1517894,"relics_obtained":[{"floor":8,"key":"Smiling Mask"},{"floor":9,"key":"StrikeDummy"},{"floor":10,"key":"Unceasing Top"},{"floor":14,"key":"Molten Egg 2"},{"floor":23,"key":"Bag of Marbles"},{"floor":25,"key":"Blood Vial"},{"floor":26,"key":"Ice Cream"},{"floor":29,"key":"Bronze Scales"},{"floor":34,"key":"Boot"},{"floor":34,"key":"Frozen Egg 2"},{"floor":34,"key":"Mango"},{"floor":40,"key":"Oddly Smooth Stone"},{"floor":42,"key":"TungstenRod"},{"floor":45,"key":"Meat on the Bone"},{"floor":54,"key":"Tingsha"}],"event_choices":[{"damage_healed":0,"gold_gain":0,"player_choice":"Grow","damage_taken":0,"max_hp_gain":0,"max_hp_loss":0,"event_name":"Living Wall","floor":4,"gold_loss":0,"cards_upgraded":["Poisoned Stab"]},{"damage_healed":0,"gold_gain":0,"player_choice":"Take Damage","damage_taken":17,"relics_obtained":["Golden Idol"],"max_hp_gain":0,"max_hp_loss":0,"event_name":"Golden Idol","floor":5,"gold_loss":0},{"cards_removed":["Defend_G"],"damage_healed":0,"gold_gain":0,"player_choice":"Card Removal","damage_taken":7,"max_hp_gain":0,"max_hp_loss":0,"event_name":"Golden Wing","floor":7,"gold_loss":0},{"damage_healed":0,"gold_gain":0,"player_choice":"Donut","damage_taken":0,"max_hp_gain":5,"max_hp_loss":0,"event_name":"Big Fish","floor":13,"gold_loss":0},{"cards_removed":["Strike_G"],"damage_healed":0,"gold_gain":0,"player_choice":"Offered Basic","damage_taken":0,"max_hp_gain":0,"max_hp_loss":0,"event_name":"Bonfire Elementals","floor":19,"gold_loss":0},{"damage_healed":0,"gold_gain":0,"player_choice":"Obtained Relic","damage_taken":0,"relics_obtained":["Letter Opener"],"max_hp_gain":0,"max_hp_loss":0,"event_name":"Addict","floor":28,"gold_loss":85},{"cards_removed":["Strike_G"],"damage_healed":0,"gold_gain":0,"player_choice":"Gave Gold","damage_taken":0,"max_hp_gain":0,"max_hp_loss":0,"event_name":"Beggar","floor":31,"gold_loss":75},{"damage_healed":0,"gold_gain":0,"player_choice":"Ignored","damage_taken":0,"max_hp_gain":0,"max_hp_loss":0,"event_name":"Tomb of Lord Red Mask","floor":37,"gold_loss":0}],"is_beta":true,"boss_relics":[{"not_picked":["Velvet Choker","Ectoplasm"],"picked":"Fusion Hammer"},{"not_picked":["Coffee Dripper","Sozu"],"picked":"Calling Bell"}],"items_purged_floors":[3,20,38,47],"is_endless":false,"potions_floor_spawned":[1,14,22,23,29,35,36,39,44],"killed_by":"The Heart","ascension_level":1}