{"gold_per_floor":[118,137,147,222,236,236,261,261,261,1,30,46,46,57,57,159,159,174,187,187,187,117,150,150,176,176,190,202,202,234,246,246,346,346,364,364,382,399,18,49,67,92,92,92,108,31,45,72,72,72,72,72,72,100,100],"floor_reached":56,"playtime":6721,"items_purged":["Strike_B","Strike_B"],"score":2098,"play_id":"203cf34d-fcf6-49fe-a5a4-2c5099e44d8c","local_time":"20191017213339","is_ascension_mode":true,"campfire_choices":[{"data":"Ball Lightning","floor":6.0,"key":"SMITH"},{"data":"Auto Shields","floor":8.0,"key":"SMITH"},{"data":"Double Energy","floor":13.0,"key":"SMITH"},{"floor":15.0,"key":"REST"},{"data":"Loop","floor":24.0,"key":"SMITH"},{"data":"Buffer","floor":29.0,"key":"SMITH"},{"data":"Compile Driver","floor":32.0,"key":"SMITH"},{"floor":44,"key":"RECALL"},{"floor":49,"key":"REST"},{"floor":52,"key":"REST"}],"neow_cost":"NONE","seed_source_timestamp":0,"circlet_count":0,"master_deck":["Defend_B","Defend_B","Defend_B","Defend_B","Zap","Dualcast","Loop+1","Compile Driver+1","Ball Lightning+1","Auto Shields+1","Double Energy+1","Master of Strategy+1","Cold Snap","Coolheaded+1","Hologram+1","Hologram+1","Buffer+1","Chill+1","Ghostly+1","Ghostly+1","Ghostly+1","Ghostly+1","Ghostly+1","Redo+1","Leap+1","Redo+1","Compile Driver","Double Energy+1","Go for the Eyes+1","Double Energy+1","Steam Power+1","Coolheaded+1","Creative AI","Barrage+1","BootSequence+1","Aggregate+1","Chaos+1","Darkness+1","Steam+1","Storm","Heatsinks","Darkness+1","Hologram+1","Conserve Battery+1","Rebound+1"],"special_seed":0,"relics":["Cracked Core","DataDisk","Pen Nib","Toxic Egg 2","Calipers","Empty Cage","Ancient Tea Set","Ice Cream","Molten Egg 2","Matryoshka","Fusion Hammer","Runic Capacitor","Boot","Potion Belt","Anchor","Oddly Smooth Stone","Bag of Marbles"],"potions_floor_usage":[54,55,55,55,55],"damage_taken":[{"damage":0.0,"enemies":"Cultist","floor":1.0,"turns":3.0},{"damage":0.0,"enemies":"2 Louse","floor":2.0,"turns":3.0},{"damage":4.0,"enemies":"Small Slimes","floor":3.0,"turns":3.0},{"damage":3.0,"enemies":"Blue Slaver","floor":5.0,"turns":3.0},{"damage":16.0,"enemies":"Gremlin Nob","floor":7.0,"turns":3.0},{"damage":5.0,"enemies":"Lagavulin","floor":11.0,"turns":5.0},{"damage":3.0,"enemies":"Looter","floor":12.0,"turns":3.0},{"damage":7.0,"enemies":"Lots of Slimes","floor":14.0,"turns":3.0},{"damage":5.0,"enemies":"The Guardian","floor":16.0,"turns":13.0},{"damage":5.0,"enemies":"3 Byrds","floor":18.0,"turns":4.0},{"damage":0.0,"enemies":"Chosen","floor":19.0,"turns":4.0},{"damage":0.0,"enemies":"Gremlin Leader","floor":23.0,"turns":10.0},{"damage":0.0,"enemies":"Slavers","floor":25.0,"turns":8.0},{"damage":0.0,"enemies":"3 Cultists","floor":27.0,"turns":7.0},{"damage":0.0,"enemies":"Cultist and Chosen","floor":28.0,"turns":6.0},{"damage":0.0,"enemies":"Gremlin Leader","floor":30.0,"turns":9.0},{"damage":0.0,"enemies":"Centurion and Healer","floor":31.0,"turns":8.0},{"damage":0.0,"enemies":"Automaton","floor":33.0,"turns":10.0},{"damage":10,"enemies":"Orb Walker","floor":35,"turns":6},{"damage":0,"enemies":"3 Shapes","floor":37,"turns":6},{"damage":0,"enemies":"3 Darklings","floor":38,"turns":7},{"damage":0,"enemies":"Reptomancer","floor":40,"turns":7},{"damage":0,"enemies":"Transient","floor":41,"turns":5},{"damage":0,"enemies":"Giant Head","floor":42,"turns":7},{"damage":0,"enemies":"Maw","floor":45,"turns":7},{"damage":0,"enemies":"3 Darklings","floor":47,"turns":6},{"damage":0,"enemies":"Nemesis","floor":48,"turns":5},{"damage":21,"enemies":"Time Eater","floor":50,"turns":12},{"damage":0,"enemies":"Shield and Spear","floor":54,"turns":6},{"damage":0,"enemies":"The Heart","floor":55,"turns":8}],"seed_played":"-2436514883633976225","potions_obtained":[{"floor":1.0,"key":"Swift Potion"},{"floor":3.0,"key":"EntropicBrew"},{"floor":14.0,"key":"PowerPotion"},{"floor":18.0,"key":"Weak Potion"},{"floor":25.0,"key":"Dexterity Potion"},{"floor":27.0,"key":"AttackPotion"},{"floor":30.0,"key":"GamblersBrew"},{"floor":38,"key":"FocusPotion"},{"floor":42,"key":"FairyPotion"},{"floor":48,"key":"AttackPotion"},{"floor":54,"key":"Dexterity Potion"}],"is_trial":false,"path_per_floor":["M","M","M","?","M","R","E","R","T","$","E","M","R","M","R","B",null,"M","M","?","?","$","E","R","E","T","M","M","R","E","M","R","B",null,"M","?","M","M","$","E","M","E","T","R","M","$","M","E","R","B",null,"R","$","E","B",null],"character_chosen":"DEFECT","items_purchased":["Master of Strategy+1","Cold Snap","Leap+1","Redo+1","Runic Capacitor","Chaos+1","Darkness+1"],"campfire_rested":3,"item_purchase_floors":[10,10,22,22,39,39,46],"current_hp_per_floor":[68,68,64,53,50,50,34,34,34,34,29,26,26,19,41,36,65,60,60,37,37,37,37,37,37,37,37,37,37,37,37,37,37,37,27,27,27,27,27,27,27,27,27,27,27,27,27,27,37,16,32,37,37,37,37],"gold":100,"neow_bonus":"RANDOM_COMMON_RELIC","is_prod":false,"is_daily":false,"chose_seed":false,"campfire_upgraded":6,"win_rate":0,"timestamp":1571373219,"path_taken":["M","?","M","?","M","R","E","R","T","$","E","M","R","M","R","BOSS","M","M","?","?","$","E","R","E","T","?","M","R","E","M","R","BOSS","M","?","M","?","$","E","M","E","T","R","M","$","M","E","R","BOSS","R","$","E","BOSS"],"build_version":"2019-07-17","purchased_purges":2,"victory":true,"max_hp_per_floor":[75,75,75,75,75,75,75,75,75,75,75,75,75,75,75,75,75,75,75,37,37,37,37,37,37,37,37,37,37,37,37,37,37,37,37,37,37,37,37,37,37,37,37,37,37,37,37,37,37,37,37,37,37,37,37],"card_choices":[{"not_picked":["Capacitor","Beam Cell"],"picked":"Loop","floor":1.0},{"not_picked":["Reprogram","Loop"],"picked":"Compile Driver","floor":2.0},{"not_picked":["Loop","Rebound"],"picked":"Ball Lightning","floor":3.0},{"not_picked":["Steam","Beam Cell"],"picked":"Auto Shields","floor":5.0},{"not_picked":["Compile Driver","Hologram"],"picked":"Double Energy","floor":7.0},{"not_picked":["Rebound","BootSequence+1"],"picked":"Coolheaded+1","floor":11.0},{"not_picked":["Streamline","Scrape"],"picked":"Hologram+1","floor":12.0},{"not_picked":["Sweeping Beam","Stack+1"],"picked":"Hologram+1","floor":14.0},{"not_picked":["All For One","Multi-Cast+1"],"picked":"Buffer","floor":16.0},{"not_picked":["Force Field+1","Rebound","Skim+1"],"picked":"SKIP","floor":18.0},{"not_picked":["Hologram+1","Cold Snap+1"],"picked":"Chill+1","floor":19.0},{"not_picked":["Beam Cell+1","Reprogram+1"],"picked":"Compile Driver","floor":23.0},{"not_picked":["Steam Power+1","White Noise+1"],"picked":"Double Energy+1","floor":25.0},{"not_picked":["Rip and Tear+1","Beam Cell+1"],"picked":"Go for the Eyes+1","floor":27.0},{"not_picked":["Gash+1","Recycle+1"],"picked":"Double Energy+1","floor":28.0},{"not_picked":["FTL+1","Redo+1"],"picked":"Steam Power+1","floor":30.0},{"not_picked":["Darkness+1","Go for the Eyes+1"],"picked":"Coolheaded+1","floor":31.0},{"not_picked":["Fission+1","Thunder Strike+1"],"picked":"Creative AI","floor":33.0},{"not_picked":["Gash+1","Hologram+1"],"picked":"Barrage+1","floor":35},{"not_picked":["Redo+1","Sweeping Beam+1"],"picked":"BootSequence+1","floor":37},{"not_picked":["Turbo+1","Redo+1"],"picked":"Aggregate+1","floor":38},{"not_picked":["Cold Snap+1","FTL+1"],"picked":"Darkness+1","floor":40},{"not_picked":["Reboot+1","Melter+1"],"picked":"Steam+1","floor":41},{"not_picked":["Aggregate+1","Streamline+1"],"picked":"Storm","floor":42},{"not_picked":["Turbo+1","FTL+1"],"picked":"Heatsinks","floor":45},{"not_picked":["Sweeping Beam+1","Rip and Tear+1"],"picked":"Hologram+1","floor":47},{"not_picked":["Gash+1","Leap+1"],"picked":"Conserve Battery+1","floor":48},{"not_picked":["Steam+1","Sunder+1"],"picked":"Rebound+1","floor":54}],"player_experience":359733,"relics_obtained":[{"floor":7.0,"key":"Pen Nib"},{"floor":9.0,"key":"Toxic Egg 2"},{"floor":11.0,"key":"Calipers"},{"floor":23.0,"key":"Ancient Tea Set"},{"floor":25.0,"key":"Ice Cream"},{"floor":26.0,"key":"Molten Egg 2"},{"floor":30.0,"key":"Matryoshka"},{"floor":40,"key":"Boot"},{"floor":42,"key":"Potion Belt"},{"floor":43,"key":"Anchor"},{"floor":48,"key":"Oddly Smooth Stone"},{"floor":54,"key":"Bag of Marbles"}],"event_choices":[{"damage_healed":0.0,"max_hp_gain":0.0,"max_hp_loss":0.0,"gold_gain":75.0,"event_name":"World of Goop","player_choice":"Gather Gold","floor":4.0,"gold_loss":0.0,"damage_taken":11.0},{"damage_healed":0.0,"max_hp_gain":0.0,"max_hp_loss":38.0,"gold_gain":0.0,"event_name":"Ghosts","player_choice":"Became a Ghost","floor":20.0,"gold_loss":0.0,"damage_taken":0.0,"cards_obtained":["Ghostly","Ghostly","Ghostly","Ghostly","Ghostly"]},{"damage_healed":0.0,"max_hp_gain":0.0,"max_hp_loss":0.0,"gold_gain":0.0,"event_name":"Match and Keep!","player_choice":"1 cards matched","floor":21.0,"gold_loss":0.0,"damage_taken":0.0,"cards_obtained":["Redo"]},{"damage_healed":0,"gold_gain":0,"player_choice":"0 cards matched","damage_taken":0,"max_hp_gain":0,"max_hp_loss":0,"event_name":"Match and Keep!","floor":36,"gold_loss":0,"cards_obtained":[]}],"is_beta":false,"boss_relics":[{"not_picked":["Eternal Feather","Snecko Eye"],"picked":"Empty Cage"},{"not_picked":["Runic Dome","White Beast Statue"],"picked":"Fusion Hammer"}],"items_purged_floors":[10,39],"is_endless":false,"potions_floor_spawned":[1,3,14,18,25,27,30,31,38,41,42,48,54],"ascension_level":8}