{"gold_per_floor":[112,112,122,133,133,133,133,167,192,192,217,217,91,135,135,265,265,286,211,32,55,78,118,139,139,139,177,177,19,19,39,39,169,169,190,101,434,434,449,483,497,497,497,497,497,524,524,746,746,746,746,746,67,96,96],"floor_reached":56,"playtime":2847,"items_purged":["Strike_R","Defend_R","Defend_R"],"score":1279,"play_id":"3159edb1-7684-4dbf-ba5f-6faa00868742","local_time":"20190604131816","is_ascension_mode":false,"campfire_choices":[{"data":"Spot Weakness","floor":6,"key":"SMITH"},{"data":"Thunderclap","floor":10,"key":"SMITH"},{"data":"Dropkick","floor":15,"key":"SMITH"},{"data":"Disarm","floor":30,"key":"SMITH"},{"data":"J.A.X.","floor":32,"key":"SMITH"},{"data":"Exhume","floor":42,"key":"SMITH"},{"floor":45,"key":"REST"},{"floor":47,"key":"REST"},{"floor":49,"key":"RECALL"},{"data":"Madness","floor":52,"key":"SMITH"}],"neow_cost":"NONE","seed_source_timestamp":605673875252675,"circlet_count":0,"master_deck":["Defend_R+1","Bash+1","Spot Weakness+1","Thunderclap+1","Headbutt","Ghostly Armor","Pommel Strike","Dropkick+1","Offering","Shrug It Off","Whirlwind","True Grit+1","Heavy Blade+1","Disarm+1","J.A.X.+1","Feed","Exhume+1","Flash of Steel","Madness+1","Madness","Feel No Pain","Trip","Intimidate","Warcry+1","Evolve","Corruption+1"],"relics":["Burning Blood","Bronze Scales","Orichalcum","Prayer Wheel","Empty Cage","Ice Cream","Red Mask","Black Star","Dream Catcher","FossilizedHelix","Turnip","The Courier","Oddly Smooth Stone","Mummified Hand","Centennial Puzzle","Bag of Marbles","Pocketwatch","Champion Belt"],"potions_floor_usage":[14,16,33,40,40,41,46,54,55,55],"damage_taken":[{"damage":6,"enemies":"Cultist","floor":1,"turns":3},{"damage":9,"enemies":"2 Louse","floor":3,"turns":4},{"damage":0,"enemies":"Small Slimes","floor":4,"turns":3},{"damage":18,"enemies":"3 Sentries","floor":8,"turns":7},{"damage":5,"enemies":"Exordium Wildlife","floor":11,"turns":3},{"damage":13,"enemies":"Lagavulin","floor":14,"turns":6},{"damage":19,"enemies":"The Guardian","floor":16,"turns":7},{"damage":8,"enemies":"Shell Parasite","floor":18,"turns":3},{"damage":6,"enemies":"3 Byrds","floor":21,"turns":3},{"damage":6,"enemies":"Cultist and Chosen","floor":22,"turns":3},{"damage":6,"enemies":"Gremlin Leader","floor":23,"turns":3},{"damage":14,"enemies":"3 Cultists","floor":24,"turns":4},{"damage":6,"enemies":"Masked Bandits","floor":27,"turns":2},{"damage":9,"enemies":"Snake Plant","floor":31,"turns":3},{"damage":43,"enemies":"Automaton","floor":33,"turns":8},{"damage":20,"enemies":"3 Darklings","floor":35,"turns":5},{"damage":12,"enemies":"3 Shapes","floor":39,"turns":4},{"damage":43,"enemies":"Giant Head","floor":40,"turns":7},{"damage":6,"enemies":"Maw","floor":41,"turns":6},{"damage":31,"enemies":"Nemesis","floor":46,"turns":7},{"damage":27,"enemies":"Donu and Deca","floor":50,"turns":6},{"damage":28,"enemies":"Shield and Spear","floor":54,"turns":7},{"damage":25,"enemies":"The Heart","floor":55,"turns":5}],"seed_played":"6971285926545784935","potions_obtained":[{"floor":1,"key":"EntropicBrew"},{"floor":4,"key":"Poison Potion"},{"floor":18,"key":"Block Potion"},{"floor":22,"key":"PowerPotion"},{"floor":23,"key":"Energy Potion"},{"floor":33,"key":"Strength Potion"},{"floor":40,"key":"SteroidPotion"},{"floor":41,"key":"SteroidPotion"}],"is_trial":false,"path_per_floor":["M","?","M","M","?","R","?","E","T","R","M","?","$","E","R","B",null,"M","?","$","M","M","E","M","?","T","?","?","$","R","M","R","B",null,"M","$","?","?","M","E","M","R","T","?","R","E","R","?","R","B",null,"R","$","E","B",null],"character_chosen":"IRONCLAD","items_purchased":["Pommel Strike","Whirlwind","Feed","Flash of Steel","Weak Potion","PowerPotion","Evolve","Mummified Hand","Centennial Puzzle","Bag of Marbles"],"campfire_rested":2,"item_purchase_floors":[13,20,29,36,53,53,53,53,53,53],"current_hp_per_floor":[80,73,70,76,60,60,60,48,48,48,49,54,54,47,47,34,79,77,77,77,77,77,77,69,69,69,69,69,69,69,66,66,32,82,71,71,71,60,60,26,26,26,26,26,54,29,57,57,57,39,97,97,97,78,59],"gold":96,"neow_bonus":"REMOVE_CARD","is_prod":false,"is_daily":false,"chose_seed":false,"campfire_upgraded":7,"win_rate":0,"timestamp":1559650696,"path_taken":["M","?","M","M","?","R","?","E","T","R","?","?","$","E","R","BOSS","M","?","$","M","M","E","M","?","T","?","?","$","R","M","R","BOSS","M","$","?","?","M","E","M","R","T","?","R","E","R","?","R","BOSS","R","$","E","BOSS"],"build_version":"2019-01-23","purchased_purges":3,"victory":true,"max_hp_per_floor":[80,80,80,80,80,80,74,74,74,74,74,79,79,79,79,79,79,79,79,79,79,79,79,79,79,79,79,79,79,79,79,79,82,82,85,85,85,85,91,94,94,94,94,94,94,94,94,94,94,97,97,97,97,100,100],"card_choices":[{"not_picked":["Twin Strike","Battle Trance"],"picked":"Spot Weakness","floor":1},{"not_picked":["Iron Wave","Shrug It Off"],"picked":"Thunderclap","floor":3},{"not_picked":["Thunderclap","True Grit"],"picked":"Headbutt","floor":4},{"not_picked":["Flex","Iron Wave"],"picked":"Ghostly Armor","floor":8},{"not_picked":["Armaments","Headbutt","Reckless Charge"],"picked":"SKIP","floor":11},{"not_picked":["Intimidate","Berserk"],"picked":"Dropkick","floor":14},{"not_picked":["Exhume","Demon Form"],"picked":"Offering","floor":16},{"not_picked":["Anger+1","Combust+1"],"picked":"Shrug It Off","floor":18},{"not_picked":["Sentinel+1","Blood for Blood","Uppercut+1"],"picked":"SKIP","floor":18},{"not_picked":["Cleave","Warcry"],"picked":"True Grit+1","floor":21},{"not_picked":["True Grit","Shrug It Off","Havoc"],"picked":"SKIP","floor":21},{"not_picked":["Flame Barrier","Perfected Strike","Dark Embrace"],"picked":"SKIP","floor":22},{"not_picked":["Perfected Strike","Clash","Combust"],"picked":"SKIP","floor":22},{"not_picked":["Intimidate","Sword Boomerang"],"picked":"Heavy Blade+1","floor":23},{"not_picked":["Twin Strike","Armaments"],"picked":"Disarm","floor":24},{"not_picked":["Shrug It Off","Warcry","Rampage"],"picked":"SKIP","floor":24},{"not_picked":["Intimidate","Rampage+1","Iron Wave"],"picked":"SKIP","floor":31},{"not_picked":["Feel No Pain","Carnage","Shockwave"],"picked":"SKIP","floor":31},{"not_picked":["Impervious","Brutality"],"picked":"Exhume","floor":33},{"not_picked":["Combust","Heavy Blade","Corruption+1"],"picked":"SKIP","floor":35},{"not_picked":["Heavy Blade+1","Pommel Strike+1","Clash"],"picked":"SKIP","floor":35},{"not_picked":["Twin Strike","Body Slam+1","Searing Blow+1"],"picked":"SKIP","floor":39},{"not_picked":["Clash","Juggernaut","True Grit"],"picked":"SKIP","floor":39},{"not_picked":["Twin Strike","Cleave","Rampage+1"],"picked":"SKIP","floor":40},{"not_picked":["Flex+1","Seeing Red"],"picked":"Feel No Pain","floor":41},{"not_picked":["True Grit","Searing Blow+1","Armaments"],"picked":"SKIP","floor":41},{"not_picked":["Good Instincts","Finesse"],"picked":"Trip","floor":44},{"not_picked":["Demon Form","True Grit"],"picked":"Intimidate","floor":45},{"not_picked":["Evolve","Flex","Corruption"],"picked":"SKIP","floor":46},{"not_picked":["Rage","Perfected Strike+1"],"picked":"Warcry+1","floor":47},{"not_picked":["Pommel Strike+1","Bloodletting+1"],"picked":"Corruption+1","floor":54}],"player_experience":1574341,"relics_obtained":[{"floor":8,"key":"Bronze Scales"},{"floor":9,"key":"Orichalcum"},{"floor":14,"key":"Prayer Wheel"},{"floor":23,"key":"Ice Cream"},{"floor":27,"key":"Red Mask"},{"floor":40,"key":"Dream Catcher"},{"floor":40,"key":"FossilizedHelix"},{"floor":43,"key":"Turnip"},{"floor":46,"key":"The Courier"},{"floor":46,"key":"Oddly Smooth Stone"},{"floor":54,"key":"Pocketwatch"},{"floor":54,"key":"Champion Belt"}],"event_choices":[{"cards_removed":["Strike_R"],"damage_healed":0,"gold_gain":0,"player_choice":"Card Removal","damage_taken":7,"max_hp_gain":0,"max_hp_loss":0,"event_name":"Golden Wing","floor":2,"gold_loss":0},{"damage_healed":0,"gold_gain":0,"player_choice":"Entered Light","damage_taken":16,"max_hp_gain":0,"max_hp_loss":0,"event_name":"Shining Light","floor":5,"gold_loss":0,"cards_upgraded":["Defend_R","Bash"]},{"damage_healed":0,"gold_gain":0,"player_choice":"Lose Max HP","damage_taken":0,"relics_obtained":["Golden Idol"],"max_hp_gain":0,"max_hp_loss":6,"event_name":"Golden Idol","floor":7,"gold_loss":0},{"damage_healed":0,"gold_gain":0,"player_choice":"Donut","damage_taken":0,"max_hp_gain":5,"max_hp_loss":0,"event_name":"Big Fish","floor":12,"gold_loss":0},{"cards_removed":["Strike_R"],"damage_healed":0,"gold_gain":0,"player_choice":"Gave Gold","damage_taken":0,"max_hp_gain":0,"max_hp_loss":0,"event_name":"Beggar","floor":19,"gold_loss":75},{"damage_healed":0,"gold_gain":0,"player_choice":"Ignored","damage_taken":0,"max_hp_gain":0,"max_hp_loss":0,"event_name":"Vampires","floor":25,"gold_loss":0},{"damage_healed":0,"gold_gain":0,"player_choice":"Fought Bandits","damage_taken":0,"max_hp_gain":0,"max_hp_loss":0,"event_name":"Masked Bandits","floor":27,"gold_loss":0},{"damage_healed":0,"gold_gain":0,"player_choice":"Obtain J.A.X.","damage_taken":0,"max_hp_gain":0,"max_hp_loss":0,"event_name":"Drug Dealer","floor":28,"gold_loss":0,"cards_obtained":["J.A.X."]},{"damage_healed":0,"gold_gain":333,"player_choice":"Gave Idol","damage_taken":0,"max_hp_gain":0,"max_hp_loss":0,"event_name":"The Moai Head","floor":37,"relics_lost":["Golden Idol"],"gold_loss":0},{"damage_healed":0,"gold_gain":0,"player_choice":"Embrace Madness","damage_taken":11,"max_hp_gain":0,"max_hp_loss":0,"event_name":"Winding Halls","floor":38,"gold_loss":0,"cards_obtained":["Madness","Madness"]},{"damage_healed":0,"gold_gain":0,"player_choice":"Memory 1","damage_taken":0,"max_hp_gain":0,"max_hp_loss":0,"event_name":"SensoryStone","floor":44,"gold_loss":0},{"damage_healed":0,"gold_gain":222,"player_choice":"Wore Mask","damage_taken":0,"max_hp_gain":0,"max_hp_loss":0,"event_name":"Tomb of Lord Red Mask","floor":48,"gold_loss":0}],"is_beta":false,"boss_relics":[{"not_picked":["Runic Cube","Fusion Hammer"],"picked":"Empty Cage"},{"not_picked":["Snecko Eye","Velvet Choker"],"picked":"Black Star"}],"items_purged_floors":[13,20,53],"is_endless":false,"potions_floor_spawned":[1,4,18,22,23,27,33,40,41],"ascension_level":0}