{"gold_per_floor":[119,135,135,154,254,254,284,294,318,332,332,348,377,397,397,498,548,563,247,265,265,280,280,315,329,354,372,372,389,215,215,215,320,320,331,431,431,37,50,84,102,137,189,204,204,557,557,590,590,590,590,590,4,31,31],"floor_reached":56,"playtime":3204,"items_purged":["Strike_R","Defend_R"],"score":1294,"play_id":"3cd22ca2-c20f-4c6c-899a-6f96e33114aa","local_time":"20190822001614","is_ascension_mode":false,"campfire_choices":[{"data":"Whirlwind","floor":6,"key":"SMITH"},{"data":"Demon Form","floor":15,"key":"SMITH"},{"data":"Bash","floor":28,"key":"SMITH"},{"data":"Battle Trance","floor":32,"key":"SMITH"},{"floor":45,"key":"RECALL"},{"data":"Offering","floor":49,"key":"SMITH"},{"data":"Burning Pact","floor":52,"key":"SMITH"}],"neow_cost":"PERCENT_DAMAGE","seed_source_timestamp":570881307014300,"circlet_count":0,"master_deck":["Defend_R","Defend_R+1","Bash+1","Spot Weakness+1","Whirlwind+1","Headbutt","Reaper","Demon Form+1","Havoc+1","Shrug It Off","Shrug It Off","Shrug It Off","Battle Trance+1","Impatience","Inflame","Exhume","Bloodletting","Armaments+1","Sword Boomerang","Dropkick","Offering+1","Double Tap","Bloodletting+1","Burning Pact+1","Iron Wave+1","Battle Trance","Master of Strategy","Disarm"],"relics":["Burning Blood","Pen Nib","Oddly Smooth Stone","Tiny House","Art of War","Paper Frog","Potion Belt","Happy Flower","Eternal Feather","Du-Vu Doll","Letter Opener","Ancient Tea Set","Mummified Hand","Blood Vial","Old Coin","FossilizedHelix","OrangePellets","Bronze Scales","Red Skull"],"potions_floor_usage":[7,18,22,24,35,42,44,48,55,55,55,55],"damage_taken":[{"damage":1,"enemies":"Cultist","floor":1,"turns":3},{"damage":5,"enemies":"2 Louse","floor":2,"turns":3},{"damage":0,"enemies":"Small Slimes","floor":4,"turns":2},{"damage":19,"enemies":"Lagavulin","floor":7,"turns":5},{"damage":14,"enemies":"Blue Slaver","floor":8,"turns":3},{"damage":13,"enemies":"Exordium Wildlife","floor":10,"turns":5},{"damage":12,"enemies":"Exordium Thugs","floor":12,"turns":4},{"damage":22,"enemies":"3 Sentries","floor":13,"turns":5},{"damage":3,"enemies":"Large Slime","floor":14,"turns":7},{"damage":17,"enemies":"The Guardian","floor":16,"turns":7},{"damage":1,"enemies":"Spheric Guardian","floor":18,"turns":4},{"damage":7,"enemies":"Shell Parasite","floor":20,"turns":6},{"damage":9,"enemies":"Snake Plant","floor":22,"turns":4},{"damage":24,"enemies":"Gremlin Leader","floor":24,"turns":4},{"damage":36,"enemies":"Cultist and Chosen","floor":25,"turns":5},{"damage":17,"enemies":"Centurion and Healer","floor":27,"turns":5},{"damage":9,"enemies":"Snake Plant","floor":29,"turns":4},{"damage":31,"enemies":"Champ","floor":33,"turns":5},{"damage":18,"enemies":"3 Darklings","floor":35,"turns":5},{"damage":12,"enemies":"Mind Bloom Boss Battle","floor":36,"turns":7},{"damage":9,"enemies":"Orb Walker","floor":39,"turns":2},{"damage":26,"enemies":"Giant Head","floor":40,"turns":5},{"damage":9,"enemies":"Transient","floor":41,"turns":5},{"damage":45,"enemies":"Reptomancer","floor":42,"turns":5},{"damage":30,"enemies":"Maw","floor":44,"turns":5},{"damage":51,"enemies":"2 Orb Walkers","floor":46,"turns":5},{"damage":30,"enemies":"Giant Head","floor":48,"turns":6},{"damage":50,"enemies":"Awakened One","floor":50,"turns":6},{"damage":12,"enemies":"Shield and Spear","floor":54,"turns":2},{"damage":94,"enemies":"The Heart","floor":55,"turns":8}],"seed_played":"-1691782976963878255","potions_obtained":[{"floor":1,"key":"Block Potion"},{"floor":7,"key":"SkillPotion"},{"floor":12,"key":"Block Potion"},{"floor":14,"key":"SteroidPotion"},{"floor":16,"key":"Energy Potion"},{"floor":20,"key":"Regen Potion"},{"floor":27,"key":"AttackPotion"},{"floor":29,"key":"FairyPotion"},{"floor":35,"key":"Swift Potion"},{"floor":36,"key":"Swift Potion"},{"floor":44,"key":"Strength Potion"},{"floor":48,"key":"Explosive Potion"},{"floor":54,"key":"EssenceOfSteel"}],"is_trial":false,"path_per_floor":["M","M","?","M","?","R","E","M","T","M","?","M","E","M","R","B",null,"M","$","M","?","M","?","E","M","T","M","R","M","$","?","R","B",null,"M","?","?","$","M","E","M","E","T","M","R","?","?","E","R","B",null,"R","$","E","B",null],"character_chosen":"IRONCLAD","items_purchased":["Art of War","Impatience","Dropkick","Letter Opener","Double Tap","OrangePellets","Master of Strategy","Bronze Scales","FearPotion"],"campfire_rested":0,"item_purchase_floors":[19,19,30,38,38,53,53,53,53],"current_hp_per_floor":[61,62,67,73,73,73,60,52,52,63,46,47,55,67,67,56,90,90,90,90,90,90,72,84,54,54,75,75,79,79,79,79,86,95,93,95,95,95,95,95,95,95,95,93,95,75,75,90,95,66,95,95,95,95,55],"gold":31,"neow_bonus":"REMOVE_TWO","is_prod":false,"is_daily":false,"chose_seed":false,"campfire_upgraded":6,"win_rate":0,"timestamp":1566429374,"path_taken":["M","?","?","M","?","R","E","M","T","?","?","M","E","M","R","BOSS","M","$","M","?","M","?","E","M","T","M","R","?","$","?","R","BOSS","M","?","?","$","M","E","M","E","T","M","R","?","?","E","R","BOSS","R","$","E","BOSS"],"build_version":"2019-07-17","purchased_purges":2,"victory":true,"max_hp_per_floor":[80,80,85,85,85,85,85,85,85,85,85,85,85,85,85,85,90,90,90,90,90,90,95,95,95,95,95,95,95,95,95,95,95,95,95,95,95,95,95,95,95,95,95,95,95,95,95,95,95,95,95,95,95,95,95],"card_choices":[{"not_picked":["Combust","Anger"],"picked":"Spot Weakness","floor":1},{"not_picked":["Clash","Armaments"],"picked":"Whirlwind","floor":2},{"not_picked":["Evolve","Clash"],"picked":"Headbutt","floor":4},{"not_picked":["Thunderclap","Pommel Strike"],"picked":"Reaper","floor":7},{"not_picked":["Clash","Wild Strike"],"picked":"Demon Form","floor":8},{"not_picked":["Spot Weakness","Corruption"],"picked":"Havoc","floor":10},{"not_picked":["Armaments","Blood for Blood"],"picked":"Shrug It Off","floor":12},{"not_picked":["Pommel Strike","Spot Weakness"],"picked":"Shrug It Off","floor":13},{"not_picked":["Reckless Charge","Cleave"],"picked":"Shrug It Off","floor":14},{"not_picked":["Havoc","Whirlwind"],"picked":"Battle Trance","floor":17},{"not_picked":["Reckless Charge+1","Anger","Cleave+1"],"picked":"SKIP","floor":18},{"not_picked":["Thunderclap","Perfected Strike","Power Through"],"picked":"SKIP","floor":20},{"not_picked":["Headbutt","Brutality"],"picked":"Bloodletting","floor":22},{"not_picked":["Entrench+1","Evolve"],"picked":"Armaments+1","floor":24},{"not_picked":["Iron Wave","Thunderclap","Spot Weakness+1"],"picked":"SKIP","floor":25},{"not_picked":["Inflame","Flex"],"picked":"Sword Boomerang","floor":27},{"not_picked":["Twin Strike","Uppercut","Rampage+1"],"picked":"SKIP","floor":29},{"not_picked":["Double Tap","Impervious"],"picked":"Offering","floor":33},{"not_picked":["Havoc","Wild Strike","Cleave"],"picked":"SKIP","floor":35},{"not_picked":["Berserk","Infernal Blade+1"],"picked":"Bloodletting+1","floor":39},{"not_picked":["Clothesline+1","Clash+1","Bloodletting+1"],"picked":"SKIP","floor":40},{"not_picked":["Headbutt+1","Pummel+1"],"picked":"Burning Pact","floor":41},{"not_picked":["Body Slam","Headbutt"],"picked":"Iron Wave+1","floor":42},{"not_picked":["Dropkick+1","Pommel Strike"],"picked":"Battle Trance","floor":44},{"not_picked":["Reckless Charge","Iron Wave+1","Sentinel+1"],"picked":"SKIP","floor":48},{"not_picked":["Armaments","Exhume"],"picked":"Disarm","floor":54}],"player_experience":1838679,"relics_obtained":[{"floor":7,"key":"Pen Nib"},{"floor":13,"key":"Oddly Smooth Stone"},{"floor":24,"key":"Paper Frog"},{"floor":26,"key":"Potion Belt"},{"floor":36,"key":"Du-Vu Doll"},{"floor":40,"key":"Ancient Tea Set"},{"floor":42,"key":"Mummified Hand"},{"floor":43,"key":"Blood Vial"},{"floor":46,"key":"Old Coin"},{"floor":48,"key":"FossilizedHelix"},{"floor":54,"key":"Red Skull"}],"event_choices":[{"damage_healed":0,"gold_gain":0,"player_choice":"Donut","damage_taken":0,"max_hp_gain":5,"max_hp_loss":0,"event_name":"Big Fish","floor":3,"gold_loss":0},{"damage_healed":0,"gold_gain":100,"player_choice":"Pray","damage_taken":0,"max_hp_gain":0,"max_hp_loss":0,"event_name":"Golden Shrine","floor":5,"gold_loss":0},{"damage_healed":0,"gold_gain":0,"player_choice":"Entered Light","damage_taken":17,"max_hp_gain":0,"max_hp_loss":0,"event_name":"Shining Light","floor":11,"gold_loss":0,"cards_upgraded":["Havoc","Defend_R"]},{"damage_healed":0,"gold_gain":0,"cards_transformed":["Strike_R","Strike_R"],"player_choice":"Became Test Subject","damage_taken":0,"max_hp_gain":0,"max_hp_loss":0,"event_name":"Drug Dealer","floor":21,"gold_loss":0,"cards_obtained":["Inflame","Exhume"]},{"damage_healed":0,"gold_gain":0,"player_choice":"Shed Blood","damage_taken":23,"max_hp_gain":5,"max_hp_loss":0,"event_name":"Forgotten Altar","floor":23,"gold_loss":0},{"damage_healed":0,"gold_gain":0,"player_choice":"Gave Potion","damage_taken":0,"relics_obtained":["Happy Flower"],"max_hp_gain":0,"max_hp_loss":0,"event_name":"WeMeetAgain","floor":31,"gold_loss":0},{"damage_healed":0,"gold_gain":0,"player_choice":"Fight","damage_taken":0,"max_hp_gain":0,"max_hp_loss":0,"event_name":"MindBloom","floor":36,"gold_loss":0},{"damage_healed":0,"gold_gain":0,"player_choice":"Ignored","damage_taken":0,"max_hp_gain":0,"max_hp_loss":0,"event_name":"Tomb of Lord Red Mask","floor":37,"gold_loss":0},{"damage_healed":0,"gold_gain":0,"player_choice":"Fight","damage_taken":0,"max_hp_gain":0,"max_hp_loss":0,"event_name":"Mysterious Sphere","floor":46,"gold_loss":0},{"cards_removed":["Strike_R"],"damage_healed":0,"gold_gain":0,"player_choice":"Removed Attack","damage_taken":0,"max_hp_gain":0,"max_hp_loss":0,"event_name":"Falling","floor":47,"gold_loss":0}],"is_beta":false,"boss_relics":[{"not_picked":["White Beast Statue","Calling Bell"],"picked":"Tiny House"},{"not_picked":["Black Blood","Velvet Choker"],"picked":"Eternal Feather"}],"items_purged_floors":[19,30],"is_endless":false,"potions_floor_spawned":[1,7,12,14,16,20,27,29,35,36,44,48,54],"ascension_level":0}