{"gold_per_floor":[115,42,42,60,76,76,91,16,84,84,84,36,111,111],"floor_reached":14,"playtime":292,"items_purged":["Strike_R"],"score":98,"play_id":"f319ae30-f48f-44d7-8091-41bf0e3adef6","local_time":"20190722181350","is_ascension_mode":true,"campfire_choices":[{"data":"True Grit","floor":6,"key":"SMITH"},{"data":"Bash","floor":10,"key":"SMITH"}],"neow_cost":"NONE","seed_source_timestamp":957281360933800,"circlet_count":0,"master_deck":["Strike_R","Strike_R","Strike_R","Defend_R","Defend_R","Defend_R","Defend_R","Bash+1","Offering","Thunderclap","Demon Form","Burning Pact","True Grit+1","Headbutt"],"relics":["Burning Blood","Omamori","Darkstone Periapt"],"potions_floor_usage":[7],"damage_taken":[{"damage":6,"enemies":"Jaw Worm","floor":1,"turns":3},{"damage":10,"enemies":"2 Louse","floor":4,"turns":2},{"damage":6,"enemies":"Cultist","floor":5,"turns":3},{"damage":29,"enemies":"Large Slime","floor":7,"turns":5},{"damage":46,"enemies":"Gremlin Gang","floor":14,"turns":3}],"seed_played":"-3045869696708937693","potions_obtained":[{"floor":5,"key":"SkillPotion"}],"is_trial":false,"path_per_floor":["M","$","?","M","M","R","M","$","T","R","?","$","?","M"],"character_chosen":"IRONCLAD","items_purchased":["Demon Form","Headbutt"],"campfire_rested":0,"item_purchase_floors":[2,12],"current_hp_per_floor":[80,80,73,69,69,69,46,46,46,46,46,46,35,0],"gold":111,"neow_bonus":"ONE_RANDOM_RARE_CARD","is_prod":false,"is_daily":false,"chose_seed":false,"campfire_upgraded":2,"win_rate":0,"timestamp":1563808430,"path_taken":["M","$","?","M","M","R","M","$","T","R","?","?","?","?"],"build_version":"2019-07-17","purchased_purges":1,"victory":false,"max_hp_per_floor":[80,80,80,80,80,80,80,80,80,80,80,80,80,80],"card_choices":[{"not_picked":["Flex","Burning Pact"],"picked":"Thunderclap","floor":1},{"not_picked":["Headbutt","Perfected Strike"],"picked":"Burning Pact","floor":4},{"not_picked":["Inflame","Burning Pact"],"picked":"True Grit","floor":5},{"not_picked":["Sever Soul","Body Slam","Thunderclap"],"picked":"SKIP","floor":7}],"player_experience":357879,"relics_obtained":[{"floor":9,"key":"Darkstone Periapt"}],"event_choices":[{"damage_healed":0,"gold_gain":0,"player_choice":"Success","damage_taken":7,"relics_obtained":["Omamori"],"max_hp_gain":0,"max_hp_loss":0,"event_name":"Scrap Ooze","floor":3,"gold_loss":0},{"cards_removed":["Strike_R"],"damage_healed":0,"gold_gain":0,"player_choice":"Forget","damage_taken":0,"max_hp_gain":0,"max_hp_loss":0,"event_name":"Living Wall","floor":11,"gold_loss":0},{"damage_healed":0,"gold_gain":75,"player_choice":"Gather Gold","damage_taken":11,"max_hp_gain":0,"max_hp_loss":0,"event_name":"World of Goop","floor":13,"gold_loss":0}],"is_beta":false,"boss_relics":[],"items_purged_floors":[8],"is_endless":false,"potions_floor_spawned":[5],"killed_by":"Gremlin Gang","ascension_level":5}