{"gold_per_floor":[119,134,6,6,20,47,47,59,111,121,151,151,111,111,111,206,206,223,44,44,143,160,160],"floor_reached":23,"playtime":879,"items_purged":["Defend_R","Regret"],"score":201,"play_id":"25caba9d-1e9a-4555-abf7-c2e509e9f719","local_time":"20180715133120","is_ascension_mode":false,"campfire_choices":[{"data":"Shrug It Off","floor":7,"key":"SMITH"},{"floor":12,"key":"REST"},{"floor":15,"key":"REST"}],"neow_cost":"","seed_source_timestamp":81864538610944,"circlet_count":0,"master_deck":["Strike_R","Strike_R","Strike_R","Strike_R","Strike_R","Defend_R","Defend_R","Defend_R","Bash","Searing Blow","Twin Strike","Shrug It Off+1","Pommel Strike","Flex","Inflame","Thunderclap","Twin Strike","Fiend Fire","Thunderclap","Anger","Impervious","Burning Pact","True Grit","Pommel Strike+1","Metallicize"],"relics":["Burning Blood","Gremlin Horn","Juzu Bracelet","Bronze Scales","Potion Belt","Orrery"],"potions_floor_usage":[11,14,23],"damage_taken":[{"damage":0,"enemies":"2 Louse","floor":1,"turns":3},{"damage":3,"enemies":"Jaw Worm","floor":2,"turns":5},{"damage":7,"enemies":"Small Slimes","floor":5,"turns":3},{"damage":35,"enemies":"3 Sentries","floor":6,"turns":8},{"damage":3,"enemies":"2 Fungi Beasts","floor":8,"turns":3},{"damage":6,"enemies":"Red Slaver","floor":10,"turns":3},{"damage":33,"enemies":"Lagavulin","floor":11,"turns":5},{"damage":0,"enemies":"Exordium Wildlife","floor":14,"turns":1},{"damage":47,"enemies":"Slime Boss","floor":16,"turns":10},{"damage":21,"enemies":"Chosen","floor":18,"turns":5},{"damage":25,"enemies":"2 Thieves","floor":22,"turns":4},{"damage":44,"enemies":"Gremlin Leader","floor":23,"turns":5}],"seed_played":"-5794268443489931480","potions_obtained":[{"floor":1,"key":"BloodPotion"},{"floor":13,"key":"SneckoOil"},{"floor":13,"key":"SpeedPotion"},{"floor":13,"key":"SmokeBomb"},{"floor":16,"key":"Energy Potion"},{"floor":18,"key":"Ancient Potion"}],"is_trial":false,"path_per_floor":["M","M","$","?","M","E","R","M","T","M","E","R","?","M","R","B",null,"M","$","?","?","M"],"character_chosen":"IRONCLAD","items_purchased":["Shrug It Off","Metallicize"],"campfire_rested":2,"item_purchase_floors":[3,19],"current_hp_per_floor":[80,80,80,80,79,50,50,53,53,53,34,58,58,64,80,39,80,65,65,65,65,46,2],"gold":160,"neow_bonus":"","is_prod":false,"is_daily":false,"chose_seed":false,"campfire_upgraded":1,"win_rate":0.0,"timestamp":1531650680,"path_taken":["M","M","$","?","M","E","R","M","T","M","E","R","?","M","R","BOSS","M","$","?","?","M","E"],"build_version":"2018-07-12","purchased_purges":2,"victory":false,"max_hp_per_floor":[80,80,80,80,80,80,80,80,80,80,80,80,80,80,80,80,80,80,80,80,80,80,80],"card_choices":[{"not_picked":["Infernal Blade","Perfected Strike"],"picked":"Searing Blow","floor":1},{"not_picked":["True Grit","Warcry"],"picked":"Twin Strike","floor":2},{"not_picked":["Disarm","Reckless Charge"],"picked":"Pommel Strike","floor":5},{"not_picked":["Rupture","Warcry"],"picked":"Flex","floor":6},{"not_picked":["Infernal Blade","Thunderclap"],"picked":"Inflame","floor":8},{"not_picked":["Heavy Blade","Impervious"],"picked":"Thunderclap","floor":10},{"not_picked":["Rupture","Burning Pact"],"picked":"Twin Strike","floor":11},{"not_picked":["Impervious","Double Tap"],"picked":"Fiend Fire","floor":16},{"not_picked":["Armaments","Sever Soul"],"picked":"Thunderclap","floor":17},{"not_picked":["Body Slam","Searing Blow"],"picked":"Anger","floor":17},{"not_picked":["Heavy Blade","Fire Breathing"],"picked":"Impervious","floor":17},{"not_picked":["Corruption","Body Slam"],"picked":"Burning Pact","floor":17},{"not_picked":["Corruption","Body Slam"],"picked":"True Grit","floor":17},{"not_picked":["Thunderclap+1","Armaments"],"picked":"Pommel Strike+1","floor":18},{"not_picked":["Perfected Strike+1","Heavy Blade","Clash"],"picked":"SKIP","floor":22}],"player_experience":30141,"relics_obtained":[{"floor":6,"key":"Juzu Bracelet"},{"floor":9,"key":"Bronze Scales"},{"floor":11,"key":"Potion Belt"}],"event_choices":[{"event_name":"Big Fish","player_choice":"Box","floor":4,"damage_taken":0},{"event_name":"The Woman in Blue","player_choice":"Bought 3 Potions","floor":13,"damage_taken":0},{"event_name":"Ghosts","player_choice":"Ignored","floor":20,"damage_taken":0},{"event_name":"Nest","player_choice":"Stole From Cult","floor":21,"damage_taken":0}],"boss_relics":[{"not_picked":["Calling Bell","Runic Pyramid"],"picked":"Orrery"}],"items_purged_floors":[3,19],"is_endless":false,"potions_floor_spawned":[1,14,16,18],"killed_by":"Gremlin Leader","ascension_level":0}