{"gold_per_floor":[367,8,19,37,37,37,48,111,111,111],"floor_reached":10,"playtime":326,"items_purged":[],"score":136,"play_id":"f466ff33-f195-493e-b9cd-fb106407fedd","local_time":"20190623122043","is_ascension_mode":true,"campfire_choices":[{"data":"Bash","floor":6,"key":"SMITH"}],"neow_cost":"TEN_PERCENT_HP_LOSS","seed_source_timestamp":674685343429452,"circlet_count":0,"master_deck":["AscendersBane","Strike_R","Strike_R","Strike_R","Strike_R","Strike_R","Defend_R","Defend_R","Defend_R","Defend_R","Bash+1","Wild Strike","Dropkick","Dropkick","Perfected Strike","Spot Weakness","Headbutt"],"relics":["Burning Blood","Kunai","NlothsMask","Tiny Chest"],"potions_floor_usage":[8],"damage_taken":[{"damage":4,"enemies":"Jaw Worm","floor":1,"turns":5},{"damage":1,"enemies":"Cultist","floor":3,"turns":3},{"damage":15,"enemies":"Small Slimes","floor":4,"turns":4},{"damage":12,"enemies":"Looter","floor":7,"turns":3},{"damage":54,"enemies":"3 Sentries","floor":8,"turns":7},{"damage":20,"enemies":"Lagavulin","floor":10,"turns":2}],"seed_played":"-923397925763578936","potions_obtained":[{"floor":1,"key":"BloodPotion"}],"is_trial":false,"path_per_floor":["M","$","M","M","?","R","M","E","T","E"],"character_chosen":"IRONCLAD","items_purchased":["Kunai","Dropkick"],"campfire_rested":0,"item_purchase_floors":[2,2],"current_hp_per_floor":[68,68,68,59,59,59,53,11,11,0],"gold":111,"neow_bonus":"TWO_FIFTY_GOLD","is_prod":false,"is_daily":false,"chose_seed":false,"campfire_upgraded":1,"win_rate":0,"timestamp":1561288843,"path_taken":["M","$","M","M","?","R","M","E","T","E"],"build_version":"2019-01-23","purchased_purges":0,"victory":false,"max_hp_per_floor":[68,68,68,68,68,68,68,68,68,68],"card_choices":[{"not_picked":["Infernal Blade","Heavy Blade"],"picked":"Wild Strike","floor":1},{"not_picked":["Headbutt","Metallicize"],"picked":"Dropkick","floor":3},{"not_picked":["Clash","Power Through"],"picked":"Perfected Strike","floor":4},{"not_picked":["Clothesline","Havoc"],"picked":"Spot Weakness","floor":7},{"not_picked":["Hemokinesis","Disarm"],"picked":"Headbutt","floor":8}],"player_experience":1629460,"relics_obtained":[{"floor":8,"key":"Tiny Chest"}],"event_choices":[{"damage_healed":0,"gold_gain":0,"player_choice":"Trade","damage_taken":0,"relics_obtained":["NlothsMask"],"max_hp_gain":0,"max_hp_loss":0,"event_name":"FaceTrader","floor":5,"gold_loss":0}],"is_beta":false,"boss_relics":[],"items_purged_floors":[],"is_endless":false,"potions_floor_spawned":[1],"killed_by":"Lagavulin","ascension_level":20}