{"gold_per_floor":[111,111,126,76,23,23,23,23,23,41,51,84,84,96,96,197,197,197,197,197,197,197,197,197,48,48,48,48,48,48,48,48,48],"floor_reached":33,"playtime":681,"items_purged":[],"score":323,"play_id":"fc4e1620-2ec0-4164-a337-bb09a62c4fd2","local_time":"20190418231425","is_ascension_mode":true,"campfire_choices":[{"data":"Shrug It Off","floor":6,"key":"SMITH"},{"data":"Wild Strike","floor":13,"key":"SMITH"},{"floor":15,"key":"REST"},{"floor":24,"key":"REST"},{"data":"Pommel Strike","floor":27,"key":"SMITH"},{"data":"Perfected Strike","floor":32,"key":"SMITH"}],"neow_cost":"NONE","seed_source_timestamp":2264243993990400,"circlet_count":0,"master_deck":["Strike_R+1","Strike_R","Strike_R","Strike_R+1","Defend_R+1","Defend_R+1","Defend_R","Bash","Perfected Strike","Shrug It Off+1","Wild Strike+1","Thunderclap","Perfected Strike","Inflame","Perfected Strike+1","Pommel Strike+1","Pommel Strike+1","Rage+1","Shame"],"relics":["Burning Blood","Unceasing Top","Centennial Puzzle","Singing Bowl","Ectoplasm","War Paint","Anchor","Whetstone","Bottled Lightning","Red Skull"],"potions_floor_usage":[11,12,16,28,30,33],"damage_taken":[{"damage":10,"enemies":"2 Louse","floor":1,"turns":4},{"damage":0,"enemies":"Cultist","floor":3,"turns":3},{"damage":0,"enemies":"Small Slimes","floor":10,"turns":3},{"damage":10,"enemies":"2 Fungi Beasts","floor":11,"turns":3},{"damage":40,"enemies":"Lagavulin","floor":12,"turns":5},{"damage":45,"enemies":"Gremlin Gang","floor":14,"turns":4},{"damage":31,"enemies":"Slime Boss","floor":16,"turns":7},{"damage":12,"enemies":"Chosen","floor":18,"turns":3},{"damage":6,"enemies":"Spheric Guardian","floor":20,"turns":3},{"damage":31,"enemies":"Colosseum Slavers","floor":22,"turns":3},{"damage":40,"enemies":"Gremlin Leader","floor":23,"turns":5},{"damage":0,"enemies":"Snecko","floor":28,"turns":2},{"damage":14,"enemies":"Slavers","floor":30,"turns":5},{"damage":54,"enemies":"Collector","floor":33,"turns":6}],"seed_played":"-3603725554622324207","potions_obtained":[{"floor":1,"key":"PowerPotion"},{"floor":11,"key":"Regen Potion"},{"floor":14,"key":"AttackPotion"},{"floor":23,"key":"Strength Potion"},{"floor":28,"key":"SkillPotion"},{"floor":30,"key":"Dexterity Potion"}],"is_trial":false,"path_per_floor":["M","?","M","?","$","R","?","?","T","M","M","E","R","M","R","B",null,"M","?","M","?","?","E","R","$","T","R","M","$","E","?","R","B"],"character_chosen":"IRONCLAD","items_purchased":["Shrug It Off","Anchor"],"campfire_rested":2,"item_purchase_floors":[5,25],"current_hp_per_floor":[84,84,88,88,88,88,81,81,81,87,83,61,61,22,48,25,90,84,84,86,86,61,27,54,54,54,54,60,60,52,52,52,0],"gold":48,"neow_bonus":"TEN_PERCENT_HP_BONUS","is_prod":false,"is_daily":false,"chose_seed":false,"campfire_upgraded":4,"win_rate":0,"timestamp":1555618465,"path_taken":["M","?","?","?","$","R","?","?","T","M","?","E","R","M","R","BOSS","M","?","M","?","?","E","R","$","T","R","M","?","E","?","R","BOSS"],"build_version":"2019-01-23","purchased_purges":0,"victory":false,"max_hp_per_floor":[88,88,88,88,88,88,88,88,88,88,88,88,88,88,88,90,90,90,90,92,92,92,92,92,92,92,92,92,92,92,92,92,92],"card_choices":[{"not_picked":["Sever Soul","Rupture"],"picked":"Clash","floor":1},{"not_picked":["Corruption","Anger"],"picked":"Perfected Strike","floor":3},{"not_picked":["Warcry","Body Slam"],"picked":"Wild Strike","floor":10},{"not_picked":["Rampage","Evolve"],"picked":"Thunderclap","floor":11},{"not_picked":["Clash","Blood for Blood"],"picked":"Perfected Strike","floor":12},{"not_picked":["Rage","Battle Trance"],"picked":"Inflame","floor":14},{"not_picked":["Juggernaut","Impervious","Berserk"],"picked":"Singing Bowl","floor":16},{"not_picked":["Body Slam+1","Flex+1"],"picked":"Perfected Strike","floor":18},{"not_picked":["Havoc","Combust+1","True Grit"],"picked":"Singing Bowl","floor":20},{"not_picked":["Power Through+1","Dual Wield"],"picked":"Pommel Strike","floor":23},{"not_picked":["Blood for Blood","Sword Boomerang"],"picked":"Pommel Strike+1","floor":28},{"not_picked":["Havoc","Headbutt"],"picked":"Rage+1","floor":30}],"player_experience":313622,"relics_obtained":[{"floor":9,"key":"Centennial Puzzle"},{"floor":12,"key":"Singing Bowl"},{"floor":23,"key":"War Paint"},{"floor":26,"key":"Whetstone"},{"floor":30,"key":"Bottled Lightning"}],"event_choices":[{"cards_removed":["Strike_R"],"damage_healed":0,"gold_gain":0,"player_choice":"Offered Basic","damage_taken":0,"max_hp_gain":0,"max_hp_loss":0,"event_name":"Bonfire Elementals","floor":2,"gold_loss":0},{"cards_removed":["Defend_R"],"damage_healed":0,"gold_gain":0,"player_choice":"Card Removal","damage_taken":0,"max_hp_gain":0,"max_hp_loss":0,"event_name":"The Cleric","floor":4,"gold_loss":50},{"damage_healed":0,"gold_gain":0,"player_choice":"Success","damage_taken":7,"relics_obtained":["Unceasing Top"],"max_hp_gain":0,"max_hp_loss":0,"event_name":"Scrap Ooze","floor":7,"gold_loss":0},{"cards_removed":["Clash"],"damage_healed":0,"gold_gain":0,"player_choice":"Card Removal","damage_taken":0,"max_hp_gain":0,"max_hp_loss":0,"event_name":"Wheel of Change","floor":8,"gold_loss":0},{"damage_healed":0,"gold_gain":0,"player_choice":"Ignored","damage_taken":0,"max_hp_gain":0,"max_hp_loss":0,"event_name":"Ghosts","floor":19,"gold_loss":0},{"damage_healed":0,"gold_gain":99,"player_choice":"Stole From Cult","damage_taken":0,"max_hp_gain":0,"max_hp_loss":0,"event_name":"Nest","floor":21,"gold_loss":0},{"damage_healed":0,"gold_gain":0,"player_choice":"Fight","damage_taken":0,"max_hp_gain":0,"max_hp_loss":0,"event_name":"Colosseum","floor":22,"gold_loss":0},{"damage_healed":0,"gold_gain":0,"player_choice":"Fled From Nobs","damage_taken":0,"max_hp_gain":0,"max_hp_loss":0,"event_name":"Colosseum","floor":22,"gold_loss":0},{"damage_healed":0,"gold_gain":0,"player_choice":"Stole Relic","damage_taken":0,"relics_obtained":["Red Skull"],"max_hp_gain":0,"max_hp_loss":0,"event_name":"Addict","floor":31,"gold_loss":0,"cards_obtained":["Shame"]}],"is_beta":false,"boss_relics":[{"not_picked":["Runic Cube","Coffee Dripper"],"picked":"Ectoplasm"}],"items_purged_floors":[],"is_endless":false,"potions_floor_spawned":[1,11,14,23,28,30],"killed_by":"Collector","ascension_level":3}