{"gold_per_floor":[15,15,28,28,43,43,70,87,168,202,127,127,147,164,164,266,266,278,290,290,304,57,57,91,109,133,133,145,145,245,262,262,361,361,377,56,71,71,0,26,26,51,51,51,86,86,131,29,29,29],"floor_reached":51,"playtime":4732,"items_purged":["Strike_R","Strike_R","Strike_R","Defend_R"],"score":906,"play_id":"5945bc83-d2f7-43a0-979e-dadd385990eb","local_time":"20190923005430","is_ascension_mode":true,"campfire_choices":[{"data":"True Grit","floor":6.0,"key":"SMITH"},{"data":"Double Tap","floor":12.0,"key":"SMITH"},{"data":"Bloodletting","floor":15.0,"key":"SMITH"},{"data":"Dark Embrace","floor":23.0,"key":"SMITH"},{"data":"Battle Trance","floor":27.0,"key":"SMITH"},{"data":"Bludgeon","floor":29.0,"key":"SMITH"},{"data":"Immolate","floor":32.0,"key":"SMITH"},{"data":"Uppercut","floor":41.0,"key":"SMITH"},{"data":"Seeing Red","floor":44,"key":"SMITH"},{"data":"Rupture","floor":46,"key":"SMITH"},{"data":"Barricade","floor":49,"key":"SMITH"}],"neow_cost":"NO_GOLD","seed_source_timestamp":108429392720800,"circlet_count":0,"master_deck":["Defend_R","Defend_R+1","Defend_R","Bash","Shockwave+1","Dark Embrace+1","True Grit+1","Bloodletting+1","Bludgeon+1","Disarm","Barricade+1","Seeing Red+1","Double Tap+1","Uppercut+1","Inflame","Immolate+1","True Grit+1","Flame Barrier","Necronomicurse","Battle Trance+1","Twin Strike+1","Burning Pact+1","Rupture+1","Limit Break+1","Sentinel+1","Warcry+1","Secret Weapon+1","Ghostly Armor+1","Headbutt+1","Metallicize+1","Entrench+1"],"special_seed":0,"relics":["Burning Blood","Magic Flower","Red Skull","Kunai","Ancient Tea Set","Black Star","Necronomicon","War Paint","Bronze Scales","Bottled Lightning","PreservedInsect","Bird Faced Urn","Toxic Egg 2","Runic Cube","Sling","Red Mask","Molten Egg 2","Thread and Needle","Strawberry","Smiling Mask","Frozen Egg 2","Nunchaku","Ornamental Fan","Peace Pipe"],"potions_floor_usage":[42,50],"damage_taken":[{"damage":12.0,"enemies":"Jaw Worm","floor":1.0,"turns":4.0},{"damage":2.0,"enemies":"Cultist","floor":3.0,"turns":5.0},{"damage":13.0,"enemies":"2 Louse","floor":5.0,"turns":3.0},{"damage":13.0,"enemies":"Lagavulin","floor":7.0,"turns":7.0},{"damage":12.0,"enemies":"2 Fungi Beasts","floor":8.0,"turns":6.0},{"damage":32.0,"enemies":"3 Sentries","floor":10.0,"turns":8.0},{"damage":0.0,"enemies":"Looter","floor":13.0,"turns":1.0},{"damage":12.0,"enemies":"Large Slime","floor":14.0,"turns":3.0},{"damage":34.0,"enemies":"The Guardian","floor":16.0,"turns":8.0},{"damage":14.0,"enemies":"2 Thieves","floor":18.0,"turns":3.0},{"damage":11.0,"enemies":"Chosen","floor":19.0,"turns":5.0},{"damage":28.0,"enemies":"Shelled Parasite and Fungi","floor":21.0,"turns":5.0},{"damage":0.0,"enemies":"Gremlin Leader","floor":24.0,"turns":2.0},{"damage":15.0,"enemies":"Snake Plant","floor":25.0,"turns":2.0},{"damage":0.0,"enemies":"Centurion and Healer","floor":28.0,"turns":2.0},{"damage":19.0,"enemies":"Colosseum Slavers","floor":30.0,"turns":3.0},{"damage":3.0,"enemies":"Colosseum Nobs","floor":30.0,"turns":2.0},{"damage":4.0,"enemies":"3 Cultists","floor":31.0,"turns":3.0},{"damage":24.0,"enemies":"Collector","floor":33.0,"turns":5.0},{"damage":16.0,"enemies":"3 Darklings","floor":35.0,"turns":2.0},{"damage":22.0,"enemies":"3 Shapes","floor":37.0,"turns":5.0},{"damage":14.0,"enemies":"Reptomancer","floor":40.0,"turns":4.0},{"damage":26,"enemies":"Nemesis","floor":42,"turns":3},{"damage":3,"enemies":"Giant Head","floor":45,"turns":4},{"damage":3,"enemies":"2 Orb Walkers","floor":47,"turns":3},{"damage":37,"enemies":"Awakened One","floor":50,"turns":12}],"seed_played":"7087106334942999128","potions_obtained":[{"floor":3.0,"key":"FearPotion"},{"floor":5.0,"key":"SpeedPotion"},{"floor":13.0,"key":"Block Potion"},{"floor":16.0,"key":"Explosive Potion"},{"floor":19.0,"key":"BloodPotion"},{"floor":21.0,"key":"BloodPotion"},{"floor":42,"key":"Poison Potion"}],"is_trial":false,"path_per_floor":["M","?","M","?","M","R","E","M","T","E","$","R","M","M","R","B",null,"M","M","?","M","$","R","E","M","T","R","M","R","?","M","R","B",null,"M","$","M","?","?","E","R","E","T","R","E","R","?","$","R","B",null],"character_chosen":"IRONCLAD","items_purchased":["War Paint","Sling","PowerPotion"],"campfire_rested":0,"item_purchase_floors":[22,36,48],"current_hp_per_floor":[74,74,80,80,76,76,72,69,69,46,46,46,55,52,52,27,80,75,73,57,38,38,38,47,41,41,41,50,50,46,57,57,45,80,73,73,69,69,69,67,67,57,57,57,69,69,84,84,84,74],"gold":29,"neow_bonus":"TRANSFORM_TWO_CARDS","is_prod":false,"is_daily":false,"chose_seed":false,"campfire_upgraded":11,"win_rate":0,"timestamp":1569192870,"path_taken":["M","?","?","?","M","R","E","M","T","E","?","R","M","M","R","BOSS","M","M","?","M","$","R","E","M","T","R","M","R","?","M","R","BOSS","M","$","M","?","?","E","R","E","T","R","E","R","?","$","R","BOSS"],"build_version":"2019-07-17","purchased_purges":4,"victory":true,"max_hp_per_floor":[80,80,80,80,80,80,80,80,80,80,80,80,80,80,80,80,80,80,80,80,80,80,80,80,80,80,80,80,80,80,80,80,80,80,80,80,80,80,80,80,80,87,87,87,87,87,87,87,87,87],"card_choices":[{"not_picked":["Body Slam","Infernal Blade"],"picked":"True Grit","floor":1.0},{"not_picked":["Perfected Strike","Cleave"],"picked":"Bloodletting","floor":3.0},{"not_picked":["Clash","True Grit"],"picked":"Disarm","floor":5.0},{"not_picked":["Shrug It Off","Headbutt"],"picked":"Barricade","floor":7.0},{"not_picked":["Disarm","Headbutt"],"picked":"Seeing Red","floor":8.0},{"not_picked":["Rage","Pommel Strike"],"picked":"Double Tap","floor":10.0},{"not_picked":["True Grit","Cleave"],"picked":"Uppercut","floor":13.0},{"not_picked":["Iron Wave","Clash"],"picked":"Inflame","floor":14.0},{"not_picked":["Berserk","Bludgeon"],"picked":"Immolate","floor":16.0},{"not_picked":["Headbutt","Body Slam"],"picked":"True Grit+1","floor":18.0},{"not_picked":["Clothesline","Warcry"],"picked":"Flame Barrier","floor":19.0},{"not_picked":["Infernal Blade","Disarm"],"picked":"Battle Trance","floor":21.0},{"not_picked":["Headbutt","Sword Boomerang","Berserk"],"picked":"SKIP","floor":24.0},{"not_picked":["Headbutt","Sword Boomerang","Berserk"],"picked":"SKIP","floor":24.0},{"not_picked":["True Grit","Bloodletting"],"picked":"Twin Strike+1","floor":25.0},{"not_picked":["Body Slam","Warcry","True Grit"],"picked":"SKIP","floor":28.0},{"not_picked":["Headbutt","Armaments"],"picked":"Burning Pact+1","floor":30.0},{"not_picked":["Evolve","Perfected Strike"],"picked":"Rupture","floor":31.0},{"not_picked":["Juggernaut","Bludgeon"],"picked":"Limit Break+1","floor":33.0},{"not_picked":["Twin Strike+1","Clash+1"],"picked":"Sentinel+1","floor":35.0},{"not_picked":["Clothesline","Twin Strike+1"],"picked":"Warcry+1","floor":37.0},{"not_picked":["Blind+1","Bandage Up+1"],"picked":"Secret Weapon+1","floor":38.0},{"not_picked":["Sword Boomerang","Flex+1"],"picked":"Ghostly Armor+1","floor":40.0},{"not_picked":["Cleave+1","Intimidate+1"],"picked":"Headbutt+1","floor":42},{"not_picked":["Iron Wave+1","Power Through+1"],"picked":"Metallicize+1","floor":45},{"not_picked":["Clothesline+1","Perfected Strike+1"],"picked":"Entrench+1","floor":47}],"player_experience":152610,"relics_obtained":[{"floor":2.0,"key":"Magic Flower"},{"floor":7.0,"key":"Red Skull"},{"floor":9.0,"key":"Kunai"},{"floor":10.0,"key":"Ancient Tea Set"},{"floor":20.0,"key":"Necronomicon"},{"floor":24.0,"key":"Bronze Scales"},{"floor":24.0,"key":"Bottled Lightning"},{"floor":26.0,"key":"PreservedInsect"},{"floor":30.0,"key":"Bird Faced Urn"},{"floor":30.0,"key":"Toxic Egg 2"},{"floor":40.0,"key":"Molten Egg 2"},{"floor":40.0,"key":"Thread and Needle"},{"floor":42,"key":"Strawberry"},{"floor":42,"key":"Smiling Mask"},{"floor":43,"key":"Frozen Egg 2"},{"floor":45,"key":"Nunchaku"},{"floor":45,"key":"Ornamental Fan"},{"floor":47,"key":"Peace Pipe"}],"event_choices":[{"damage_healed":0.0,"max_hp_gain":0.0,"max_hp_loss":0.0,"gold_gain":0.0,"event_name":"Wheel of Change","player_choice":"Relic","floor":2.0,"gold_loss":0.0,"damage_taken":0.0},{"damage_healed":0.0,"max_hp_gain":0.0,"max_hp_loss":0.0,"gold_gain":0.0,"event_name":"Match and Keep!","player_choice":"1 cards matched","floor":4.0,"gold_loss":0.0,"damage_taken":0.0,"cards_obtained":["Bludgeon"]},{"damage_healed":0.0,"max_hp_gain":0.0,"max_hp_loss":0.0,"gold_gain":0.0,"event_name":"Cursed Tome","player_choice":"Obtained Book","floor":20.0,"gold_loss":0.0,"damage_taken":16.0},{"damage_healed":0.0,"max_hp_gain":0.0,"max_hp_loss":0.0,"gold_gain":0.0,"event_name":"Colosseum","player_choice":"Fight","floor":30.0,"gold_loss":0.0,"damage_taken":0.0},{"damage_healed":0.0,"max_hp_gain":0.0,"max_hp_loss":0.0,"gold_gain":0.0,"event_name":"Colosseum","player_choice":"Fought Nobs","floor":30.0,"gold_loss":0.0,"damage_taken":0.0},{"damage_healed":0.0,"max_hp_gain":0.0,"max_hp_loss":0.0,"gold_gain":0.0,"event_name":"SensoryStone","player_choice":"Memory 1","floor":38.0,"gold_loss":0.0,"damage_taken":0.0},{"damage_healed":0.0,"max_hp_gain":0.0,"max_hp_loss":0.0,"gold_gain":0.0,"event_name":"Tomb of Lord Red Mask","player_choice":"Paid","floor":39.0,"gold_loss":71.0,"damage_taken":0.0,"relics_obtained":["Red Mask"]},{"damage_healed":0,"gold_gain":0,"player_choice":"Fight","damage_taken":0,"max_hp_gain":0,"max_hp_loss":0,"event_name":"Mysterious Sphere","floor":47,"gold_loss":0}],"is_beta":false,"boss_relics":[{"not_picked":["Runic Dome","Pandora\u0027s Box"],"picked":"Black Star"},{"not_picked":["White Beast Statue","Calling Bell"],"picked":"Runic Cube"}],"items_purged_floors":[11,22,36,48],"is_endless":false,"potions_floor_spawned":[3,5,13,16,19,21,28,33,42],"ascension_level":3}