{"gold_per_floor":[115,129,129,304,229,264,264,290,290,257,271,303,316,327,327,426,426,436,449,461,481,493,523,523,423,475,475,475,493,408,443,443,546,546,566,566,213,213,100,31,46,46,46,46,46,60,60,60,60,60],"floor_reached":51,"playtime":3948,"items_purged":["Doubt","Parasite","Pain"],"score":814,"play_id":"2435cc95-53bd-43df-a899-9a6d8e8fe8df","local_time":"20191009064403","is_ascension_mode":true,"campfire_choices":[{"floor":7.0,"key":"REST"},{"data":"Skewer","floor":15.0,"key":"SMITH"},{"floor":24,"key":"REST"},{"data":"Die Die Die","floor":28,"key":"SMITH"},{"floor":32,"key":"REST"},{"data":"A Thousand Cuts","floor":42,"key":"SMITH"},{"data":"Noxious Fumes","floor":45,"key":"SMITH"},{"data":"PiercingWail","floor":49,"key":"SMITH"}],"neow_cost":"NONE","seed_source_timestamp":32277482093600,"circlet_count":0,"master_deck":["Strike_G+1","Defend_G+1","Defend_G+1","Defend_G+1","Defend_G+1","Defend_G+1","Survivor+1","Neutralize","Skewer+1","Leg Sweep","Dagger Throw","After Image","Backflip","PiercingWail","Die Die Die+1","Flechettes+1","Doppelganger+1","Sucker Punch+1","Backstab","PiercingWail+1","Dodge and Roll","Deflect+1","Deadly Poison","Poisoned Stab","A Thousand Cuts+1","Terror+1","Blur","Backflip","Poisoned Stab","Noxious Fumes+1","Crippling Poison","Caltrops"],"special_seed":0,"relics":["Cursed Key","Sundial","Ornamental Fan","Letter Opener","Singing Bowl","Astrolabe","Darkstone Periapt","Juzu Bracelet","Happy Flower","Pen Nib","Eternal Feather"],"potions_floor_usage":[29,31,33,35,50,50,50],"damage_taken":[{"damage":1.0,"enemies":"Jaw Worm","floor":1.0,"turns":4.0},{"damage":4.0,"enemies":"Small Slimes","floor":2.0,"turns":4.0},{"damage":22.0,"enemies":"3 Sentries","floor":6.0,"turns":8.0},{"damage":15.0,"enemies":"Lagavulin","floor":8.0,"turns":8.0},{"damage":0.0,"enemies":"2 Louse","floor":11.0,"turns":2.0},{"damage":0.0,"enemies":"3 Sentries","floor":12.0,"turns":10.0},{"damage":0.0,"enemies":"Lots of Slimes","floor":13.0,"turns":5.0},{"damage":0.0,"enemies":"Exordium Wildlife","floor":14.0,"turns":3.0},{"damage":6.0,"enemies":"Hexaghost","floor":16.0,"turns":12.0},{"damage":6.0,"enemies":"2 Thieves","floor":18.0,"turns":5.0},{"damage":1.0,"enemies":"Shell Parasite","floor":19.0,"turns":5.0},{"damage":14.0,"enemies":"Shelled Parasite and Fungi","floor":20.0,"turns":4.0},{"damage":16.0,"enemies":"3 Cultists","floor":21.0,"turns":5.0},{"damage":8.0,"enemies":"Centurion and Healer","floor":22.0,"turns":9.0},{"damage":1,"enemies":"Gremlin Leader","floor":23,"turns":7},{"damage":13,"enemies":"Snake Plant","floor":29,"turns":7},{"damage":14,"enemies":"Book of Stabbing","floor":31,"turns":7},{"damage":44,"enemies":"Champ","floor":33,"turns":16},{"damage":1,"enemies":"Orb Walker","floor":35,"turns":3},{"damage":2,"enemies":"3 Shapes","floor":41,"turns":4},{"damage":15,"enemies":"3 Darklings","floor":46,"turns":4},{"damage":37,"enemies":"Donu and Deca","floor":50,"turns":11}],"seed_played":"9072037800750319095","potions_obtained":[{"floor":8.0,"key":"Weak Potion"},{"floor":12.0,"key":"Strength Potion"},{"floor":13.0,"key":"Explosive Potion"},{"floor":19.0,"key":"GamblersBrew"},{"floor":22.0,"key":"Weak Potion"},{"floor":23,"key":"SpeedPotion"},{"floor":31,"key":"Poison Potion"},{"floor":41,"key":"Poison Potion"},{"floor":46,"key":"Block Potion"}],"is_trial":false,"path_per_floor":["M","M","?","?","$","E","R","E","T","?","M","E","M","M","R","B",null,"M","M","M","M","M","E","R","$","T","?","R","M","?","E","R","B",null,"M","?","$","?","$","$","M","R","T","?","R","M","?","T","R","B",null],"character_chosen":"THE_SILENT","items_purchased":["Blur","Backflip","Poisoned Stab","Energy Potion","Noxious Fumes","Crippling Poison","Caltrops"],"campfire_rested":3,"item_purchase_floors":[37,37,37,37,39,39,40],"current_hp_per_floor":[69,65,51,51,51,29,50,35,35,35,35,35,35,35,35,29,70,66,65,51,37,29,28,50,50,56,56,56,43,43,29,52,8,77,76,76,76,76,76,76,76,79,79,79,79,66,66,66,81,44],"gold":60,"neow_bonus":"BOSS_RELIC","is_prod":false,"is_daily":false,"chose_seed":false,"campfire_upgraded":5,"win_rate":0,"timestamp":1570596243,"path_taken":["M","M","?","?","$","E","R","E","T","?","M","E","M","M","R","BOSS","M","M","M","M","M","E","R","$","T","?","R","M","?","E","R","BOSS","M","?","$","?","?","$","M","R","T","?","R","M","?","?","R","BOSS"],"build_version":"2019-07-17","purchased_purges":3,"victory":true,"max_hp_per_floor":[70,70,70,70,70,70,70,70,70,70,70,70,70,70,70,70,70,72,72,72,74,74,74,74,71,77,77,77,77,77,77,77,77,77,77,77,77,77,77,77,79,79,79,79,79,81,81,81,81,81],"card_choices":[{"not_picked":["Dagger Throw","Deadly Poison"],"picked":"Skewer","floor":1.0},{"not_picked":["Escape Plan","Acrobatics"],"picked":"Backstab","floor":2.0},{"not_picked":["Dagger Throw","Eviscerate"],"picked":"Leg Sweep","floor":6.0},{"not_picked":["Cloak And Dagger","Flying Knee","Eviscerate"],"picked":"SKIP","floor":8.0},{"not_picked":["Acrobatics","Distraction"],"picked":"Dagger Throw","floor":11.0},{"not_picked":["Heel Hook","Bouncing Flask"],"picked":"After Image","floor":12.0},{"not_picked":["Dodge and Roll","Flying Knee"],"picked":"Backflip","floor":13.0},{"not_picked":["Dagger Throw","Outmaneuver"],"picked":"PiercingWail","floor":14.0},{"not_picked":["Phantasmal Killer","Doppelganger"],"picked":"Die Die Die","floor":16.0},{"not_picked":["Underhanded Strike","Skewer","Quick Slash"],"picked":"Singing Bowl","floor":18.0},{"not_picked":["Quick Slash","Flying Knee"],"picked":"Backstab","floor":19.0},{"not_picked":["Envenom","All Out Attack+1"],"picked":"PiercingWail","floor":20.0},{"not_picked":["Blade Dance+1","Underhanded Strike","Flying Knee"],"picked":"Singing Bowl","floor":21.0},{"not_picked":["Poisoned Stab","Sucker Punch"],"picked":"Dodge and Roll","floor":22.0},{"not_picked":["Flechettes","Finisher"],"picked":"Deflect+1","floor":23},{"not_picked":["PiercingWail+1","Backflip"],"picked":"Deadly Poison","floor":29},{"not_picked":["Backstab","Burst"],"picked":"Poisoned Stab","floor":31},{"not_picked":["Glass Knife","Storm of Steel"],"picked":"A Thousand Cuts","floor":33},{"not_picked":["Acrobatics+1","Outmaneuver"],"picked":"Terror+1","floor":35},{"not_picked":["Eviscerate+1","Deadly Poison","Quick Slash"],"picked":"Singing Bowl","floor":41},{"not_picked":["Flying Knee+1","Slice","Backstab+1"],"picked":"Singing Bowl","floor":46}],"player_experience":223077,"relics_obtained":[{"floor":6.0,"key":"Sundial"},{"floor":8.0,"key":"Ornamental Fan"},{"floor":9.0,"key":"Letter Opener"},{"floor":12.0,"key":"Singing Bowl"},{"floor":23,"key":"Darkstone Periapt"},{"floor":26,"key":"Juzu Bracelet"},{"floor":31,"key":"Pen Nib"}],"event_choices":[{"damage_healed":0.0,"max_hp_gain":0.0,"max_hp_loss":0.0,"gold_gain":0.0,"event_name":"Shining Light","player_choice":"Entered Light","floor":3.0,"gold_loss":0.0,"damage_taken":14.0,"cards_upgraded":["Survivor","Defend_G"]},{"damage_healed":0.0,"max_hp_gain":0.0,"max_hp_loss":0.0,"gold_gain":175.0,"event_name":"Liars Game","player_choice":"AGREE","floor":4.0,"gold_loss":0.0,"damage_taken":0.0,"cards_obtained":["Doubt"]},{"damage_healed":0.0,"max_hp_gain":0.0,"max_hp_loss":0.0,"gold_gain":0.0,"event_name":"World of Goop","player_choice":"Left Gold","floor":10.0,"gold_loss":33.0,"damage_taken":0.0},{"damage_healed":0,"gold_gain":0,"player_choice":"Simplicity","damage_taken":0,"max_hp_gain":0,"max_hp_loss":0,"event_name":"Back to Basics","floor":27,"gold_loss":0,"cards_upgraded":["Strike_G","Strike_G","Defend_G","Defend_G","Defend_G","Defend_G"]},{"damage_healed":0,"gold_gain":0,"player_choice":"Obtained Relic","damage_taken":0,"relics_obtained":["Happy Flower"],"max_hp_gain":0,"max_hp_loss":0,"event_name":"Addict","floor":30,"gold_loss":85},{"damage_healed":0,"gold_gain":0,"player_choice":"Ignored","damage_taken":0,"max_hp_gain":0,"max_hp_loss":0,"event_name":"Tomb of Lord Red Mask","floor":36,"gold_loss":0},{"damage_healed":0,"gold_gain":0,"player_choice":"Ignored","damage_taken":0,"max_hp_gain":0,"max_hp_loss":0,"event_name":"Mysterious Sphere","floor":38,"gold_loss":0},{"cards_removed":["Strike_G"],"damage_healed":0,"gold_gain":0,"player_choice":"Offered Basic","damage_taken":0,"max_hp_gain":0,"max_hp_loss":0,"event_name":"Bonfire Elementals","floor":44,"gold_loss":0},{"cards_removed":["Backstab"],"damage_healed":0,"gold_gain":0,"player_choice":"Removed Attack","damage_taken":0,"max_hp_gain":0,"max_hp_loss":0,"event_name":"Falling","floor":47,"gold_loss":0}],"is_beta":false,"boss_relics":[{"not_picked":["Coffee Dripper","Velvet Choker"],"picked":"Astrolabe"},{"not_picked":["Runic Dome","Snecko Eye"],"picked":"Eternal Feather"}],"items_purged_floors":[5,25,37],"is_endless":false,"potions_floor_spawned":[8,12,13,14,19,22,23,31,41,46],"ascension_level":4}