{"gold_per_floor":[118,6,81,97,97,97,116,116,116,148,16,16,35,79,79,200,200,216,229,229,229,250,250,275,308,333,458,458,502,527,134,134,263,263,281,305,305,638,157,182,200,228,228,176,189,189,209,241,241,241,241,241,0,32,32],"floor_reached":55,"playtime":3264,"items_purged":["Strike_G","Writhe","Defend_G","Bite"],"score":1077,"play_id":"059cab70-bf05-4c19-9e36-9cf0c7b41262","local_time":"20190929121955","is_ascension_mode":true,"campfire_choices":[{"data":"Noxious Fumes","floor":6,"key":"SMITH"},{"data":"Deadly Poison","floor":8,"key":"SMITH"},{"data":"Noxious Fumes","floor":15,"key":"SMITH"},{"data":"Caltrops","floor":23,"key":"SMITH"},{"data":"Well Laid Plans","floor":28,"key":"SMITH"},{"data":"Leg Sweep","floor":32,"key":"SMITH"},{"floor":46,"key":"RECALL"},{"data":"Adrenaline","floor":49,"key":"SMITH"},{"data":"Night Terror","floor":52,"key":"SMITH"}],"neow_cost":"PERCENT_DAMAGE","seed_source_timestamp":67529788859299,"circlet_count":0,"master_deck":["Defend_G","Defend_G","Defend_G","Defend_G","Survivor","Neutralize","Corpse Explosion","Caltrops+1","Noxious Fumes+1","Deadly Poison+1","PiercingWail","Noxious Fumes+1","Well Laid Plans+1","Leg Sweep+1","Adrenaline+1","Dagger Spray+1","Dodge and Roll+1","Bite","Bite","Bite","Bite","Dodge and Roll+1","Expertise","Escape Plan+1","Night Terror+1","Deadly Poison+1","Backflip","Footwork+1","Acrobatics","Acrobatics+1","Blade Dance+1","Dash+1","Calculated Gamble+1"],"relics":["Ring of the Snake","Ninja Scroll","Oddly Smooth Stone","Centennial Puzzle","Philosopher\u0027s Stone","Pantograph","Lantern","StoneCalendar","Singing Bowl","Gremlin Horn","Snake Skull","Bag of Marbles","Sozu","Strange Spoon","Anchor","The Courier","StrikeDummy","Kunai","Bag of Preparation","Pen Nib","Sling","Bronze Scales"],"potions_floor_usage":[14,25,27,27,27,33,47],"damage_taken":[{"damage":0,"enemies":"Small Slimes","floor":1,"turns":3},{"damage":0,"enemies":"2 Louse","floor":4,"turns":3},{"damage":0,"enemies":"Cultist","floor":7,"turns":3},{"damage":13,"enemies":"Lagavulin","floor":10,"turns":6},{"damage":0,"enemies":"Blue Slaver","floor":13,"turns":4},{"damage":0,"enemies":"3 Sentries","floor":14,"turns":3},{"damage":0,"enemies":"The Guardian","floor":16,"turns":7},{"damage":0,"enemies":"3 Byrds","floor":18,"turns":4},{"damage":16,"enemies":"Spheric Guardian","floor":19,"turns":4},{"damage":8,"enemies":"Snake Plant","floor":22,"turns":4},{"damage":2,"enemies":"Centurion and Healer","floor":24,"turns":6},{"damage":18,"enemies":"Slavers","floor":25,"turns":2},{"damage":0,"enemies":"Colosseum Slavers","floor":27,"turns":3},{"damage":10,"enemies":"Colosseum Nobs","floor":27,"turns":3},{"damage":0,"enemies":"Gremlin Leader","floor":29,"turns":7},{"damage":1,"enemies":"Shelled Parasite and Fungi","floor":30,"turns":5},{"damage":8,"enemies":"Champ","floor":33,"turns":10},{"damage":0,"enemies":"3 Darklings","floor":35,"turns":3},{"damage":0,"enemies":"3 Shapes","floor":36,"turns":4},{"damage":6,"enemies":"Giant Head","floor":40,"turns":8},{"damage":0,"enemies":"Sphere and 2 Shapes","floor":41,"turns":4},{"damage":18,"enemies":"Nemesis","floor":42,"turns":7},{"damage":0,"enemies":"4 Shapes","floor":45,"turns":4},{"damage":0,"enemies":"Writhing Mass","floor":47,"turns":6},{"damage":0,"enemies":"Reptomancer","floor":48,"turns":5},{"damage":0,"enemies":"Awakened One","floor":50,"turns":15},{"damage":0,"enemies":"Shield and Spear","floor":54,"turns":5},{"damage":59,"enemies":"The Heart","floor":55,"turns":5}],"seed_played":"536924859209325502","potions_obtained":[{"floor":4,"key":"Fire Potion"},{"floor":13,"key":"GamblersBrew"},{"floor":19,"key":"Explosive Potion"},{"floor":25,"key":"Swift Potion"},{"floor":29,"key":"Energy Potion"},{"floor":30,"key":"CunningPotion"}],"is_trial":false,"path_per_floor":["M","$","?","M","?","R","M","R","T","E","$","?","M","E","R","B",null,"M","M","?","?","M","R","M","E","T","?","R","E","M","$","R","B",null,"M","M","?","?","$","E","M","E","T","?","M","R","M","E","R","B",null,"R","$","E","B"],"character_chosen":"THE_SILENT","items_purchased":["Noxious Fumes","Well Laid Plans","Block Potion","Snake Skull","Bag of Marbles","Backflip","Strange Spoon","Anchor","Sling"],"campfire_rested":0,"item_purchase_floors":[2,11,11,31,31,39,39,39,53],"current_hp_per_floor":[49,49,38,38,38,38,38,38,38,25,25,25,25,25,25,25,65,65,49,45,45,43,43,45,29,29,35,35,45,49,49,49,41,49,49,51,51,51,51,47,51,41,41,41,49,49,53,53,53,53,53,53,53,53,0],"gold":32,"neow_bonus":"THREE_RARE_CARDS","is_prod":false,"is_daily":false,"chose_seed":false,"campfire_upgraded":8,"win_rate":0,"timestamp":1569755995,"path_taken":["M","$","?","M","?","R","?","R","T","E","$","?","M","E","R","BOSS","M","M","?","?","M","R","M","E","T","?","R","E","M","$","R","BOSS","M","M","?","?","$","E","M","E","T","?","?","R","M","E","R","BOSS","R","$","E","BOSS"],"build_version":"2019-09-27","purchased_purges":4,"victory":false,"max_hp_per_floor":[70,70,70,70,70,70,70,70,70,70,70,65,65,65,65,65,65,65,65,45,45,45,45,45,45,45,47,47,47,49,49,49,49,49,49,51,51,51,51,51,51,53,53,53,53,53,53,53,53,53,53,53,53,53,53],"card_choices":[{"not_picked":["Grand Finale","Doppelganger"],"picked":"Corpse Explosion","floor":0},{"not_picked":["Acrobatics","Dagger Spray"],"picked":"Caltrops","floor":1},{"not_picked":["Dagger Spray","Eviscerate"],"picked":"Deadly Poison","floor":4},{"not_picked":["Slice","Deflect"],"picked":"PiercingWail","floor":7},{"not_picked":["Flying Knee","Expertise"],"picked":"Noxious Fumes","floor":10},{"not_picked":["Flying Knee","Setup"],"picked":"Leg Sweep","floor":13},{"not_picked":["Endless Agony","Setup","Dagger Throw"],"picked":"SKIP","floor":14},{"not_picked":["Phantasmal Killer","Glass Knife"],"picked":"Adrenaline","floor":16},{"not_picked":["Poisoned Stab","Slice"],"picked":"Dagger Spray+1","floor":18},{"not_picked":["Blade Dance+1","PiercingWail"],"picked":"Dodge and Roll+1","floor":19},{"not_picked":["Concentrate","PiercingWail+1"],"picked":"Dodge and Roll+1","floor":22},{"not_picked":["Slice","Dagger Spray+1","Setup"],"picked":"SKIP","floor":24},{"not_picked":["Underhanded Strike+1","Dagger Throw"],"picked":"Expertise","floor":25},{"not_picked":["Riddle With Holes","Sucker Punch","PiercingWail"],"picked":"Singing Bowl","floor":27},{"not_picked":["Backflip","Leg Sweep"],"picked":"Escape Plan+1","floor":29},{"not_picked":["Deadly Poison","PiercingWail","Cloak And Dagger+1"],"picked":"Singing Bowl","floor":30},{"not_picked":["A Thousand Cuts","Phantasmal Killer"],"picked":"Night Terror","floor":33},{"not_picked":["Flechettes+1","Prepared+1"],"picked":"Deadly Poison+1","floor":35},{"not_picked":["Choke","Dodge and Roll+1","Cloak And Dagger"],"picked":"Singing Bowl","floor":36},{"not_picked":["Masterful Stab+1","Sucker Punch+1"],"picked":"Footwork+1","floor":40},{"not_picked":["Cloak And Dagger+1","Backflip"],"picked":"Acrobatics","floor":41},{"not_picked":["Well Laid Plans","All Out Attack+1","Corpse Explosion"],"picked":"Singing Bowl","floor":42},{"not_picked":["Outmaneuver+1","Deflect+1"],"picked":"Acrobatics+1","floor":45},{"not_picked":["Crippling Poison","Prepared"],"picked":"Blade Dance+1","floor":47},{"not_picked":["Bane+1","Accuracy"],"picked":"Dash+1","floor":48},{"not_picked":["Reflex","Blur"],"picked":"Calculated Gamble+1","floor":54}],"player_experience":1583204,"relics_obtained":[{"floor":9,"key":"Ninja Scroll"},{"floor":10,"key":"Oddly Smooth Stone"},{"floor":14,"key":"Centennial Puzzle"},{"floor":25,"key":"Lantern"},{"floor":27,"key":"StoneCalendar"},{"floor":27,"key":"Singing Bowl"},{"floor":29,"key":"Gremlin Horn"},{"floor":40,"key":"The Courier"},{"floor":42,"key":"StrikeDummy"},{"floor":43,"key":"Kunai"},{"floor":48,"key":"Pen Nib"},{"floor":54,"key":"Bronze Scales"}],"event_choices":[{"damage_healed":0,"gold_gain":75,"player_choice":"Gather Gold","damage_taken":11,"max_hp_gain":0,"max_hp_loss":0,"event_name":"World of Goop","floor":3,"gold_loss":0},{"cards_removed":["Strike_G"],"damage_healed":0,"gold_gain":0,"player_choice":"Offered Basic","damage_taken":0,"max_hp_gain":0,"max_hp_loss":0,"event_name":"Bonfire Elementals","floor":5,"gold_loss":0},{"damage_healed":0,"gold_gain":0,"player_choice":"Lose Max HP","damage_taken":0,"relics_obtained":["Golden Idol"],"max_hp_gain":0,"max_hp_loss":5,"event_name":"Golden Idol","floor":12,"gold_loss":0},{"damage_healed":0,"gold_gain":0,"player_choice":"Became a vampire","damage_taken":0,"max_hp_gain":0,"max_hp_loss":20,"event_name":"Vampires","floor":20,"gold_loss":0,"cards_obtained":["Bite","Bite","Bite","Bite","Bite"]},{"damage_healed":0,"gold_gain":0,"player_choice":"Opened","damage_taken":0,"relics_obtained":["Pantograph"],"max_hp_gain":0,"max_hp_loss":0,"event_name":"The Mausoleum","floor":21,"gold_loss":0,"cards_obtained":["Writhe"]},{"damage_healed":0,"gold_gain":0,"player_choice":"Fight","damage_taken":0,"max_hp_gain":0,"max_hp_loss":0,"event_name":"Colosseum","floor":27,"gold_loss":0},{"damage_healed":0,"gold_gain":0,"player_choice":"Fought Nobs","damage_taken":0,"max_hp_gain":0,"max_hp_loss":0,"event_name":"Colosseum","floor":27,"gold_loss":0},{"damage_healed":0,"gold_gain":0,"player_choice":"Ignored","damage_taken":0,"max_hp_gain":0,"max_hp_loss":0,"event_name":"Tomb of Lord Red Mask","floor":37,"gold_loss":0},{"damage_healed":0,"gold_gain":333,"player_choice":"Gave Idol","damage_taken":0,"max_hp_gain":0,"max_hp_loss":0,"event_name":"The Moai Head","floor":38,"relics_lost":["Golden Idol"],"gold_loss":0},{"damage_healed":0,"gold_gain":0,"player_choice":"Paid Gold","damage_taken":0,"relics_obtained":["Bag of Preparation"],"max_hp_gain":0,"max_hp_loss":0,"event_name":"WeMeetAgain","floor":44,"gold_loss":52}],"is_beta":true,"boss_relics":[{"not_picked":["WristBlade","HoveringKite"],"picked":"Philosopher\u0027s Stone"},{"not_picked":["Calling Bell","Pandora\u0027s Box"],"picked":"Sozu"}],"items_purged_floors":[2,31,39,53],"is_endless":false,"potions_floor_spawned":[4,13,19,25,27,29,30,40,42,47,48],"killed_by":"The Heart","ascension_level":1}