{"gold_per_floor":[116,136,136,151,7,7,21,21,48,80,97,126,126,26,26,131,131,145,158,27,46,93,93,192,192,192,224,238,238,268,283,283,383,383,397,397,409,150,0,0,100,100,100,100,100,117,128,160,160,160],"floor_reached":50,"playtime":2560,"items_purged":["Strike_B","Strike_B","Strike_B"],"score":673,"play_id":"94d49282-5e5d-43db-9b7e-b02a575f71f5","local_time":"20190823134705","is_ascension_mode":true,"campfire_choices":[{"data":"Melter","floor":6,"key":"SMITH"},{"data":"Coolheaded","floor":8,"key":"SMITH"},{"data":"Fusion","floor":13,"key":"SMITH"},{"floor":15,"key":"REST"},{"data":"Defragment","floor":23,"key":"SMITH"},{"floor":25,"key":"REST"},{"floor":29,"key":"REST"},{"data":"Echo Form","floor":32,"key":"SMITH"},{"data":"Impatience","floor":40,"key":"SMITH"},{"floor":42,"key":"DIG"},{"floor":49,"key":"RECALL"}],"neow_cost":"TEN_PERCENT_HP_LOSS","seed_source_timestamp":706601008259900,"circlet_count":0,"master_deck":["Defend_B+1","Defend_B","Defend_B","Zap+1","Dualcast","Genetic Algorithm+1","Gash","Fusion+1","Melter+1","Coolheaded+1","Ball Lightning","Creative AI","Echo Form+1","Go for the Eyes","Self Repair","Turbo","Defragment+1","Steam","Gash+1","Gash+1","FTL+1","Impatience+1","Madness","Madness","Recycle+1","Amplify"],"relics":["Cracked Core","Bag of Marbles","Juzu Bracelet","Matryoshka","Runic Pyramid","Sundial","Orichalcum","Smiling Mask","Symbiotic Virus","Boot","Strawberry","Black Star","Red Mask","Shovel","War Paint","Regal Pillow","Meat on the Bone"],"potions_floor_usage":[7,10,12,16,30,30,37,46,50,50],"damage_taken":[{"damage":7,"enemies":"Jaw Worm","floor":1,"turns":3},{"damage":1,"enemies":"Cultist","floor":2,"turns":3},{"damage":0,"enemies":"2 Louse","floor":4,"turns":3},{"damage":0,"enemies":"Looter","floor":7,"turns":2},{"damage":20,"enemies":"Gremlin Nob","floor":10,"turns":3},{"damage":0,"enemies":"2 Fungi Beasts","floor":11,"turns":2},{"damage":19,"enemies":"Lagavulin","floor":12,"turns":6},{"damage":21,"enemies":"Slime Boss","floor":16,"turns":8},{"damage":22,"enemies":"2 Thieves","floor":18,"turns":4},{"damage":4,"enemies":"Shell Parasite","floor":19,"turns":4},{"damage":25,"enemies":"Centurion and Healer","floor":21,"turns":7},{"damage":36,"enemies":"Book of Stabbing","floor":27,"turns":5},{"damage":7,"enemies":"Snecko","floor":28,"turns":6},{"damage":11,"enemies":"Slavers","floor":30,"turns":5},{"damage":2,"enemies":"Cultist and Chosen","floor":31,"turns":6},{"damage":52,"enemies":"Collector","floor":33,"turns":10},{"damage":0,"enemies":"3 Shapes","floor":35,"turns":4},{"damage":16,"enemies":"3 Darklings","floor":37,"turns":6},{"damage":0,"enemies":"Mind Bloom Boss Battle","floor":41,"turns":5},{"damage":7,"enemies":"Transient","floor":46,"turns":5},{"damage":8,"enemies":"4 Shapes","floor":47,"turns":5},{"damage":23,"enemies":"Giant Head","floor":48,"turns":8},{"damage":51,"enemies":"Donu and Deca","floor":50,"turns":3}],"seed_played":"-4501477270774854969","potions_obtained":[{"floor":2,"key":"Regen Potion"},{"floor":4,"key":"Explosive Potion"},{"floor":7,"key":"Swift Potion"},{"floor":11,"key":"SteroidPotion"},{"floor":18,"key":"FocusPotion"},{"floor":19,"key":"Explosive Potion"},{"floor":33,"key":"Fire Potion"},{"floor":37,"key":"Strength Potion"},{"floor":47,"key":"Strength Potion"}],"is_trial":false,"path_per_floor":["M","M","?","M","$","R","M","R","T","E","M","E","R","$","R","B",null,"M","M","$","M","T","R","?","R","T","E","M","R","E","M","R","B",null,"M","?","M","$","?","R","?","R","T","?","?","M","M","E","R","B"],"character_chosen":"DEFECT","items_purchased":["Melter","Turbo","Defragment","Impatience","GamblersBrew","FearPotion"],"campfire_rested":3,"item_purchase_floors":[5,20,20,38,38,38],"current_hp_per_floor":[61,60,60,60,60,60,60,60,60,40,40,21,21,21,41,35,60,38,34,34,23,23,23,23,43,43,21,28,48,58,70,70,25,63,75,75,73,73,73,73,75,75,75,66,66,66,65,49,49,0],"gold":160,"neow_bonus":"REMOVE_TWO","is_prod":false,"is_daily":false,"chose_seed":false,"campfire_upgraded":6,"win_rate":0,"timestamp":1566564425,"path_taken":["M","M","?","M","$","R","?","R","T","E","M","E","R","?","R","BOSS","M","M","$","M","?","R","?","R","T","E","M","R","E","M","R","BOSS","M","?","M","$","?","R","?","R","T","?","?","M","M","E","R","BOSS"],"build_version":"2019-07-17","purchased_purges":3,"victory":false,"max_hp_per_floor":[68,68,68,68,68,68,68,68,68,68,68,68,68,68,68,68,68,68,68,68,68,68,68,68,68,68,68,68,68,75,75,75,75,75,75,75,75,75,75,75,75,75,75,75,75,75,75,75,75,75],"card_choices":[{"not_picked":["Hologram","Conserve Battery"],"picked":"Genetic Algorithm","floor":1},{"not_picked":["Tempest","Compile Driver"],"picked":"Gash","floor":2},{"not_picked":["Barrage","Stack"],"picked":"Fusion","floor":4},{"not_picked":["Reinforced Body","Heatsinks"],"picked":"Coolheaded","floor":7},{"not_picked":["Steam","Chill"],"picked":"Ball Lightning","floor":10},{"not_picked":["Steam","Chill"],"picked":"Creative AI","floor":11},{"not_picked":["Barrage","Fusion","Double Energy"],"picked":"SKIP","floor":12},{"not_picked":["Biased Cognition","Hyperbeam"],"picked":"Echo Form","floor":16},{"not_picked":["Skim+1","Hologram"],"picked":"Go for the Eyes","floor":18},{"not_picked":["Hologram","Rebound"],"picked":"Self Repair","floor":19},{"not_picked":["Conserve Battery","Darkness"],"picked":"Steam","floor":21},{"not_picked":["Thunder Strike","Leap"],"picked":"Gash+1","floor":27},{"not_picked":["Hello World+1","Coolheaded","Genetic Algorithm+1"],"picked":"SKIP","floor":28},{"not_picked":["Steam Power","Static Discharge"],"picked":"Gash+1","floor":30},{"not_picked":["Barrage","Rebound+1"],"picked":"Compile Driver","floor":31},{"not_picked":["Streamline+1","Gash+1"],"picked":"FTL+1","floor":35},{"not_picked":["Turbo+1","Leap+1","Ball Lightning+1"],"picked":"SKIP","floor":37},{"not_picked":["Consume","Darkness+1","Sweeping Beam+1"],"picked":"SKIP","floor":46},{"not_picked":["Auto Shields","Coolheaded"],"picked":"Recycle+1","floor":47},{"not_picked":["Cold Snap","Blizzard+1"],"picked":"Amplify","floor":48}],"player_experience":1844708,"relics_obtained":[{"floor":9,"key":"Bag of Marbles"},{"floor":10,"key":"Juzu Bracelet"},{"floor":12,"key":"Matryoshka"},{"floor":22,"key":"Sundial"},{"floor":22,"key":"Orichalcum"},{"floor":26,"key":"Smiling Mask"},{"floor":26,"key":"Symbiotic Virus"},{"floor":27,"key":"Boot"},{"floor":30,"key":"Strawberry"},{"floor":41,"key":"Shovel"},{"floor":42,"key":"War Paint"},{"floor":48,"key":"Regal Pillow"},{"floor":48,"key":"Meat on the Bone"}],"event_choices":[{"damage_healed":0,"gold_gain":0,"player_choice":"Upgraded","damage_taken":0,"max_hp_gain":0,"max_hp_loss":0,"event_name":"Upgrade Shrine","floor":3,"gold_loss":0,"cards_upgraded":["Zap"]},{"damage_healed":0,"gold_gain":99,"player_choice":"Stole From Cult","damage_taken":0,"max_hp_gain":0,"max_hp_loss":0,"event_name":"Nest","floor":24,"gold_loss":0},{"cards_removed":["Compile Driver"],"damage_healed":0,"gold_gain":0,"player_choice":"Removed Attack","damage_taken":0,"max_hp_gain":0,"max_hp_loss":0,"event_name":"Falling","floor":36,"gold_loss":0},{"damage_healed":0,"gold_gain":0,"player_choice":"Paid","damage_taken":0,"relics_obtained":["Red Mask"],"max_hp_gain":0,"max_hp_loss":0,"event_name":"Tomb of Lord Red Mask","floor":39,"gold_loss":150},{"damage_healed":0,"gold_gain":0,"player_choice":"Fight","damage_taken":0,"max_hp_gain":0,"max_hp_loss":0,"event_name":"MindBloom","floor":41,"gold_loss":0},{"damage_healed":0,"gold_gain":0,"player_choice":"Embrace Madness","damage_taken":9,"max_hp_gain":0,"max_hp_loss":0,"event_name":"Winding Halls","floor":44,"gold_loss":0,"cards_obtained":["Madness","Madness"]},{"damage_healed":0,"gold_gain":0,"player_choice":"Ignored","damage_taken":0,"max_hp_gain":0,"max_hp_loss":0,"event_name":"NoteForYourself","floor":45,"gold_loss":0}],"is_beta":false,"boss_relics":[{"not_picked":["FrozenCore","Astrolabe"],"picked":"Runic Pyramid"},{"not_picked":["Philosopher\u0027s Stone","White Beast Statue"],"picked":"Black Star"}],"items_purged_floors":[5,14,38],"is_endless":false,"potions_floor_spawned":[2,4,7,11,18,19,33,37,41,47],"killed_by":"Donu and Deca","ascension_level":6}