{"gold_per_floor":[117,117,117,131,131,161,174,174,243,23,23,55,75,106,106,205,205,224,249,269,285,285,285,304,335,335,43,43,56,82,102,102,205,205,218,42,52,71,47,78,97,110,110,138,57,73,93,19,19,19],"floor_reached":51,"playtime":4224,"items_purged":["Pain","Strike_B"],"score":1139,"play_id":"78a45f81-58c9-47c3-ba11-f1f70751af83","local_time":"20191015141308","is_ascension_mode":true,"campfire_choices":[{"floor":8.0,"key":"REST"},{"floor":11.0,"key":"REST"},{"floor":15.0,"key":"REST"},{"floor":23.0,"key":"REST"},{"floor":28.0,"key":"REST"},{"data":"Self Repair","floor":32.0,"key":"SMITH"},{"data":"Capacitor","floor":49,"key":"SMITH"}],"neow_cost":"NONE","seed_source_timestamp":0,"circlet_count":0,"master_deck":["AscendersBane","Defend_B","Defend_B+1","Defend_B","Defend_B+1","Zap","Dualcast","Compile Driver","Rip and Tear","All For One","Go for the Eyes","Conserve Battery","Beam Cell","Heatsinks","Electrodynamics","Self Repair+1","Go for the Eyes","Gash+1","Hello World","Steam","Double Energy","Cold Snap","Leap+1","Gash","Steam Power+1","Seek","Redo+1","Capacitor","Static Discharge+1","Coolheaded","Hologram+1","Glacier+1","Capacitor+1","BootSequence+1"],"special_seed":0,"relics":["Cracked Core","WarpedTongs","Oddly Smooth Stone","Cables","Happy Flower","Bag of Marbles","Bird Faced Urn","Empty Cage","Red Mask","Bottled Flame","Pantograph","Meat on the Bone","WingedGreaves","Nuclear Battery","Regal Pillow","Pear","Incense Burner","Boot"],"potions_floor_usage":[40,50,50,50,50],"damage_taken":[{"damage":3.0,"enemies":"Small Slimes","floor":1.0,"turns":4.0},{"damage":6.0,"enemies":"Jaw Worm","floor":4.0,"turns":4.0},{"damage":31.0,"enemies":"3 Sentries","floor":6.0,"turns":7.0},{"damage":3.0,"enemies":"Cultist","floor":7.0,"turns":2.0},{"damage":24.0,"enemies":"Gremlin Nob","floor":12.0,"turns":4.0},{"damage":3.0,"enemies":"Exordium Wildlife","floor":13.0,"turns":4.0},{"damage":11.0,"enemies":"3 Sentries","floor":14.0,"turns":5.0},{"damage":34.0,"enemies":"Hexaghost","floor":16.0,"turns":7.0},{"damage":22.0,"enemies":"3 Byrds","floor":18.0,"turns":4.0},{"damage":46.0,"enemies":"Masked Bandits","floor":19.0,"turns":4.0},{"damage":9.0,"enemies":"2 Thieves","floor":20.0,"turns":3.0},{"damage":0.0,"enemies":"Chosen and Byrds","floor":21.0,"turns":3.0},{"damage":18.0,"enemies":"Snake Plant","floor":24.0,"turns":3.0},{"damage":29.0,"enemies":"Slavers","floor":25.0,"turns":7.0},{"damage":9.0,"enemies":"Centurion and Healer","floor":29.0,"turns":6.0},{"damage":20.0,"enemies":"Book of Stabbing","floor":30.0,"turns":6.0},{"damage":26.0,"enemies":"3 Cultists","floor":31.0,"turns":5.0},{"damage":49.0,"enemies":"Collector","floor":33.0,"turns":12.0},{"damage":0,"enemies":"3 Shapes","floor":35,"turns":6},{"damage":0,"enemies":"Orb Walker","floor":37,"turns":3},{"damage":25,"enemies":"Sphere and 2 Shapes","floor":38,"turns":4},{"damage":19,"enemies":"Reptomancer","floor":40,"turns":6},{"damage":5,"enemies":"4 Shapes","floor":41,"turns":4},{"damage":32,"enemies":"Spire Growth","floor":42,"turns":7},{"damage":4,"enemies":"Nemesis","floor":44,"turns":9},{"damage":4,"enemies":"Sphere and 2 Shapes","floor":46,"turns":3},{"damage":13,"enemies":"3 Darklings","floor":47,"turns":7},{"damage":66,"enemies":"Time Eater","floor":50,"turns":13}],"seed_played":"3267256258077461043","potions_obtained":[{"floor":0.0,"key":"Energy Potion"},{"floor":0.0,"key":"EntropicBrew"},{"floor":24.0,"key":"Regen Potion"},{"floor":29.0,"key":"Weak Potion"},{"floor":31.0,"key":"EssenceOfSteel"},{"floor":33.0,"key":"PowerPotion"},{"floor":40,"key":"Regen Potion"}],"is_trial":false,"path_per_floor":["M","?","?","M","?","E","M","R","T","$","R","E","M","E","R","B",null,"M","?","M","M","?","R","M","E","T","$","R","M","E","M","R","B",null,"M","$","M","M","$","E","M","M","T","E","$","M","M","?","R","B",null],"character_chosen":"DEFECT","items_purchased":["Happy Flower","Meat on the Bone","Cold Snap","Capacitor","Coolheaded","Capacitor"],"campfire_rested":5,"item_purchase_floors":[10,27,27,36,39,45],"current_hp_per_floor":[65,70,54,48,48,17,14,38,38,38,62,38,35,24,48,16,64,46,16,18,20,20,44,28,29,29,29,53,62,55,56,56,55,74,80,80,80,73,73,71,74,60,70,74,74,88,90,90,90,67],"gold":19,"neow_bonus":"THREE_SMALL_POTIONS","is_prod":false,"is_daily":false,"chose_seed":false,"campfire_upgraded":2,"win_rate":0,"timestamp":1571141588,"path_taken":["M","?","?","M","?","E","M","R","T","$","R","E","?","E","R","BOSS","M","?","M","M","?","R","M","E","T","$","R","M","E","M","R","BOSS","M","$","M","M","$","E","M","M","T","E","?","M","M","?","R","BOSS"],"build_version":"2019-07-17","purchased_purges":2,"victory":true,"max_hp_per_floor":[75,80,80,80,80,80,80,80,80,80,80,80,80,80,80,80,80,80,80,80,80,80,80,80,80,80,80,80,80,80,80,80,80,80,80,80,80,80,80,80,80,80,90,90,90,90,90,90,90,90],"card_choices":[{"not_picked":["Rebound","Amplify"],"picked":"Compile Driver","floor":1.0},{"not_picked":["Conserve Battery","Compile Driver"],"picked":"Rip and Tear","floor":4.0},{"not_picked":["Gash","Ball Lightning"],"picked":"All For One","floor":6.0},{"not_picked":["Beam Cell","Doom and Gloom"],"picked":"Go for the Eyes","floor":7.0},{"not_picked":["Sweeping Beam","Beam Cell"],"picked":"Conserve Battery","floor":12.0},{"not_picked":["Redo","Tempest"],"picked":"Beam Cell","floor":13.0},{"not_picked":["Rip and Tear","Hello World"],"picked":"Heatsinks","floor":14.0},{"not_picked":["Multi-Cast","Meteor Strike"],"picked":"Electrodynamics","floor":16.0},{"not_picked":["BootSequence+1","Reprogram+1"],"picked":"Self Repair","floor":18.0},{"not_picked":["Rebound","Tempest+1"],"picked":"Go for the Eyes","floor":19.0},{"not_picked":["Undo","Go for the Eyes"],"picked":"Gash+1","floor":20.0},{"not_picked":["Go for the Eyes","Force Field","Hologram"],"picked":"SKIP","floor":21.0},{"not_picked":["Go for the Eyes","Redo"],"picked":"Steam","floor":24.0},{"not_picked":["Consume","Heatsinks"],"picked":"Double Energy","floor":25.0},{"not_picked":["Darkness","Rebound"],"picked":"Leap+1","floor":29.0},{"not_picked":["Turbo","FTL"],"picked":"Gash","floor":30.0},{"not_picked":["Go for the Eyes","Redo"],"picked":"Steam Power+1","floor":31.0},{"not_picked":["Core Surge","Rainbow"],"picked":"Seek","floor":33.0},{"not_picked":["Blizzard+1","Reprogram"],"picked":"Redo+1","floor":35},{"not_picked":["Go for the Eyes","Hologram+1","Aggregate+1"],"picked":"SKIP","floor":37},{"not_picked":["Streamline","FTL"],"picked":"Static Discharge+1","floor":38},{"not_picked":["Aggregate","Rebound+1"],"picked":"Hologram+1","floor":40},{"not_picked":["Hyperbeam","Auto Shields"],"picked":"Glacier+1","floor":41},{"not_picked":["Tempest","Hologram+1","Redo+1"],"picked":"SKIP","floor":42},{"not_picked":["Sunder","Go for the Eyes","Steam Power+1"],"picked":"SKIP","floor":44},{"not_picked":["Go for the Eyes+1","Compile Driver"],"picked":"BootSequence+1","floor":46},{"not_picked":["Barrage+1","Streamline+1","Double Energy"],"picked":"SKIP","floor":47}],"player_experience":268653,"relics_obtained":[{"floor":6.0,"key":"Oddly Smooth Stone"},{"floor":9.0,"key":"Cables"},{"floor":12.0,"key":"Bag of Marbles"},{"floor":14.0,"key":"Bird Faced Urn"},{"floor":19.0,"key":"Red Mask"},{"floor":25.0,"key":"Bottled Flame"},{"floor":26.0,"key":"Pantograph"},{"floor":30.0,"key":"WingedGreaves"},{"floor":40,"key":"Regal Pillow"},{"floor":43,"key":"Pear"},{"floor":44,"key":"Incense Burner"}],"event_choices":[{"damage_healed":0.0,"max_hp_gain":5.0,"max_hp_loss":0.0,"gold_gain":0.0,"event_name":"Big Fish","player_choice":"Donut","floor":2.0,"gold_loss":0.0,"damage_taken":0.0},{"damage_healed":0.0,"max_hp_gain":0.0,"max_hp_loss":0.0,"gold_gain":0.0,"event_name":"Shining Light","player_choice":"Entered Light","floor":3.0,"gold_loss":0.0,"damage_taken":16.0,"cards_upgraded":["Defend_B","Defend_B"]},{"damage_healed":0.0,"max_hp_gain":0.0,"max_hp_loss":0.0,"gold_gain":0.0,"event_name":"Accursed Blacksmith","player_choice":"Rummage","floor":5.0,"gold_loss":0.0,"damage_taken":0.0,"relics_obtained":["WarpedTongs"],"cards_obtained":["Pain"]},{"damage_healed":0.0,"max_hp_gain":0.0,"max_hp_loss":0.0,"gold_gain":0.0,"event_name":"Masked Bandits","player_choice":"Fought Bandits","floor":19.0,"gold_loss":0.0,"damage_taken":0.0},{"damage_healed":0.0,"max_hp_gain":0.0,"max_hp_loss":0.0,"gold_gain":0.0,"cards_transformed":["Strike_B"],"event_name":"Transmorgrifier","player_choice":"Transformed","floor":22.0,"gold_loss":0.0,"damage_taken":0.0,"cards_obtained":["Hello World"]},{"damage_healed":0,"gold_gain":0,"player_choice":"Paid Gold","damage_taken":0,"relics_obtained":["Boot"],"max_hp_gain":0,"max_hp_loss":0,"event_name":"WeMeetAgain","floor":48,"gold_loss":74}],"is_beta":false,"boss_relics":[{"not_picked":["Busted Crown","Ectoplasm"],"picked":"Empty Cage"},{"not_picked":["Snecko Eye","Astrolabe"],"picked":"Nuclear Battery"}],"items_purged_floors":[10,36],"is_endless":false,"potions_floor_spawned":[6,13,16,24,29,30,31,33,37,38,40,44,46],"ascension_level":11}