{"gold_per_floor":[119,135,135,6,23,57,57,76,158,185,185,202,202,221,221,294,294,311,327,327,217,227,253,253,281,281,281,295,308,35,48,48,123,123,138,138,138,158,176,176,51,51,51,64,64,8,24,40,40,40],"floor_reached":50,"playtime":3423,"items_purged":["Strike_G","Strike_G+1","Strike_G+1"],"score":1002,"play_id":"f2e838d0-2024-481f-8c3e-145fc6fdee55","local_time":"20190906151147","is_ascension_mode":true,"campfire_choices":[{"floor":7.0,"key":"REST"},{"data":"Neutralize","floor":13.0,"key":"SMITH"},{"data":"Noxious Fumes","floor":15.0,"key":"SMITH"},{"data":"Night Terror","floor":24.0,"key":"SMITH"},{"data":"Malaise","floor":27.0,"key":"SMITH"},{"floor":32.0,"key":"REST"},{"data":"Footwork","floor":40,"key":"SMITH"},{"data":"Footwork","floor":45,"key":"SMITH"},{"data":"PiercingWail","floor":49,"key":"SMITH"}],"neow_cost":"NONE","seed_source_timestamp":139853002414299,"circlet_count":0,"master_deck":["AscendersBane","Defend_G+1","Defend_G+1","Defend_G+1","Defend_G+1","Defend_G+1","Survivor+1","Neutralize+1","Corpse Explosion","Endless Agony","PiercingWail+1","Backstab","Noxious Fumes+1","Bane","Crippling Poison+1","Deflect","Night Terror+1","Cloak And Dagger","Blade Dance+1","Malaise+1","Noxious Fumes","Cloak And Dagger","Footwork+1","Adrenaline","Writhe","Footwork+1","Prepared+1","Backflip","Dodge and Roll","Blur"],"special_seed":0,"relics":["Ring of the Snake","Dead Branch","Mercury Hourglass","PreservedInsect","Eternal Feather","Strawberry","Red Mask","Ninja Scroll","Bag of Marbles","Sozu","Regal Pillow"],"potions_floor_usage":[],"damage_taken":[{"damage":1.0,"enemies":"2 Louse","floor":1.0,"turns":2.0},{"damage":3.0,"enemies":"Small Slimes","floor":2.0,"turns":4.0},{"damage":0.0,"enemies":"Cultist","floor":5.0,"turns":4.0},{"damage":46.0,"enemies":"Gremlin Nob","floor":6.0,"turns":6.0},{"damage":0.0,"enemies":"Blue Slaver","floor":8.0,"turns":4.0},{"damage":0.0,"enemies":"3 Sentries","floor":10.0,"turns":1.0},{"damage":0.0,"enemies":"Large Slime","floor":12.0,"turns":3.0},{"damage":2.0,"enemies":"2 Fungi Beasts","floor":14.0,"turns":2.0},{"damage":5.0,"enemies":"Hexaghost","floor":16.0,"turns":10.0},{"damage":23.0,"enemies":"Shell Parasite","floor":18.0,"turns":6.0},{"damage":5.0,"enemies":"2 Thieves","floor":19.0,"turns":3.0},{"damage":0.0,"enemies":"3 Cultists","floor":22.0,"turns":3.0},{"damage":10.0,"enemies":"Gremlin Leader","floor":23.0,"turns":5.0},{"damage":0.0,"enemies":"Masked Bandits","floor":25.0,"turns":2.0},{"damage":22.0,"enemies":"Snake Plant","floor":28.0,"turns":4.0},{"damage":16.0,"enemies":"Chosen and Byrds","floor":29.0,"turns":6.0},{"damage":2.0,"enemies":"Cultist and Chosen","floor":31.0,"turns":5.0},{"damage":37.0,"enemies":"Collector","floor":33.0,"turns":12.0},{"damage":0.0,"enemies":"Orb Walker","floor":35.0,"turns":1.0},{"damage":0,"enemies":"3 Shapes","floor":38,"turns":6},{"damage":20,"enemies":"Transient","floor":39,"turns":6},{"damage":0,"enemies":"Sphere and 2 Shapes","floor":44,"turns":4},{"damage":0,"enemies":"Maw","floor":47,"turns":8},{"damage":7,"enemies":"Spire Growth","floor":48,"turns":7},{"damage":75,"enemies":"Awakened One","floor":50,"turns":19}],"seed_played":"-683387940640565333","potions_obtained":[{"floor":1.0,"key":"Energy Potion"},{"floor":14.0,"key":"PowerPotion"},{"floor":16.0,"key":"LiquidBronze"},{"floor":18.0,"key":"Fire Potion"},{"floor":23.0,"key":"Swift Potion"},{"floor":28.0,"key":"AttackPotion"},{"floor":29.0,"key":"PowerPotion"}],"is_trial":false,"path_per_floor":["M","M","?","$","M","E","R","M","T","E","?","M","R","M","R","B",null,"M","M","?","?","M","E","R","?","T","R","M","M","$","M","R","B",null,"M","?","?","M","M","R","$","?","T","M","R","$","M","M","R","B"],"character_chosen":"THE_SILENT","items_purchased":["Fire Potion","Bag of Marbles","Dodge and Roll"],"campfire_rested":2,"item_purchase_floors":[4,30,46],"current_hp_per_floor":[58,55,48,48,48,2,21,21,21,21,21,21,21,19,19,14,53,30,25,25,25,25,22,34,34,34,46,24,8,8,6,39,2,55,55,70,70,70,50,65,65,65,65,65,73,73,73,66,73,0],"gold":40,"neow_bonus":"ONE_RANDOM_RARE_CARD","is_prod":false,"is_daily":false,"chose_seed":false,"campfire_upgraded":7,"win_rate":0,"timestamp":1567797107,"path_taken":["M","M","?","$","M","E","R","M","T","E","?","M","R","M","R","BOSS","M","M","?","?","?","E","R","?","T","R","M","M","$","M","R","BOSS","M","?","?","M","?","R","?","?","T","M","R","$","M","M","R","BOSS"],"build_version":"2019-07-17","purchased_purges":3,"victory":false,"max_hp_per_floor":[66,66,66,66,66,66,66,66,66,66,66,66,66,66,66,66,66,66,66,66,66,66,73,73,73,73,73,73,73,73,73,73,73,73,73,73,73,73,73,73,73,73,73,73,73,73,73,73,73,73],"card_choices":[{"not_picked":["Heel Hook","Dodge and Roll"],"picked":"Endless Agony","floor":1.0},{"not_picked":["Cloak And Dagger","Deadly Poison"],"picked":"PiercingWail","floor":2.0},{"not_picked":["Blade Dance","Underhanded Strike"],"picked":"Backstab","floor":5.0},{"not_picked":["Dash","Blade Dance"],"picked":"Noxious Fumes","floor":6.0},{"not_picked":["Finisher","Prepared"],"picked":"Bane","floor":8.0},{"not_picked":["Flying Knee","Acrobatics"],"picked":"Crippling Poison","floor":10.0},{"not_picked":["Dodge and Roll","Dagger Spray","Choke"],"picked":"SKIP","floor":12.0},{"not_picked":["Prepared","Terror"],"picked":"Deflect","floor":14.0},{"not_picked":["Tools of the Trade","Venomology"],"picked":"Night Terror","floor":16.0},{"not_picked":["Outmaneuver","Finisher"],"picked":"Cloak And Dagger","floor":18.0},{"not_picked":["Outmaneuver","Sucker Punch"],"picked":"Blade Dance+1","floor":19.0},{"not_picked":["Dodge and Roll","Acrobatics+1"],"picked":"Malaise","floor":22.0},{"not_picked":["Flying Knee","Quick Slash"],"picked":"Noxious Fumes","floor":23.0},{"not_picked":["Predator","Outmaneuver"],"picked":"Cloak And Dagger","floor":28.0},{"not_picked":["Slice","Setup","Underhanded Strike"],"picked":"SKIP","floor":29.0},{"not_picked":["Doppelganger","Dagger Throw"],"picked":"Footwork","floor":31.0},{"not_picked":["Glass Knife","Unload"],"picked":"Adrenaline","floor":33.0},{"not_picked":["Predator","Endless Agony","Flying Knee"],"picked":"SKIP","floor":35.0},{"not_picked":["Backflip","Dagger Spray"],"picked":"Prepared+1","floor":38},{"not_picked":["All Out Attack","Skewer","Acrobatics"],"picked":"SKIP","floor":39},{"not_picked":["Endless Agony","Underhanded Strike"],"picked":"Backflip","floor":44},{"not_picked":["Sucker Punch","Cloak And Dagger"],"picked":"Blur","floor":47},{"not_picked":["Poisoned Stab","Eviscerate","Flying Knee"],"picked":"SKIP","floor":48}],"player_experience":781095,"relics_obtained":[{"floor":6.0,"key":"Dead Branch"},{"floor":9.0,"key":"Mercury Hourglass"},{"floor":10.0,"key":"PreservedInsect"},{"floor":23.0,"key":"Strawberry"},{"floor":25.0,"key":"Red Mask"},{"floor":26.0,"key":"Ninja Scroll"},{"floor":43,"key":"Regal Pillow"}],"event_choices":[{"cards_removed":["Strike_G"],"damage_healed":0.0,"max_hp_gain":0.0,"max_hp_loss":0.0,"gold_gain":0.0,"event_name":"Golden Wing","player_choice":"Card Removal","floor":3.0,"gold_loss":0.0,"damage_taken":7.0},{"damage_healed":0.0,"max_hp_gain":0.0,"max_hp_loss":0.0,"gold_gain":0.0,"event_name":"Living Wall","player_choice":"Grow","floor":11.0,"gold_loss":0.0,"damage_taken":0.0,"cards_upgraded":["Crippling Poison"]},{"damage_healed":0.0,"max_hp_gain":0.0,"max_hp_loss":0.0,"gold_gain":0.0,"event_name":"Back to Basics","player_choice":"Simplicity","floor":20.0,"gold_loss":0.0,"damage_taken":0.0,"cards_upgraded":["Strike_G","Strike_G","Strike_G","Defend_G","Defend_G","Defend_G","Defend_G","Defend_G"]},{"cards_removed":["Strike_G"],"damage_healed":0.0,"max_hp_gain":0.0,"max_hp_loss":0.0,"gold_gain":0.0,"event_name":"Designer","player_choice":"Upgrade and Remove","floor":21.0,"gold_loss":110.0,"damage_taken":0.0,"cards_upgraded":["Survivor"]},{"damage_healed":0.0,"max_hp_gain":0.0,"max_hp_loss":0.0,"gold_gain":0.0,"event_name":"Masked Bandits","player_choice":"Fought Bandits","floor":25.0,"gold_loss":0.0,"damage_taken":0.0},{"damage_healed":15.0,"max_hp_gain":0.0,"max_hp_loss":0.0,"gold_gain":0.0,"event_name":"Winding Halls","player_choice":"Writhe","floor":36.0,"gold_loss":0.0,"damage_taken":0.0,"cards_obtained":["Writhe"]},{"damage_healed":0,"gold_gain":0,"player_choice":"Copied","damage_taken":0,"max_hp_gain":0,"max_hp_loss":0,"event_name":"Duplicator","floor":37,"gold_loss":0,"cards_obtained":["Footwork"]},{"damage_healed":0,"gold_gain":0,"player_choice":"Ignored","damage_taken":0,"max_hp_gain":0,"max_hp_loss":0,"event_name":"SecretPortal","floor":42,"gold_loss":0}],"is_beta":false,"boss_relics":[{"not_picked":["Runic Pyramid","WristBlade"],"picked":"Eternal Feather"},{"not_picked":["Ring of the Serpent","Velvet Choker"],"picked":"Sozu"}],"items_purged_floors":[4,30,41],"is_endless":false,"potions_floor_spawned":[1,5,14,16,18,23,28,29,31,35,47,48],"killed_by":"Awakened One","ascension_level":20}