{"gold_per_floor":[116,133,145,162,16,16,47,58,58,87,87,101,101,116,116,213,213,232,248,248,265,284,284,315,327,362,374,412,424,711,109,109,207,207,220,234,234,16,26,26,36,36,84,84,110,110,128,139,139,139],"floor_reached":51,"playtime":2350,"items_purged":["Regret","Strike_B"],"score":1015,"play_id":"db3a6fba-a39b-443c-9afe-21ea71afcf6a","local_time":"20190522183736","is_ascension_mode":true,"campfire_choices":[{"data":"Defragment","floor":6,"key":"SMITH"},{"floor":13,"key":"REST"},{"data":"Zap","floor":15,"key":"SMITH"},{"data":"Go for the Eyes","floor":23,"key":"SMITH"},{"data":"Electrodynamics","floor":25,"key":"SMITH"},{"floor":29,"key":"REST"},{"data":"Seek","floor":32,"key":"SMITH"},{"data":"Consume","floor":40,"key":"SMITH"},{"data":"Discovery","floor":49,"key":"SMITH"}],"neow_cost":"NONE","seed_source_timestamp":74662162657179,"circlet_count":0,"master_deck":["Strike_B","Defend_B","Defend_B","Defend_B","Defend_B","Zap+1","Dualcast","Seek+1","Consume+1","Coolheaded","Reinforced Body","Ball Lightning","Defragment+1","Go for the Eyes+1","Skim","Undo","Steam","Compile Driver","BootSequence","Electrodynamics+1","Coolheaded+1","Glacier","Decay","Self Repair+1","Loop+1","Machine Learning+1","Capacitor+1","Discovery+1"],"relics":["Cracked Core","Bag of Marbles","Letter Opener","Mummified Hand","Black Star","Darkstone Periapt","MawBank","Bag of Preparation","Potion Belt","Frozen Egg 2","Orichalcum","Gremlin Horn","Busted Crown","Vajra","Omamori","Unceasing Top","Bottled Lightning"],"potions_floor_usage":[8,10,10,10,14,22,31,33,33,36,50,50],"damage_taken":[{"damage":0,"enemies":"Cultist","floor":1,"turns":3},{"damage":7,"enemies":"Small Slimes","floor":2,"turns":4},{"damage":0,"enemies":"2 Louse","floor":3,"turns":2},{"damage":2,"enemies":"Red Slaver","floor":4,"turns":5},{"damage":28,"enemies":"Gremlin Nob","floor":7,"turns":4},{"damage":11,"enemies":"Exordium Thugs","floor":8,"turns":5},{"damage":5,"enemies":"3 Sentries","floor":10,"turns":5},{"damage":0,"enemies":"2 Fungi Beasts","floor":12,"turns":3},{"damage":0,"enemies":"3 Louse","floor":14,"turns":3},{"damage":18,"enemies":"Hexaghost","floor":16,"turns":10},{"damage":0,"enemies":"Shell Parasite","floor":18,"turns":6},{"damage":2,"enemies":"Chosen","floor":19,"turns":4},{"damage":3,"enemies":"Shelled Parasite and Fungi","floor":21,"turns":6},{"damage":5,"enemies":"Snake Plant","floor":22,"turns":3},{"damage":0,"enemies":"Gremlin Leader","floor":24,"turns":6},{"damage":27,"enemies":"Book of Stabbing","floor":28,"turns":7},{"damage":13,"enemies":"Collector","floor":33,"turns":13},{"damage":2,"enemies":"3 Shapes","floor":35,"turns":3},{"damage":0,"enemies":"3 Darklings","floor":36,"turns":3},{"damage":0,"enemies":"Jaw Worm Horde","floor":39,"turns":2},{"damage":14,"enemies":"Maw","floor":41,"turns":6},{"damage":7,"enemies":"Reptomancer","floor":45,"turns":5},{"damage":0,"enemies":"4 Shapes","floor":47,"turns":2},{"damage":0,"enemies":"Sphere and 2 Shapes","floor":48,"turns":3},{"damage":10,"enemies":"Time Eater","floor":50,"turns":11}],"seed_played":"-5417794769973655071","potions_obtained":[{"floor":4,"key":"Dexterity Potion"},{"floor":7,"key":"LiquidBronze"},{"floor":8,"key":"EntropicBrew"},{"floor":16,"key":"SpeedPotion"},{"floor":22,"key":"Ancient Potion"},{"floor":24,"key":"Explosive Potion"},{"floor":28,"key":"SkillPotion"},{"floor":41,"key":"Ancient Potion"},{"floor":45,"key":"SteroidPotion"},{"floor":47,"key":"Explosive Potion"}],"is_trial":false,"path_per_floor":["M","M","M","M","$","R","E","M","T","E","?","M","R","M","R","B",null,"M","M","?","M","M","R","E","R","T","?","E","R","?","$","R","B",null,"M","M","T","$","M","R","M","$","T","?","E","?","M","M","R","B",null],"character_chosen":"DEFECT","items_purchased":["Defragment","SkillPotion","Go for the Eyes","Orichalcum","Loop+1","Gremlin Horn","Fruit Juice","Capacitor+1","Block Potion"],"campfire_rested":2,"item_purchase_floors":[5,5,5,31,31,31,31,38,38],"current_hp_per_floor":[68,61,61,59,59,59,31,20,20,15,15,15,37,37,37,19,61,61,59,59,56,51,51,51,51,51,57,30,54,60,65,65,62,85,92,92,92,92,92,92,88,88,88,78,81,81,81,91,91,91],"gold":139,"neow_bonus":"ONE_RANDOM_RARE_CARD","is_prod":false,"is_daily":false,"chose_seed":false,"campfire_upgraded":7,"win_rate":0,"timestamp":1558546656,"path_taken":["M","?","M","M","$","R","E","M","T","E","?","M","R","M","R","BOSS","M","M","?","M","M","R","E","R","T","?","E","R","?","$","R","BOSS","M","M","?","$","M","R","M","?","T","?","E","?","M","M","R","BOSS"],"build_version":"2019-01-23","purchased_purges":2,"victory":true,"max_hp_per_floor":[75,75,75,75,75,75,75,75,75,75,75,75,75,75,75,75,75,75,75,75,75,75,75,75,75,75,81,81,81,87,92,92,92,92,92,92,92,92,92,92,92,92,92,92,92,92,92,92,92,92],"card_choices":[{"not_picked":["Coolheaded","Steam"],"picked":"Consume","floor":1},{"not_picked":["Storm","Barrage"],"picked":"Coolheaded","floor":2},{"not_picked":["Conserve Battery","Barrage"],"picked":"Reinforced Body","floor":3},{"not_picked":["Fission","Sweeping Beam"],"picked":"Ball Lightning","floor":4},{"not_picked":["Thunder Strike","Hyperbeam"],"picked":"Skim","floor":7},{"not_picked":["Aggregate","Beam Cell"],"picked":"Undo","floor":8},{"not_picked":["Redo","Genetic Algorithm"],"picked":"Steam","floor":10},{"not_picked":["Tempest","Streamline"],"picked":"Compile Driver","floor":12},{"not_picked":["Steam","Cold Snap"],"picked":"BootSequence","floor":14},{"not_picked":["Buffer","Rainbow"],"picked":"Electrodynamics","floor":16},{"not_picked":["Compile Driver","Undo","Beam Cell"],"picked":"SKIP","floor":18},{"not_picked":["Heatsinks","Skim"],"picked":"Coolheaded+1","floor":19},{"not_picked":["Chaos+1","Leap"],"picked":"Glacier","floor":21},{"not_picked":["BootSequence","Gash","Streamline"],"picked":"SKIP","floor":22},{"not_picked":["Consume","Reinforced Body","Redo"],"picked":"SKIP","floor":24},{"not_picked":["Streamline","Redo"],"picked":"Self Repair+1","floor":28},{"not_picked":["Electrodynamics+1","Core Surge"],"picked":"Machine Learning+1","floor":33},{"not_picked":["Gash+1"],"picked":"SKIP","floor":35},{"not_picked":["Redo+1"],"picked":"SKIP","floor":36},{"not_picked":["Sunder+1"],"picked":"SKIP","floor":39},{"not_picked":["Rebound+1"],"picked":"SKIP","floor":41},{"not_picked":[],"picked":"Discovery","floor":44},{"not_picked":["Cold Snap"],"picked":"SKIP","floor":45},{"not_picked":["Darkness"],"picked":"SKIP","floor":47},{"not_picked":["Gash+1"],"picked":"SKIP","floor":48}],"player_experience":1470983,"relics_obtained":[{"floor":7,"key":"Bag of Marbles"},{"floor":9,"key":"Letter Opener"},{"floor":10,"key":"Mummified Hand"},{"floor":24,"key":"Darkstone Periapt"},{"floor":24,"key":"MawBank"},{"floor":26,"key":"Bag of Preparation"},{"floor":28,"key":"Potion Belt"},{"floor":28,"key":"Frozen Egg 2"},{"floor":37,"key":"Vajra"},{"floor":43,"key":"Omamori"},{"floor":45,"key":"Unceasing Top"},{"floor":45,"key":"Bottled Lightning"}],"event_choices":[{"cards_removed":["Strike_B"],"damage_healed":0,"gold_gain":0,"player_choice":"Forget","damage_taken":0,"max_hp_gain":0,"max_hp_loss":0,"event_name":"Living Wall","floor":11,"gold_loss":0},{"damage_healed":0,"gold_gain":0,"player_choice":"Ignored","damage_taken":0,"max_hp_gain":0,"max_hp_loss":0,"event_name":"Ghosts","floor":20,"gold_loss":0},{"damage_healed":0,"gold_gain":0,"player_choice":"Smashed Altar","damage_taken":0,"max_hp_gain":0,"max_hp_loss":0,"event_name":"Forgotten Altar","floor":27,"gold_loss":0,"cards_obtained":["Decay"]},{"damage_healed":0,"gold_gain":275,"player_choice":"Desecrate","damage_taken":0,"max_hp_gain":0,"max_hp_loss":0,"event_name":"Golden Shrine","floor":30,"gold_loss":0,"cards_obtained":["Regret"]},{"damage_healed":0,"gold_gain":0,"player_choice":"Memory 3","damage_taken":10,"max_hp_gain":0,"max_hp_loss":0,"event_name":"SensoryStone","floor":44,"gold_loss":0},{"cards_removed":["Strike_B"],"damage_healed":0,"gold_gain":0,"player_choice":"Removed Attack","damage_taken":0,"max_hp_gain":0,"max_hp_loss":0,"event_name":"Falling","floor":46,"gold_loss":0}],"is_beta":false,"boss_relics":[{"not_picked":["Empty Cage","Eternal Feather"],"picked":"Black Star"},{"not_picked":["White Beast Statue","Calling Bell"],"picked":"Busted Crown"}],"items_purged_floors":[31,38],"is_endless":false,"potions_floor_spawned":[4,7,8,16,22,24,28,41,45,47],"ascension_level":6}