{"gold_per_floor":[111,211,230,240,258,292,292,326,326,336,336,364,377,3,3,108,108,90,103,103,28,28,28,62,62,62,95,10,10,25,45,45,142,142,161,261,281,293,347,380,380,380,404,404,417,74,86,105,105,105,105,105,33,63,63],"floor_reached":56,"playtime":6653,"items_purged":[],"score":1283,"play_id":"67c1cdde-116d-4007-b1c2-9222edf935c3","local_time":"20190914232432","is_ascension_mode":true,"campfire_choices":[{"data":"Zap","floor":7,"key":"SMITH"},{"data":"Aggregate","floor":15,"key":"SMITH"},{"data":"Double Energy","floor":23,"key":"SMITH"},{"data":"Dualcast","floor":25,"key":"SMITH"},{"floor":29,"key":"REST"},{"data":"Seek","floor":32,"key":"SMITH"},{"floor":41,"key":"RECALL"},{"floor":44,"key":"REST"},{"floor":49,"key":"DIG"},{"floor":52,"key":"DIG"}],"neow_cost":"NONE","seed_source_timestamp":220170681852100,"circlet_count":0,"master_deck":["Strike_B+1","Strike_B+1","Strike_B+1","Defend_B+1","Defend_B+1","Defend_B+1","Zap+1","Dualcast+1","Coolheaded","Self Repair","Genetic Algorithm","Steam","Cold Snap+1","Darkness","Aggregate+1","Seek+1","Melter","Stack","Stack","Meteor Strike","Static Discharge+1","Multi-Cast","Creative AI+1","Double Energy+1","Steam","Beam Cell","Doom and Gloom+1","Self Repair+1","Chill+1","Conserve Battery","Steam+1","Hologram","Leap+1","Buffer+1","Hello World+1","Compile Driver+1","Ball Lightning+1","Doom and Gloom+1","Capacitor+1","Aggregate","Fusion+1","Redo","Lockon+1","Turbo","Darkness+1","Static Discharge+1","Turbo+1","Go for the Eyes+1","Forethought","Panache+1","Sunder","Hologram+1","Redo","Loop+1","Redo","Chill+1","Hello World+1","BootSequence+1","Streamline+1","BootSequence+1"],"relics":["Cracked Core","Prayer Wheel","Bronze Scales","Frozen Egg 2","Shovel","Potion Belt","Ancient Tea Set","White Beast Statue","WingedGreaves","Centennial Puzzle","Nunchaku","Orrery","Incense Burner","Torii","Gremlin Horn","Dream Catcher","Bottled Lightning","Whetstone","Mercury Hourglass","Pantograph"],"potions_floor_usage":[8,16,16,18,24,27,30,33,33,33,38,39,39,40,40,50,50,54,55],"damage_taken":[{"damage":0,"enemies":"Cultist","floor":1,"turns":4},{"damage":0,"enemies":"Small Slimes","floor":3,"turns":2},{"damage":2,"enemies":"Jaw Worm","floor":4,"turns":6},{"damage":7,"enemies":"Looter","floor":5,"turns":4},{"damage":33,"enemies":"3 Sentries","floor":6,"turns":11},{"damage":9,"enemies":"Lagavulin","floor":8,"turns":7},{"damage":6,"enemies":"Blue Slaver","floor":10,"turns":4},{"damage":13,"enemies":"3 Sentries","floor":12,"turns":6},{"damage":4,"enemies":"3 Louse","floor":13,"turns":2},{"damage":30,"enemies":"The Guardian","floor":16,"turns":8},{"damage":21,"enemies":"2 Thieves","floor":18,"turns":4},{"damage":0,"enemies":"Spheric Guardian","floor":19,"turns":1},{"damage":47,"enemies":"Slavers","floor":24,"turns":4},{"damage":25,"enemies":"Book of Stabbing","floor":27,"turns":5},{"damage":9,"enemies":"Shelled Parasite and Fungi","floor":30,"turns":6},{"damage":6,"enemies":"Chosen and Byrds","floor":31,"turns":6},{"damage":43,"enemies":"Collector","floor":33,"turns":12},{"damage":1,"enemies":"3 Shapes","floor":35,"turns":7},{"damage":14,"enemies":"Mind Bloom Boss Battle","floor":36,"turns":9},{"damage":1,"enemies":"Orb Walker","floor":37,"turns":4},{"damage":2,"enemies":"4 Shapes","floor":38,"turns":2},{"damage":39,"enemies":"2 Orb Walkers","floor":39,"turns":7},{"damage":1,"enemies":"Nemesis","floor":40,"turns":9},{"damage":9,"enemies":"3 Darklings","floor":45,"turns":6},{"damage":0,"enemies":"Jaw Worm Horde","floor":47,"turns":4},{"damage":0,"enemies":"4 Shapes","floor":48,"turns":5},{"damage":46,"enemies":"Awakened One","floor":50,"turns":12},{"damage":29,"enemies":"Shield and Spear","floor":54,"turns":8},{"damage":75,"enemies":"The Heart","floor":55,"turns":6}],"seed_played":"7635224580159325611","potions_obtained":[{"floor":4,"key":"SmokeBomb"},{"floor":6,"key":"Fruit Juice"},{"floor":12,"key":"FairyPotion"},{"floor":13,"key":"Fire Potion"},{"floor":16,"key":"SkillPotion"},{"floor":18,"key":"Poison Potion"},{"floor":19,"key":"Swift Potion"},{"floor":24,"key":"SteroidPotion"},{"floor":27,"key":"Block Potion"},{"floor":30,"key":"Fire Potion"},{"floor":31,"key":"SteroidPotion"},{"floor":33,"key":"EssenceOfSteel"},{"floor":35,"key":"GamblersBrew"},{"floor":36,"key":"FocusPotion"},{"floor":37,"key":"PowerPotion"},{"floor":38,"key":"SpeedPotion"},{"floor":39,"key":"SmokeBomb"},{"floor":40,"key":"FairyPotion"},{"floor":45,"key":"LiquidBronze"},{"floor":47,"key":"Weak Potion"},{"floor":54,"key":"Poison Potion"}],"is_trial":false,"path_per_floor":["M","?","M","M","M","E","R","E","T","M","?","E","M","$","R","B",null,"M","M","?","?","$","R","E","R","T","E","?","R","M","M","R","B",null,"M","?","M","M","?","E","R","?","T","R","M","$","M","M","R","B",null,"R","$","E","B",null],"character_chosen":"DEFECT","items_purchased":["Static Discharge+1","Ancient Tea Set","FocusPotion","Multi-Cast","Bottled Lightning","Loop+1","Redo","LiquidBronze"],"campfire_rested":2,"item_purchase_floors":[14,14,14,14,46,46,46,53],"current_hp_per_floor":[75,75,75,75,75,49,49,52,52,53,50,44,40,40,40,17,80,66,66,66,66,66,66,26,26,26,18,18,42,50,54,54,28,80,80,80,80,80,51,60,60,55,55,79,77,77,80,80,80,34,80,80,80,51,1],"gold":63,"neow_bonus":"TRANSFORM_CARD","is_prod":false,"is_daily":false,"chose_seed":false,"campfire_upgraded":5,"win_rate":0,"timestamp":1568528672,"path_taken":["M","?","?","M","M","E","R","E","T","M","?","E","M","$","R","BOSS","M","M","?","?","?","R","E","R","T","E","?","R","M","M","R","BOSS","M","?","M","M","?","E","R","?","T","R","M","$","M","M","R","BOSS","R","$","E","BOSS"],"build_version":"2019-07-17","purchased_purges":0,"victory":true,"max_hp_per_floor":[75,75,75,75,75,75,75,80,80,80,80,80,80,80,80,80,80,80,80,80,80,80,80,80,80,80,80,80,80,80,80,80,80,80,80,80,80,80,80,80,80,80,80,80,80,80,80,80,80,80,80,80,80,80,80],"card_choices":[{"not_picked":["Leap","FTL"],"picked":"Self Repair","floor":1},{"not_picked":["Cold Snap","Conserve Battery"],"picked":"Genetic Algorithm","floor":3},{"not_picked":["Reinforced Body","Leap"],"picked":"Steam","floor":4},{"not_picked":["Rebound","Self Repair"],"picked":"Cold Snap","floor":5},{"not_picked":["Skim","Compile Driver"],"picked":"Darkness","floor":6},{"not_picked":["Coolheaded","Turbo"],"picked":"Aggregate","floor":8},{"not_picked":["Lockon","Go for the Eyes"],"picked":"Seek","floor":10},{"not_picked":["Go for the Eyes","Cold Snap"],"picked":"Melter","floor":10},{"not_picked":["Rebound","Turbo"],"picked":"Stack","floor":12},{"not_picked":["Compile Driver","Coolheaded"],"picked":"Stack","floor":13},{"not_picked":["Streamline","Stack"],"picked":"Meteor Strike","floor":13},{"not_picked":["Seek","Meteor Strike"],"picked":"Creative AI+1","floor":16},{"not_picked":["Conserve Battery","Beam Cell"],"picked":"Double Energy","floor":18},{"not_picked":["Cold Snap","Reprogram"],"picked":"Steam","floor":18},{"not_picked":["Streamline","Gash"],"picked":"Beam Cell","floor":19},{"not_picked":["Sweeping Beam+1","Coolheaded"],"picked":"Doom and Gloom+1","floor":19},{"not_picked":["Rebound","All For One"],"picked":"Self Repair+1","floor":24},{"not_picked":["Double Energy","Conserve Battery+1"],"picked":"Chill+1","floor":27},{"not_picked":["Reprogram","Streamline"],"picked":"Conserve Battery","floor":30},{"not_picked":["Leap","Reinforced Body"],"picked":"Steam+1","floor":30},{"not_picked":["Leap","Force Field"],"picked":"Hologram","floor":31},{"not_picked":["Hello World+1","Sweeping Beam"],"picked":"Leap+1","floor":31},{"not_picked":["Meteor Strike","Reboot"],"picked":"Buffer+1","floor":33},{"not_picked":["Sweeping Beam+1","Rebound"],"picked":"Hello World+1","floor":34},{"not_picked":["Rip and Tear","Doom and Gloom+1"],"picked":"Compile Driver+1","floor":34},{"not_picked":["Conserve Battery","Scrape"],"picked":"Ball Lightning+1","floor":34},{"not_picked":["Stack","Darkness"],"picked":"Doom and Gloom+1","floor":34},{"not_picked":["Coolheaded+1","Ball Lightning"],"picked":"Capacitor+1","floor":34},{"not_picked":["Ball Lightning","Stack"],"picked":"Aggregate","floor":35},{"not_picked":["Streamline+1","Conserve Battery"],"picked":"Fusion+1","floor":35},{"not_picked":["Genetic Algorithm","Fission"],"picked":"Redo","floor":36},{"not_picked":["Doom and Gloom","Genetic Algorithm+1"],"picked":"Lockon","floor":37},{"not_picked":["Compile Driver+1","Streamline"],"picked":"Turbo","floor":37},{"not_picked":["Streamline+1","Beam Cell+1"],"picked":"Darkness+1","floor":38},{"not_picked":["Turbo","Barrage"],"picked":"Static Discharge+1","floor":38},{"not_picked":["Skim+1","Darkness+1"],"picked":"Turbo+1","floor":39},{"not_picked":["Steam","Streamline"],"picked":"Go for the Eyes+1","floor":40},{"not_picked":["Purity","Thinking Ahead"],"picked":"Forethought","floor":42},{"not_picked":["Master of Strategy","Bandage Up"],"picked":"Panache+1","floor":42},{"not_picked":["Stack+1","Compile Driver+1"],"picked":"Sunder","floor":44},{"not_picked":["Steam","Coolheaded+1"],"picked":"Hologram+1","floor":45},{"not_picked":["Ball Lightning+1","Go for the Eyes"],"picked":"Redo","floor":45},{"not_picked":["Double Energy","Coolheaded+1"],"picked":"Chill+1","floor":47},{"not_picked":["Turbo","Rip and Tear+1"],"picked":"Hello World+1","floor":47},{"not_picked":["Darkness","Sweeping Beam"],"picked":"BootSequence+1","floor":48},{"not_picked":["Turbo","Auto Shields+1"],"picked":"Streamline+1","floor":48},{"not_picked":["Skim+1","Glacier"],"picked":"BootSequence+1","floor":54}],"player_experience":61697,"relics_obtained":[{"floor":6,"key":"Prayer Wheel"},{"floor":8,"key":"Bronze Scales"},{"floor":9,"key":"Frozen Egg 2"},{"floor":12,"key":"Potion Belt"},{"floor":24,"key":"WingedGreaves"},{"floor":27,"key":"Centennial Puzzle"},{"floor":36,"key":"Incense Burner"},{"floor":39,"key":"Torii"},{"floor":40,"key":"Gremlin Horn"},{"floor":43,"key":"Dream Catcher"},{"floor":49,"key":"Whetstone"},{"floor":52,"key":"Mercury Hourglass"},{"floor":54,"key":"Pantograph"}],"event_choices":[{"damage_healed":0,"gold_gain":100,"player_choice":"Gold","damage_taken":0,"max_hp_gain":0,"max_hp_loss":0,"event_name":"Wheel of Change","floor":2,"gold_loss":0},{"damage_healed":0,"gold_gain":0,"player_choice":"Success","damage_taken":3,"relics_obtained":["Shovel"],"max_hp_gain":0,"max_hp_loss":0,"event_name":"Scrap Ooze","floor":11,"gold_loss":0},{"damage_healed":0,"gold_gain":0,"player_choice":"Simplicity","damage_taken":0,"max_hp_gain":0,"max_hp_loss":0,"event_name":"Back to Basics","floor":20,"gold_loss":0,"cards_upgraded":["Strike_B","Strike_B","Strike_B","Defend_B","Defend_B","Defend_B","Defend_B"]},{"cards_removed":["Defend_B"],"damage_healed":0,"gold_gain":0,"player_choice":"Gave Gold","damage_taken":0,"max_hp_gain":0,"max_hp_loss":0,"event_name":"Beggar","floor":21,"gold_loss":75},{"damage_healed":0,"gold_gain":0,"player_choice":"Obtained Relic","damage_taken":0,"relics_obtained":["Nunchaku"],"max_hp_gain":0,"max_hp_loss":0,"event_name":"Addict","floor":28,"gold_loss":85},{"damage_healed":0,"gold_gain":0,"player_choice":"Fight","damage_taken":0,"max_hp_gain":0,"max_hp_loss":0,"event_name":"MindBloom","floor":36,"gold_loss":0},{"damage_healed":0,"gold_gain":0,"player_choice":"Fight","damage_taken":0,"max_hp_gain":0,"max_hp_loss":0,"event_name":"Mysterious Sphere","floor":39,"gold_loss":0},{"damage_healed":0,"gold_gain":0,"player_choice":"Memory 2","damage_taken":5,"max_hp_gain":0,"max_hp_loss":0,"event_name":"SensoryStone","floor":42,"gold_loss":0}],"is_beta":false,"boss_relics":[{"not_picked":["Velvet Choker","Fusion Hammer"],"picked":"White Beast Statue"},{"not_picked":["Philosopher\u0027s Stone","Astrolabe"],"picked":"Orrery"}],"items_purged_floors":[],"is_endless":false,"potions_floor_spawned":[4,6,12,13,16,18,19,24,27,30,31,33,35,36,37,38,39,40,45,47,48,54],"ascension_level":1}