{"gold_per_floor":[119,119,132,132,145,145,156,170,170,170,187,203,203,203,203,307,307,326,326,353,366,366,366,380,380,404,404,404,335,335,260,260,358,358,370,295,315,335,335,335,355,369,451,451,451,451,551,567,567,567],"floor_reached":51,"playtime":2397,"items_purged":["Clash"],"score":762,"play_id":"22ca676f-12e6-4dc6-ad91-32bf4a889b5d","local_time":"20191024204112","is_ascension_mode":false,"campfire_choices":[{"data":"Bludgeon","floor":6.0,"key":"SMITH"},{"data":"Metallicize","floor":10.0,"key":"SMITH"},{"data":"Armaments","floor":13.0,"key":"SMITH"},{"data":"Offering","floor":15.0,"key":"SMITH"},{"data":"Demon Form","floor":23.0,"key":"SMITH"},{"floor":25.0,"key":"REST"},{"data":"Spot Weakness","floor":27.0,"key":"SMITH"},{"data":"J.A.X.","floor":30.0,"key":"SMITH"},{"data":"Disarm","floor":32.0,"key":"SMITH"},{"data":"Limit Break","floor":40.0,"key":"SMITH"},{"data":"Battle Trance","floor":44.0,"key":"SMITH"},{"floor":46.0,"key":"REST"},{"data":"Clothesline","floor":49.0,"key":"SMITH"}],"neow_cost":"NONE","seed_source_timestamp":0,"circlet_count":0,"master_deck":["Bash","Clothesline+1","Spot Weakness+1","Reaper","Offering+1","Bludgeon+1","Sword Boomerang","Bloodletting","Defend_R","Metallicize+1","Ghostly Armor","Armaments+1","Demon Form+1","RitualDagger","Battle Trance+1","Feed","J.A.X.+1","Impervious","Disarm+1","Limit Break+1","Flex+1"],"special_seed":0,"relics":["Pandora\u0027s Box"],"potions_floor_usage":[50,50,50],"damage_taken":[{"damage":11.0,"enemies":"Jaw Worm","floor":1.0,"turns":2.0},{"damage":0.0,"enemies":"Small Slimes","floor":3.0,"turns":1.0},{"damage":9.0,"enemies":"Cultist","floor":5.0,"turns":2.0},{"damage":6.0,"enemies":"Large Slime","floor":7.0,"turns":1.0},{"damage":4.0,"enemies":"Looter","floor":8.0,"turns":2.0},{"damage":6.0,"enemies":"Blue Slaver","floor":11.0,"turns":1.0},{"damage":6.0,"enemies":"Large Slime","floor":12.0,"turns":4.0},{"damage":23.0,"enemies":"The Guardian","floor":16.0,"turns":5.0},{"damage":9.0,"enemies":"Chosen","floor":18.0,"turns":3.0},{"damage":16.0,"enemies":"Masked Bandits","floor":20.0,"turns":4.0},{"damage":6.0,"enemies":"Spheric Guardian","floor":21.0,"turns":2.0},{"damage":14.0,"enemies":"Centurion and Healer","floor":24.0,"turns":3.0},{"damage":29.0,"enemies":"Champ","floor":33.0,"turns":8.0},{"damage":22.0,"enemies":"Orb Walker","floor":35.0,"turns":2.0},{"damage":19.0,"enemies":"3 Shapes","floor":37.0,"turns":7.0},{"damage":45.0,"enemies":"Spire Growth","floor":38.0,"turns":5.0},{"damage":51.0,"enemies":"4 Shapes","floor":41.0,"turns":9.0},{"damage":55.0,"enemies":"3 Darklings","floor":42.0,"turns":6.0},{"damage":29.0,"enemies":"Mind Bloom Boss Battle","floor":47.0,"turns":7.0},{"damage":28.0,"enemies":"Spire Growth","floor":48.0,"turns":5.0},{"damage":97,"enemies":"Time Eater","floor":50,"turns":8}],"seed_played":"3173118170651195374","potions_obtained":[{"floor":5.0,"key":"Swift Potion"},{"floor":7.0,"key":"Fire Potion"},{"floor":8.0,"key":"EssenceOfSteel"},{"floor":20.0,"key":"BloodPotion"},{"floor":24.0,"key":"PowerPotion"},{"floor":35.0,"key":"Poison Potion"},{"floor":47.0,"key":"Regen Potion"},{"floor":48.0,"key":"Strength Potion"}],"is_trial":false,"path_per_floor":["M","?","M","?","M","R","M","M","T","R","M","M","R","?","R","B",null,"M","?","?","M","?","R","M","R","T","R","?","$","R","$","R","B",null,"M","$","M","M","?","R","M","M","T","R","?","R","?","M","R","B",null],"character_chosen":"IRONCLAD","items_purchased":["Impervious","Disarm"],"campfire_rested":2,"item_purchase_floors":[29,31],"current_hp_per_floor":[69,69,69,69,66,66,60,56,56,56,50,58,58,51,51,28,80,71,65,55,49,34,34,35,60,60,60,60,60,60,60,60,34,85,85,85,80,78,78,78,81,73,73,73,73,91,91,91,91,69],"gold":567,"neow_bonus":"BOSS_RELIC","is_prod":false,"is_daily":false,"chose_seed":false,"campfire_upgraded":11,"win_rate":0,"timestamp":1571942472,"path_taken":["M","?","M","?","M","R","?","M","T","R","M","M","R","?","R","BOSS","M","?","?","M","?","R","M","R","T","R","?","$","R","$","R","BOSS","M","$","M","M","?","R","M","M","T","R","?","R","?","M","R","BOSS"],"build_version":"2019-07-17","purchased_purges":1,"victory":true,"max_hp_per_floor":[80,80,80,80,80,80,80,80,80,80,80,80,80,80,80,80,80,80,80,80,80,85,85,85,85,85,85,85,85,85,85,85,85,85,88,88,88,88,84,84,87,91,91,91,91,91,91,91,91,91],"card_choices":[{"not_picked":["Pommel Strike","Entrench","Intimidate"],"picked":"SKIP","floor":1.0},{"not_picked":["Thunderclap","Whirlwind"],"picked":"Bloodletting","floor":3.0},{"not_picked":["Perfected Strike","Twin Strike","Anger"],"picked":"SKIP","floor":5.0},{"not_picked":["Evolve","Havoc"],"picked":"Metallicize","floor":7.0},{"not_picked":["Whirlwind","Pommel Strike"],"picked":"Ghostly Armor","floor":8.0},{"not_picked":["Pommel Strike","Flex"],"picked":"Armaments","floor":11.0},{"not_picked":["Clash","Burning Pact","Cleave"],"picked":"SKIP","floor":12.0},{"not_picked":["Brutality","Reaper"],"picked":"Demon Form","floor":16.0},{"not_picked":["Cleave","Blood for Blood","True Grit"],"picked":"SKIP","floor":18.0},{"not_picked":["Combust","Dual Wield"],"picked":"Battle Trance","floor":20.0},{"not_picked":["Carnage+1","Heavy Blade+1","Thunderclap"],"picked":"SKIP","floor":21.0},{"not_picked":["Flex","Cleave+1"],"picked":"Feed","floor":24.0},{"not_picked":["Feed","Exhume"],"picked":"Limit Break","floor":33.0},{"not_picked":["Armaments+1","Power Through","True Grit"],"picked":"SKIP","floor":35.0},{"not_picked":["Thunderclap+1","Pommel Strike","True Grit"],"picked":"SKIP","floor":37.0},{"not_picked":["Bloodletting","Clothesline","Sword Boomerang"],"picked":"SKIP","floor":38.0},{"not_picked":["Headbutt","Corruption","Seeing Red+1"],"picked":"SKIP","floor":41.0},{"not_picked":["Perfected Strike+1","Anger","Dark Embrace"],"picked":"SKIP","floor":42.0},{"not_picked":["Twin Strike","Armaments+1"],"picked":"Flex+1","floor":47.0},{"not_picked":["Sword Boomerang+1","Wild Strike","Burning Pact"],"picked":"SKIP","floor":48.0}],"player_experience":331989,"relics_obtained":[],"event_choices":[{"damage_healed":0.0,"max_hp_gain":0.0,"max_hp_loss":0.0,"gold_gain":0.0,"event_name":"Golden Idol","player_choice":"Ignored","floor":2.0,"gold_loss":0.0,"damage_taken":0.0},{"cards_removed":["Fire Breathing"],"damage_healed":0.0,"max_hp_gain":0.0,"max_hp_loss":0.0,"gold_gain":0.0,"event_name":"NoteForYourself","player_choice":"Took Card","floor":4.0,"gold_loss":0.0,"damage_taken":0.0,"cards_obtained":["Defend_R"]},{"cards_removed":["Clothesline"],"damage_healed":0.0,"max_hp_gain":0.0,"max_hp_loss":0.0,"gold_gain":0.0,"event_name":"Golden Wing","player_choice":"Card Removal","floor":14.0,"gold_loss":0.0,"damage_taken":7.0},{"damage_healed":0.0,"max_hp_gain":0.0,"max_hp_loss":0.0,"gold_gain":0.0,"event_name":"Nest","player_choice":"Joined the Cult","floor":19.0,"gold_loss":0.0,"damage_taken":6.0,"cards_obtained":["RitualDagger"]},{"damage_healed":0.0,"max_hp_gain":0.0,"max_hp_loss":0.0,"gold_gain":0.0,"event_name":"Masked Bandits","player_choice":"Fought Bandits","floor":20.0,"gold_loss":0.0,"damage_taken":0.0},{"damage_healed":0.0,"max_hp_gain":5.0,"max_hp_loss":0.0,"gold_gain":0.0,"event_name":"Forgotten Altar","player_choice":"Shed Blood","floor":22.0,"gold_loss":0.0,"damage_taken":20.0},{"damage_healed":0.0,"max_hp_gain":0.0,"max_hp_loss":0.0,"gold_gain":0.0,"event_name":"Drug Dealer","player_choice":"Obtain J.A.X.","floor":28.0,"gold_loss":0.0,"damage_taken":0.0,"cards_obtained":["J.A.X."]},{"damage_healed":0.0,"max_hp_gain":0.0,"max_hp_loss":4.0,"gold_gain":0.0,"event_name":"Winding Halls","player_choice":"Max HP","floor":39.0,"gold_loss":0.0,"damage_taken":0.0},{"damage_healed":0.0,"max_hp_gain":0.0,"max_hp_loss":0.0,"gold_gain":0.0,"event_name":"Mysterious Sphere","player_choice":"Ignored","floor":45.0,"gold_loss":0.0,"damage_taken":0.0},{"damage_healed":0.0,"max_hp_gain":0.0,"max_hp_loss":0.0,"gold_gain":0.0,"event_name":"MindBloom","player_choice":"Fight","floor":47.0,"gold_loss":0.0,"damage_taken":0.0}],"is_beta":false,"boss_relics":[{"not_picked":["Runic Pyramid","Orrery","Busted Crown"]},{"not_picked":["Runic Pyramid","Orrery","Busted Crown"]}],"items_purged_floors":[36],"is_endless":false,"potions_floor_spawned":[5,7,8,20,21,24,35,37,47,48],"ascension_level":0}