{"gold_per_floor":[217,228,9,9,9,34,59,59,59,59,91,101,135,145,145,244,244,256,275,275,293,305,331,331,365,392,40,40,40,40,50,50,154,154,167,179,179,179,196,224,224,251,251,269,281,281,297,0,0,0],"floor_reached":51,"playtime":2297,"items_purged":["Strike_G"],"score":965,"play_id":"f5f16ec0-5a87-4eb0-980f-29c273a3e6bd","local_time":"20190913235904","is_ascension_mode":false,"campfire_choices":[{"data":"Well Laid Plans","floor":8,"key":"SMITH"},{"data":"Neutralize","floor":10,"key":"SMITH"},{"data":"Flechettes","floor":15,"key":"SMITH"},{"data":"A Thousand Cuts","floor":24,"key":"SMITH"},{"data":"Footwork","floor":32,"key":"SMITH"},{"floor":41,"key":"RECALL"},{"data":"Underhanded Strike","floor":49,"key":"SMITH"}],"neow_cost":"NONE","seed_source_timestamp":104572663019600,"circlet_count":0,"master_deck":["Strike_G+1","Defend_G+1","Defend_G+1","Defend_G+1","Defend_G+1","Defend_G+1","Survivor+1","Neutralize+1","Dagger Spray+1","Flying Knee+1","Well Laid Plans+1","Poisoned Stab+1","Escape Plan+1","Acrobatics+1","Flechettes+1","Leg Sweep+1","A Thousand Cuts+1","Noxious Fumes+1","Heel Hook+1","Expertise+1","Footwork+1","Backflip+1","Acrobatics+1","Footwork+1","Calculated Gamble+1","Blade Dance+1","PiercingWail+1","Deflect+1","Prepared+1","Setup+1","Underhanded Strike+1","Blur+1"],"relics":["Ring of the Snake","Sling","Bottled Tornado","Odd Mushroom","Pantograph","Mango","Ninja Scroll","Coffee Dripper","Mercury Hourglass","War Paint","Oddly Smooth Stone","Medical Kit","Omamori","HornCleat","SacredBark","Mark of the Bloom","Toxic Egg 2","Letter Opener","Red Mask"],"potions_floor_usage":[6,16,33,50],"damage_taken":[{"damage":0,"enemies":"Cultist","floor":1,"turns":3},{"damage":0,"enemies":"2 Louse","floor":2,"turns":2},{"damage":0,"enemies":"3 Sentries","floor":6,"turns":2},{"damage":5,"enemies":"The Mushroom Lair","floor":7,"turns":3},{"damage":7,"enemies":"Gremlin Nob","floor":11,"turns":3},{"damage":5,"enemies":"Small Slimes","floor":12,"turns":3},{"damage":4,"enemies":"3 Sentries","floor":13,"turns":3},{"damage":1,"enemies":"Red Slaver","floor":14,"turns":3},{"damage":0,"enemies":"Slime Boss","floor":16,"turns":6},{"damage":0,"enemies":"Chosen","floor":18,"turns":4},{"damage":0,"enemies":"Shell Parasite","floor":19,"turns":4},{"damage":2,"enemies":"Snecko","floor":21,"turns":5},{"damage":1,"enemies":"Sentry and Sphere","floor":22,"turns":5},{"damage":0,"enemies":"Gremlin Leader","floor":23,"turns":5},{"damage":19,"enemies":"Slavers","floor":25,"turns":3},{"damage":0,"enemies":"3 Cultists","floor":31,"turns":4},{"damage":1,"enemies":"Automaton","floor":33,"turns":8},{"damage":14,"enemies":"3 Darklings","floor":35,"turns":4},{"damage":0,"enemies":"Orb Walker","floor":36,"turns":4},{"damage":0,"enemies":"4 Shapes","floor":39,"turns":4},{"damage":0,"enemies":"Nemesis","floor":40,"turns":5},{"damage":0,"enemies":"Reptomancer","floor":42,"turns":5},{"damage":0,"enemies":"Spire Growth","floor":44,"turns":6},{"damage":0,"enemies":"3 Darklings","floor":45,"turns":3},{"damage":0,"enemies":"Jaw Worm Horde","floor":47,"turns":3},{"damage":0,"enemies":"Awakened One","floor":50,"turns":15}],"seed_played":"515398090425541712","potions_obtained":[{"floor":2,"key":"SteroidPotion"},{"floor":13,"key":"SpeedPotion"},{"floor":14,"key":"AttackPotion"},{"floor":16,"key":"GhostInAJar"},{"floor":22,"key":"FearPotion"},{"floor":25,"key":"GhostInAJar"},{"floor":39,"key":"SkillPotion"}],"is_trial":false,"path_per_floor":["M","M","$","?","?","E","?","R","T","R","E","M","E","M","R","B",null,"M","M","?","M","M","E","R","E","T","$","?","T","$","M","R","B",null,"M","M","?","?","M","E","R","E","T","M","M","?","M","?","R","B",null],"character_chosen":"THE_SILENT","items_purchased":["Well Laid Plans","Sling","Footwork","Medical Kit","Backflip"],"campfire_rested":0,"item_purchase_floors":[3,3,27,27,27],"current_hp_per_floor":[70,70,70,63,49,49,44,44,44,44,51,46,42,41,41,66,84,84,84,84,82,81,81,81,62,62,62,62,62,62,62,62,83,84,70,70,70,70,70,70,70,70,70,70,70,70,70,70,70,70],"gold":0,"neow_bonus":"HUNDRED_GOLD","is_prod":false,"is_daily":false,"chose_seed":false,"campfire_upgraded":6,"win_rate":0,"timestamp":1568415544,"path_taken":["M","M","$","?","?","E","?","R","T","R","E","M","E","M","R","BOSS","M","M","?","?","M","E","R","E","T","$","?","?","$","M","R","BOSS","M","?","?","?","M","E","R","E","T","M","M","?","?","?","R","BOSS"],"build_version":"2019-09-12","purchased_purges":1,"victory":true,"max_hp_per_floor":[70,70,70,70,70,70,70,70,70,70,84,84,84,84,84,84,84,84,84,84,84,84,84,84,84,84,84,84,84,84,84,84,84,84,84,84,84,84,84,84,84,84,84,84,84,84,84,84,84,84],"card_choices":[{"not_picked":["Flying Knee","Dagger Throw"],"picked":"Dagger Spray","floor":1},{"not_picked":["Infinite Blades","Sucker Punch"],"picked":"Flying Knee","floor":2},{"not_picked":["Deflect","A Thousand Cuts"],"picked":"Poisoned Stab","floor":6},{"not_picked":["Cloak And Dagger","Dagger Throw"],"picked":"Escape Plan","floor":7},{"not_picked":["Quick Slash","Dagger Spray"],"picked":"Acrobatics","floor":11},{"not_picked":["Deflect","Backflip"],"picked":"Flechettes","floor":12},{"not_picked":["Outmaneuver","Underhanded Strike","Setup"],"picked":"SKIP","floor":13},{"not_picked":["Terror","Venomology"],"picked":"Leg Sweep","floor":14},{"not_picked":["Malaise","Night Terror"],"picked":"A Thousand Cuts","floor":16},{"not_picked":["Outmaneuver","Dagger Spray","All Out Attack"],"picked":"SKIP","floor":18},{"not_picked":["Flying Knee","Underhanded Strike"],"picked":"Noxious Fumes+1","floor":19},{"not_picked":["Caltrops","Dagger Spray","Quick Slash"],"picked":"SKIP","floor":21},{"not_picked":["Dagger Throw","Dash","Dodge and Roll"],"picked":"SKIP","floor":22},{"not_picked":["Prepared","Predator"],"picked":"Heel Hook","floor":23},{"not_picked":["Night Terror","Masterful Stab"],"picked":"Expertise","floor":25},{"not_picked":["Quick Slash","Noxious Fumes"],"picked":"Acrobatics+1","floor":31},{"not_picked":["Predator+1","Finisher"],"picked":"Footwork+1","floor":35},{"not_picked":["Masterful Stab+1","Deflect"],"picked":"Calculated Gamble+1","floor":36},{"not_picked":["PiercingWail","Slice+1"],"picked":"Blade Dance+1","floor":39},{"not_picked":["Flechettes","Sucker Punch"],"picked":"PiercingWail","floor":40},{"not_picked":["Sucker Punch","Flying Knee+1"],"picked":"Deflect+1","floor":42},{"not_picked":["All Out Attack+1","Poisoned Stab+1"],"picked":"Prepared+1","floor":44},{"not_picked":["Deadly Poison+1","Backflip+1"],"picked":"Setup+1","floor":45},{"not_picked":["Acrobatics+1","Infinite Blades+1"],"picked":"Blur+1","floor":47}],"player_experience":1477415,"relics_obtained":[{"floor":6,"key":"Bottled Tornado"},{"floor":7,"key":"Odd Mushroom"},{"floor":9,"key":"Pantograph"},{"floor":11,"key":"Mango"},{"floor":13,"key":"Ninja Scroll"},{"floor":23,"key":"Mercury Hourglass"},{"floor":25,"key":"War Paint"},{"floor":26,"key":"Oddly Smooth Stone"},{"floor":29,"key":"HornCleat"},{"floor":40,"key":"Toxic Egg 2"},{"floor":42,"key":"Letter Opener"}],"event_choices":[{"cards_removed":["Strike_G"],"damage_healed":0,"gold_gain":0,"player_choice":"Card Removal","damage_taken":7,"max_hp_gain":0,"max_hp_loss":0,"event_name":"Golden Wing","floor":4,"gold_loss":0},{"damage_healed":0,"gold_gain":0,"player_choice":"Entered Light","damage_taken":14,"max_hp_gain":0,"max_hp_loss":0,"event_name":"Shining Light","floor":5,"gold_loss":0,"cards_upgraded":["Dagger Spray","Strike_G"]},{"damage_healed":0,"gold_gain":0,"player_choice":"Fought Mushrooms","damage_taken":0,"max_hp_gain":0,"max_hp_loss":0,"event_name":"Mushrooms","floor":7,"gold_loss":0},{"cards_removed":["Strike_G"],"damage_healed":0,"gold_gain":0,"player_choice":"Offered Basic","damage_taken":0,"max_hp_gain":0,"max_hp_loss":0,"event_name":"Bonfire Elementals","floor":20,"gold_loss":0},{"damage_healed":0,"gold_gain":0,"player_choice":"Opened","damage_taken":0,"relics_obtained":["Omamori"],"max_hp_gain":0,"max_hp_loss":0,"event_name":"The Mausoleum","floor":28,"gold_loss":0},{"damage_healed":0,"gold_gain":0,"player_choice":"Memory 1","damage_taken":0,"max_hp_gain":0,"max_hp_loss":0,"event_name":"SensoryStone","floor":37,"gold_loss":0},{"damage_healed":0,"gold_gain":0,"player_choice":"Upgrade","damage_taken":0,"relics_obtained":["Mark of the Bloom"],"max_hp_gain":0,"max_hp_loss":0,"event_name":"MindBloom","floor":38,"gold_loss":0,"cards_upgraded":["Strike_G","Defend_G","Defend_G","Defend_G","Defend_G","Survivor","Flying Knee","Poisoned Stab","Escape Plan","Acrobatics","Heel Hook","Expertise","Backflip"]},{"damage_healed":0,"gold_gain":0,"cards_transformed":["Strike_G"],"player_choice":"Transformed","damage_taken":0,"max_hp_gain":0,"max_hp_loss":0,"event_name":"Transmorgrifier","floor":46,"gold_loss":0,"cards_obtained":["Underhanded Strike"]},{"damage_healed":0,"gold_gain":0,"player_choice":"Paid","damage_taken":0,"relics_obtained":["Red Mask"],"max_hp_gain":0,"max_hp_loss":0,"event_name":"Tomb of Lord Red Mask","floor":48,"gold_loss":297}],"is_beta":true,"boss_relics":[{"not_picked":["Philosopher\u0027s Stone","Busted Crown"],"picked":"Coffee Dripper"},{"not_picked":["Ring of the Serpent","Runic Dome"],"picked":"SacredBark"}],"items_purged_floors":[27],"is_endless":false,"potions_floor_spawned":[2,13,14,16,22,23,25,31,39,42],"ascension_level":0}