{"gold_per_floor":[210,15,90,90,106,106,134,134,160,178,191,211,236,252,252,357,357,367,386,411,411,41,66,66,85,85,85,96,129,29,40,40,138,138,157,168,168,180,36,63,63,90,90,90,110,144,38,50,50,50,50,50,50,76,76],"floor_reached":56,"playtime":3523,"items_purged":["Strike_B","Regret"],"score":1711,"play_id":"40edf070-93be-41e0-a546-02086db91c93","local_time":"20190727130344","is_ascension_mode":true,"campfire_choices":[{"data":"Streamline","floor":6,"key":"SMITH"},{"data":"Zap","floor":8,"key":"SMITH"},{"data":"Consume","floor":15,"key":"SMITH"},{"data":"Capacitor","floor":24,"key":"SMITH"},{"floor":32,"key":"RECALL"},{"data":"Echo Form","floor":41,"key":"SMITH"},{"floor":49,"key":"REST"},{"data":"Seek","floor":52,"key":"SMITH"}],"neow_cost":"NONE","seed_source_timestamp":745191910801028,"circlet_count":0,"master_deck":["Strike_B","Strike_B","Defend_B","Defend_B","Defend_B","Defend_B","Zap+1","Dualcast","Streamline+1","Ball Lightning","Capacitor+1","Self Repair","Leap","Heatsinks","Cold Snap","Coolheaded","Consume+1","Echo Form+1","Cold Snap+1","Compile Driver","Seek+1","Glacier+1","Core Surge","Blizzard+1","Chill+1","Coolheaded+1","Doom and Gloom+1","Turbo+1","Loop+1","Capacitor","Beam Cell+1","Hologram+1"],"relics":["Cracked Core","DataDisk","Bag of Preparation","Happy Flower","Odd Mushroom","Bottled Flame","Cursed Key","Red Mask","Nilry\u0027s Codex","Ice Cream","Anchor","Omamori","Juzu Bracelet","WingedGreaves","Black Star","Bronze Scales","Du-Vu Doll","Dodecahedron","Mummified Hand","Regal Pillow","NlothsMask","MawBank","Shuriken","Lantern","Cables"],"potions_floor_usage":[12,23,29,33,46,46,55,55,55],"damage_taken":[{"damage":0,"enemies":"Small Slimes","floor":1,"turns":2},{"damage":2,"enemies":"Jaw Worm","floor":5,"turns":2},{"damage":22,"enemies":"3 Sentries","floor":7,"turns":6},{"damage":7,"enemies":"2 Louse","floor":10,"turns":2},{"damage":2,"enemies":"2 Fungi Beasts","floor":11,"turns":3},{"damage":0,"enemies":"The Mushroom Lair","floor":12,"turns":2},{"damage":3,"enemies":"Gremlin Nob","floor":13,"turns":4},{"damage":0,"enemies":"Large Slime","floor":14,"turns":4},{"damage":0,"enemies":"The Guardian","floor":16,"turns":11},{"damage":0,"enemies":"Spheric Guardian","floor":18,"turns":3},{"damage":4,"enemies":"Chosen","floor":19,"turns":4},{"damage":10,"enemies":"Masked Bandits","floor":20,"turns":6},{"damage":6,"enemies":"Book of Stabbing","floor":23,"turns":5},{"damage":0,"enemies":"Snecko","floor":25,"turns":4},{"damage":0,"enemies":"3 Cultists","floor":28,"turns":4},{"damage":6,"enemies":"Gremlin Leader","floor":29,"turns":7},{"damage":0,"enemies":"Cultist and Chosen","floor":31,"turns":6},{"damage":0,"enemies":"Champ","floor":33,"turns":12},{"damage":1,"enemies":"3 Shapes","floor":35,"turns":4},{"damage":0,"enemies":"3 Darklings","floor":36,"turns":5},{"damage":0,"enemies":"Spire Growth","floor":38,"turns":6},{"damage":10,"enemies":"Reptomancer","floor":40,"turns":6},{"damage":0,"enemies":"Nemesis","floor":42,"turns":7},{"damage":0,"enemies":"Writhing Mass","floor":45,"turns":5},{"damage":8,"enemies":"Reptomancer","floor":46,"turns":5},{"damage":8,"enemies":"Maw","floor":48,"turns":7},{"damage":0,"enemies":"Time Eater","floor":50,"turns":8},{"damage":0,"enemies":"Shield and Spear","floor":54,"turns":5},{"damage":7,"enemies":"The Heart","floor":55,"turns":10}],"seed_played":"2299037964143737264","potions_obtained":[{"floor":10,"key":"PowerPotion"},{"floor":12,"key":"PowerPotion"},{"floor":13,"key":"PowerPotion"},{"floor":14,"key":"GamblersBrew"},{"floor":16,"key":"Weak Potion"},{"floor":20,"key":"Strength Potion"},{"floor":23,"key":"Dexterity Potion"},{"floor":29,"key":"SpeedPotion"},{"floor":36,"key":"SpeedPotion"},{"floor":38,"key":"Strength Potion"},{"floor":46,"key":"SpeedPotion"}],"is_trial":false,"path_per_floor":["M","$","?","?","M","R","E","R","T","M","M","?","E","M","R","B",null,"M","M","?","?","$","E","R","M","T","?","M","E","$","M","R","B",null,"M","M","?","M","$","E","R","E","T","?","M","E","$","M","R","B",null,"R","$","E","B",null],"character_chosen":"DEFECT","items_purchased":["DataDisk","Ball Lightning","Ice Cream","Bronze Scales","Capacitor","Strength Potion"],"campfire_rested":1,"item_purchase_floors":[2,2,22,39,47,47],"current_hp_per_floor":[75,75,64,57,55,55,33,33,33,33,38,45,49,56,56,63,75,75,75,75,59,59,67,67,67,67,67,74,75,75,75,75,75,75,75,75,65,72,72,69,69,75,75,75,75,74,74,73,75,75,75,75,75,75,75],"gold":76,"neow_bonus":"HUNDRED_GOLD","is_prod":false,"is_daily":false,"chose_seed":false,"campfire_upgraded":6,"win_rate":0,"timestamp":1564229024,"path_taken":["M","$","?","?","?","R","E","R","T","M","M","?","E","M","R","BOSS","M","M","?","?","$","E","R","M","T","?","M","E","$","M","R","BOSS","M","M","?","M","$","E","R","E","T","?","M","E","$","M","R","BOSS","R","$","E","BOSS"],"build_version":"2019-07-17","purchased_purges":2,"victory":true,"max_hp_per_floor":[75,75,75,75,75,75,75,75,75,75,75,75,75,75,75,75,75,75,75,75,75,75,75,75,75,75,75,75,75,75,75,75,75,75,75,75,75,75,75,75,75,75,75,75,75,75,75,75,75,75,75,75,75,75,75],"card_choices":[{"not_picked":["Hologram","Stack"],"picked":"Streamline","floor":1},{"not_picked":["Skim","Steam"],"picked":"Capacitor","floor":5},{"not_picked":["Steam","Barrage"],"picked":"Self Repair","floor":7},{"not_picked":["Double Energy","Stack"],"picked":"Leap","floor":10},{"not_picked":["Redo","All For One"],"picked":"Heatsinks","floor":11},{"not_picked":["Leap","Rebound"],"picked":"Cold Snap","floor":12},{"not_picked":["Conserve Battery","Darkness"],"picked":"Coolheaded","floor":13},{"not_picked":["Coolheaded","Buffer"],"picked":"Consume","floor":14},{"not_picked":["Hyperbeam","Meteor Strike"],"picked":"Echo Form","floor":16},{"not_picked":["Reinforced Body","Ball Lightning"],"picked":"Cold Snap+1","floor":18},{"not_picked":["Ball Lightning","Leap"],"picked":"Compile Driver","floor":19},{"not_picked":["Leap+1","Rebound"],"picked":"Seek","floor":23},{"not_picked":["Reprogram+1","White Noise+1"],"picked":"Glacier+1","floor":25},{"not_picked":["Redo+1","Sweeping Beam","Recycle"],"picked":"SKIP","floor":28},{"not_picked":["Conserve Battery","Self Repair","FTL"],"picked":"SKIP","floor":29},{"not_picked":["Go for the Eyes","Glacier+1","Cold Snap"],"picked":"SKIP","floor":31},{"not_picked":["Thunder Strike","Echo Form"],"picked":"Core Surge","floor":33},{"not_picked":["Beam Cell","Capacitor"],"picked":"Blizzard+1","floor":35},{"not_picked":["Redo+1","Fusion+1"],"picked":"Chill+1","floor":36},{"not_picked":["Go for the Eyes","Heatsinks+1"],"picked":"Coolheaded+1","floor":38},{"not_picked":["BootSequence","Ball Lightning","Leap+1"],"picked":"SKIP","floor":40},{"not_picked":["Steam","Electrodynamics"],"picked":"Doom and Gloom+1","floor":42},{"not_picked":["Melter","Force Field+1"],"picked":"Turbo+1","floor":45},{"not_picked":["Glacier+1","Barrage+1"],"picked":"Loop+1","floor":46},{"not_picked":["Go for the Eyes","Melter"],"picked":"Beam Cell+1","floor":48},{"not_picked":["Streamline","Static Discharge+1"],"picked":"Hologram+1","floor":54}],"player_experience":1758473,"relics_obtained":[{"floor":7,"key":"Bag of Preparation"},{"floor":9,"key":"Happy Flower"},{"floor":12,"key":"Odd Mushroom"},{"floor":13,"key":"Bottled Flame"},{"floor":20,"key":"Red Mask"},{"floor":21,"key":"Nilry\u0027s Codex"},{"floor":23,"key":"Anchor"},{"floor":26,"key":"Omamori"},{"floor":29,"key":"WingedGreaves"},{"floor":40,"key":"Du-Vu Doll"},{"floor":40,"key":"Dodecahedron"},{"floor":42,"key":"Mummified Hand"},{"floor":42,"key":"Regal Pillow"},{"floor":46,"key":"MawBank"},{"floor":46,"key":"Shuriken"},{"floor":54,"key":"Lantern"},{"floor":54,"key":"Cables"}],"event_choices":[{"damage_healed":0,"gold_gain":75,"player_choice":"Gather Gold","damage_taken":11,"max_hp_gain":0,"max_hp_loss":0,"event_name":"World of Goop","floor":3,"gold_loss":0},{"cards_removed":["Strike_B"],"damage_healed":0,"gold_gain":0,"player_choice":"Card Removal","damage_taken":7,"max_hp_gain":0,"max_hp_loss":0,"event_name":"Golden Wing","floor":4,"gold_loss":0},{"damage_healed":0,"gold_gain":0,"player_choice":"Fought Mushrooms","damage_taken":0,"max_hp_gain":0,"max_hp_loss":0,"event_name":"Mushrooms","floor":12,"gold_loss":0},{"damage_healed":0,"gold_gain":0,"player_choice":"Fought Bandits","damage_taken":0,"max_hp_gain":0,"max_hp_loss":0,"event_name":"Masked Bandits","floor":20,"gold_loss":0},{"damage_healed":0,"gold_gain":0,"player_choice":"Obtained Book","damage_taken":16,"max_hp_gain":0,"max_hp_loss":0,"event_name":"Cursed Tome","floor":21,"gold_loss":0},{"damage_healed":0,"gold_gain":0,"player_choice":"Stole Relic","damage_taken":0,"relics_obtained":["Juzu Bracelet"],"max_hp_gain":0,"max_hp_loss":0,"event_name":"Addict","floor":27,"gold_loss":0,"cards_obtained":["Shame"]},{"damage_healed":0,"gold_gain":0,"player_choice":"Memory 3","damage_taken":10,"max_hp_gain":0,"max_hp_loss":0,"event_name":"SensoryStone","floor":37,"gold_loss":0},{"damage_healed":0,"gold_gain":0,"player_choice":"Trade","damage_taken":0,"relics_obtained":["NlothsMask"],"max_hp_gain":0,"max_hp_loss":0,"event_name":"FaceTrader","floor":44,"gold_loss":0}],"is_beta":false,"boss_relics":[{"not_picked":["Runic Pyramid","Snecko Eye"],"picked":"Cursed Key"},{"not_picked":["Inserter","Empty Cage"],"picked":"Black Star"}],"items_purged_floors":[22,30],"is_endless":false,"potions_floor_spawned":[10,12,13,14,16,20,23,25,29,36,38,42,46],"ascension_level":2}