{"gold_per_floor":[112,128,128,148,160,188,202,213,213,213,245,245,271,286,286,388,388,402,402,402,418,429,429,443,57,81,100,0,0,20,20,20,122,122,134,146,156,31,0,26,126,126,149,175,25,36,365,384,384,384],"floor_reached":51,"playtime":2430,"items_purged":["Warcry","Pommel Strike","Defend_R","Defend_R"],"score":882,"play_id":"57f9ab03-1c21-4b03-9ffe-c02506e34b36","local_time":"20190414003300","is_ascension_mode":true,"campfire_choices":[{"data":"Shockwave","floor":10,"key":"SMITH"},{"data":"Thunderclap","floor":12,"key":"SMITH"},{"data":"Infernal Blade","floor":15,"key":"SMITH"},{"data":"Flame Barrier","floor":23,"key":"SMITH"},{"data":"Bite","floor":32,"key":"SMITH"},{"data":"Uppercut","floor":42,"key":"SMITH"},{"data":"Inflame","floor":49,"key":"SMITH"}],"neow_cost":"NONE","seed_source_timestamp":1835202908197400,"circlet_count":0,"master_deck":["Defend_R","Defend_R+1","Bash+1","Shockwave+1","Headbutt","Flex","Flex","Thunderclap+1","Uppercut+1","Infernal Blade+1","Reaper","Inflame+1","Bite","Bite","Bite","Bite+1","Flame Barrier+1","Shockwave+1","Reaper","Reaper","Thunderclap+1","Armaments+1","Spot Weakness+1","Disarm+1","Sword Boomerang+1","Bloodletting+1","Disarm+1"],"relics":["Burning Blood","Orichalcum","Pantograph","Ornamental Fan","Happy Flower","Coffee Dripper","Enchiridion","Ice Cream","Juzu Bracelet","Toxic Egg 2","Sozu","Red Mask","Gambling Chip","Magic Flower","Regal Pillow","Incense Burner","Old Coin"],"potions_floor_usage":[4,6,11,24,33,41],"damage_taken":[{"damage":0,"enemies":"2 Louse","floor":1,"turns":3},{"damage":8,"enemies":"Small Slimes","floor":2,"turns":3},{"damage":2,"enemies":"Jaw Worm","floor":4,"turns":3},{"damage":9,"enemies":"2 Fungi Beasts","floor":5,"turns":4},{"damage":20,"enemies":"Gremlin Nob","floor":6,"turns":4},{"damage":2,"enemies":"Looter","floor":7,"turns":3},{"damage":16,"enemies":"Gremlin Gang","floor":8,"turns":4},{"damage":13,"enemies":"Lagavulin","floor":11,"turns":5},{"damage":17,"enemies":"3 Sentries","floor":13,"turns":7},{"damage":2,"enemies":"3 Louse","floor":14,"turns":3},{"damage":49,"enemies":"Hexaghost","floor":16,"turns":10},{"damage":25,"enemies":"2 Thieves","floor":18,"turns":3},{"damage":22,"enemies":"Spheric Guardian","floor":21,"turns":4},{"damage":34,"enemies":"Snake Plant","floor":22,"turns":4},{"damage":6,"enemies":"Centurion and Healer","floor":24,"turns":5},{"damage":2,"enemies":"3 Cultists","floor":27,"turns":4},{"damage":12,"enemies":"Snake Plant","floor":30,"turns":4},{"damage":66,"enemies":"Automaton","floor":33,"turns":12},{"damage":6,"enemies":"Orb Walker","floor":35,"turns":3},{"damage":5,"enemies":"3 Darklings","floor":36,"turns":4},{"damage":45,"enemies":"Sphere and 2 Shapes","floor":37,"turns":4},{"damage":36,"enemies":"Giant Head","floor":40,"turns":8},{"damage":11,"enemies":"Mind Bloom Boss Battle","floor":41,"turns":6},{"damage":45,"enemies":"Nemesis","floor":44,"turns":7},{"damage":53,"enemies":"4 Shapes","floor":46,"turns":4},{"damage":50,"enemies":"Giant Head","floor":47,"turns":8},{"damage":17,"enemies":"Maw","floor":48,"turns":7},{"damage":106,"enemies":"Time Eater","floor":50,"turns":14}],"seed_played":"-6172844329212477123","potions_obtained":[{"floor":2,"key":"SkillPotion"},{"floor":4,"key":"Poison Potion"},{"floor":8,"key":"PowerPotion"},{"floor":14,"key":"FearPotion"},{"floor":22,"key":"AttackPotion"},{"floor":24,"key":"Energy Potion"}],"is_trial":false,"path_per_floor":["M","M","?","M","M","E","M","M","T","R","E","R","E","M","R","B",null,"M","?","?","M","M","R","M","$","T","M","$","?","M","T","R","B",null,"M","M","M","$","?","E","?","R","T","E","$","M","E","M","R","B",null],"character_chosen":"IRONCLAD","items_purchased":["Ice Cream"],"campfire_rested":0,"item_purchase_floors":[25],"current_hp_per_floor":[88,86,68,72,69,55,59,49,49,49,42,42,31,35,35,17,88,69,53,53,45,27,27,39,39,39,61,61,61,61,61,61,31,61,61,61,50,50,50,61,61,61,61,60,60,55,44,61,61,42],"gold":384,"neow_bonus":"TEN_PERCENT_HP_BONUS","is_prod":false,"is_daily":false,"chose_seed":false,"campfire_upgraded":7,"win_rate":0,"timestamp":1555191180,"path_taken":["M","M","?","M","M","E","M","M","T","R","E","R","E","M","R","BOSS","M","?","?","M","M","R","M","?","T","M","$","?","M","?","R","BOSS","M","M","M","$","?","E","?","R","T","E","?","M","E","M","R","BOSS"],"build_version":"2019-01-23","purchased_purges":4,"victory":true,"max_hp_per_floor":[88,88,88,88,88,88,88,88,88,88,88,88,88,88,88,88,88,88,88,61,61,61,61,61,61,61,61,61,61,61,61,61,61,61,61,61,61,61,61,61,61,61,61,61,61,61,61,61,61,61],"card_choices":[{"not_picked":["Sever Soul","Shrug It Off"],"picked":"Pommel Strike","floor":1},{"not_picked":["Twin Strike","Dual Wield"],"picked":"Warcry","floor":2},{"not_picked":["Anger","Warcry","Clash"],"picked":"SKIP","floor":4},{"not_picked":["Anger","Demon Form"],"picked":"Shockwave","floor":5},{"not_picked":["Rupture","Twin Strike"],"picked":"Headbutt","floor":6},{"not_picked":["Twin Strike","Whirlwind"],"picked":"Flex","floor":7},{"not_picked":["Bludgeon","Clash"],"picked":"Flex","floor":8},{"not_picked":["Anger","Dual Wield"],"picked":"Thunderclap","floor":11},{"not_picked":["Perfected Strike","Whirlwind"],"picked":"Uppercut","floor":13},{"not_picked":["Pommel Strike","Disarm"],"picked":"Infernal Blade","floor":14},{"not_picked":["Juggernaut","Offering"],"picked":"Reaper","floor":16},{"not_picked":["Anger+1","Perfected Strike"],"picked":"Inflame","floor":18},{"not_picked":["Armaments","Burning Pact"],"picked":"Flame Barrier","floor":21},{"not_picked":["Wild Strike","Heavy Blade"],"picked":"Shockwave+1","floor":22},{"not_picked":["Armaments+1","Headbutt"],"picked":"Reaper","floor":24},{"not_picked":["Feel No Pain+1","Carnage","Havoc"],"picked":"SKIP","floor":27},{"not_picked":["Body Slam","Twin Strike","Clash"],"picked":"SKIP","floor":30},{"not_picked":["Fiend Fire","Impervious+1"],"picked":"Reaper","floor":33},{"not_picked":["Whirlwind","Ghostly Armor+1"],"picked":"Thunderclap+1","floor":35},{"not_picked":["Twin Strike+1","Sword Boomerang+1"],"picked":"Armaments+1","floor":36},{"not_picked":["Pommel Strike+1","Burning Pact+1"],"picked":"Spot Weakness+1","floor":37},{"not_picked":["Evolve+1","Havoc+1","Bludgeon"],"picked":"SKIP","floor":40},{"not_picked":["Flex+1","Clothesline+1"],"picked":"Disarm+1","floor":41},{"not_picked":["Clash","Power Through+1"],"picked":"Sword Boomerang+1","floor":44},{"not_picked":["Pommel Strike","Sword Boomerang+1"],"picked":"Bloodletting+1","floor":46},{"not_picked":["Spot Weakness+1","Body Slam","Power Through+1"],"picked":"SKIP","floor":47},{"not_picked":["Wild Strike","Sword Boomerang+1"],"picked":"Disarm+1","floor":48}],"player_experience":279311,"relics_obtained":[{"floor":6,"key":"Orichalcum"},{"floor":9,"key":"Pantograph"},{"floor":11,"key":"Ornamental Fan"},{"floor":13,"key":"Happy Flower"},{"floor":19,"key":"Enchiridion"},{"floor":26,"key":"Juzu Bracelet"},{"floor":31,"key":"Toxic Egg 2"},{"floor":40,"key":"Gambling Chip"},{"floor":41,"key":"Magic Flower"},{"floor":43,"key":"Regal Pillow"},{"floor":44,"key":"Incense Burner"},{"floor":47,"key":"Old Coin"}],"event_choices":[{"damage_healed":0,"gold_gain":0,"player_choice":"Entered Light","damage_taken":18,"max_hp_gain":0,"max_hp_loss":0,"event_name":"Shining Light","floor":3,"gold_loss":0,"cards_upgraded":["Bash","Defend_R"]},{"damage_healed":0,"gold_gain":0,"player_choice":"Obtained Book","damage_taken":16,"max_hp_gain":0,"max_hp_loss":0,"event_name":"Cursed Tome","floor":19,"gold_loss":0},{"damage_healed":0,"gold_gain":0,"player_choice":"Became a vampire","damage_taken":0,"max_hp_gain":0,"max_hp_loss":27,"event_name":"Vampires","floor":20,"gold_loss":0,"cards_obtained":["Bite","Bite","Bite","Bite","Bite"]},{"cards_removed":["Bite"],"damage_healed":0,"gold_gain":0,"player_choice":"Elegance","damage_taken":0,"max_hp_gain":0,"max_hp_loss":0,"event_name":"Back to Basics","floor":29,"gold_loss":0},{"damage_healed":0,"gold_gain":0,"player_choice":"Paid","damage_taken":0,"relics_obtained":["Red Mask"],"max_hp_gain":0,"max_hp_loss":0,"event_name":"Tomb of Lord Red Mask","floor":39,"gold_loss":31},{"damage_healed":0,"gold_gain":0,"player_choice":"Fight","damage_taken":0,"max_hp_gain":0,"max_hp_loss":0,"event_name":"MindBloom","floor":41,"gold_loss":0}],"is_beta":false,"boss_relics":[{"not_picked":["Runic Pyramid","Orrery"],"picked":"Coffee Dripper"},{"not_picked":["Snecko Eye","Runic Dome"],"picked":"Sozu"}],"items_purged_floors":[25,28,38,45],"is_endless":false,"potions_floor_spawned":[2,4,8,14,22,24,35,36,37,46,48],"ascension_level":2}