{"gold_per_floor":[110,122,133,6,22,57,57,91,116,128,128,128,144,144,144,245,245,263,65,65,97,97,97,117,152,152,152,172,97,132,146,146,246,246,263,263,275,126,142,175,175,192,218,229,254,271,271,291,291,291,291,291,48,75,75],"floor_reached":56,"playtime":2116,"items_purged":[],"score":1459,"play_id":"b64f2185-c531-44da-b3a9-c055bf86ee0a","local_time":"20190715012006","is_ascension_mode":false,"campfire_choices":[{"data":"Noxious Fumes","floor":7,"key":"SMITH"},{"data":"Catalyst","floor":12,"key":"SMITH"},{"data":"Caltrops","floor":15,"key":"SMITH"},{"data":"Burst","floor":23,"key":"SMITH"},{"data":"Well Laid Plans","floor":27,"key":"SMITH"},{"data":"Catalyst","floor":32,"key":"SMITH"},{"data":"Adrenaline","floor":41,"key":"SMITH"},{"floor":49,"key":"RECALL"},{"data":"Malaise","floor":52,"key":"SMITH"}],"neow_cost":"TEN_PERCENT_HP_LOSS","seed_source_timestamp":368584569031890,"circlet_count":0,"master_deck":["Defend_G","Defend_G+1","Defend_G","Survivor","Neutralize","Bouncing Flask+1","Noxious Fumes+1","Catalyst+1","Dagger Throw","Backflip","Well Laid Plans+1","Caltrops+1","Burst+1","Dash+1","Wraith Form v2+1","Dagger Spray+1","Escape Plan","Catalyst+1","Sucker Punch+1","Adrenaline+1","Catalyst+1","Malaise+1","Acrobatics"],"relics":["Ring of the Snake","War Paint","Orichalcum","Centennial Puzzle","Astrolabe","OrangePellets","Red Mask","Snake Skull","Torii","Philosopher\u0027s Stone","Art of War","Strawberry","Happy Flower","Paper Crane","Boot"],"potions_floor_usage":[6,16,25,45,55,55,55],"damage_taken":[{"damage":0,"enemies":"Cultist","floor":1,"turns":5},{"damage":0,"enemies":"Small Slimes","floor":2,"turns":3},{"damage":0,"enemies":"2 Louse","floor":3,"turns":2},{"damage":0,"enemies":"Looter","floor":5,"turns":3},{"damage":8,"enemies":"Lagavulin","floor":6,"turns":4},{"damage":16,"enemies":"Gremlin Nob","floor":8,"turns":4},{"damage":1,"enemies":"Exordium Thugs","floor":10,"turns":4},{"damage":0,"enemies":"2 Fungi Beasts","floor":13,"turns":4},{"damage":0,"enemies":"Hexaghost","floor":16,"turns":6},{"damage":0,"enemies":"Shell Parasite","floor":18,"turns":5},{"damage":4,"enemies":"Masked Bandits","floor":21,"turns":4},{"damage":2,"enemies":"2 Thieves","floor":24,"turns":4},{"damage":12,"enemies":"Slavers","floor":25,"turns":5},{"damage":0,"enemies":"Snake Plant","floor":28,"turns":3},{"damage":0,"enemies":"Book of Stabbing","floor":30,"turns":2},{"damage":0,"enemies":"Shelled Parasite and Fungi","floor":31,"turns":4},{"damage":1,"enemies":"Champ","floor":33,"turns":3},{"damage":23,"enemies":"3 Darklings","floor":35,"turns":4},{"damage":0,"enemies":"Orb Walker","floor":37,"turns":1},{"damage":0,"enemies":"Writhing Mass","floor":39,"turns":2},{"damage":0,"enemies":"Giant Head","floor":40,"turns":2},{"damage":0,"enemies":"Sphere and 2 Shapes","floor":42,"turns":6},{"damage":0,"enemies":"Spire Growth","floor":44,"turns":3},{"damage":0,"enemies":"Reptomancer","floor":45,"turns":3},{"damage":0,"enemies":"Transient","floor":46,"turns":4},{"damage":0,"enemies":"3 Darklings","floor":48,"turns":3},{"damage":0,"enemies":"Time Eater","floor":50,"turns":4},{"damage":0,"enemies":"Shield and Spear","floor":54,"turns":3},{"damage":1,"enemies":"The Heart","floor":55,"turns":3}],"seed_played":"5003990256740832863","potions_obtained":[{"floor":1,"key":"Dexterity Potion"},{"floor":13,"key":"Energy Potion"},{"floor":16,"key":"EssenceOfSteel"},{"floor":21,"key":"Energy Potion"},{"floor":22,"key":"PowerPotion"},{"floor":30,"key":"SteroidPotion"},{"floor":45,"key":"Energy Potion"}],"is_trial":false,"path_per_floor":["M","M","M","$","M","E","R","E","T","M","?","R","M","?","R","B",null,"M","$","?","?","?","R","M","E","T","R","M","?","E","M","R","B",null,"M","?","M","$","M","E","R","M","T","M","E","M","?","M","R","B",null,"R","$","E","B",null],"character_chosen":"THE_SILENT","items_purchased":["Catalyst","AttackPotion","OrangePellets","Malaise","Paper Crane"],"campfire_rested":0,"item_purchase_floors":[4,4,19,38,53],"current_hp_per_floor":[63,63,63,63,63,55,55,39,39,38,38,38,38,31,31,31,63,63,63,63,59,59,59,57,45,45,45,45,45,45,45,45,44,63,40,40,40,40,40,40,40,40,47,47,47,47,47,47,47,47,66,66,66,66,65],"gold":75,"neow_bonus":"REMOVE_TWO","is_prod":false,"is_daily":false,"chose_seed":false,"campfire_upgraded":8,"win_rate":0,"timestamp":1563150006,"path_taken":["M","M","?","$","M","E","R","E","T","M","?","R","M","?","R","BOSS","M","$","?","?","?","R","M","E","T","R","?","?","E","M","R","BOSS","M","?","M","$","?","E","R","M","T","M","E","M","?","M","R","BOSS","R","$","E","BOSS"],"build_version":"2019-07-05","purchased_purges":0,"victory":true,"max_hp_per_floor":[63,63,63,63,63,63,63,63,63,63,63,63,63,63,63,63,63,63,63,63,63,63,63,63,63,63,63,63,63,63,63,63,63,63,63,63,63,63,63,63,63,63,70,70,70,70,66,66,66,66,66,66,66,66,66],"card_choices":[{"not_picked":["Caltrops","Sucker Punch"],"picked":"Bouncing Flask","floor":1},{"not_picked":["Accuracy","Blade Dance"],"picked":"Predator","floor":2},{"not_picked":["Heel Hook","Poisoned Stab"],"picked":"Noxious Fumes","floor":3},{"not_picked":["Masterful Stab","Concentrate"],"picked":"Dagger Throw","floor":5},{"not_picked":["Bane","All Out Attack"],"picked":"Backflip","floor":6},{"not_picked":["Die Die Die","Distraction"],"picked":"Well Laid Plans","floor":8},{"not_picked":["Dagger Throw","Dagger Spray"],"picked":"Caltrops","floor":10},{"not_picked":["Prepared","Riddle With Holes","Flying Knee"],"picked":"SKIP","floor":13},{"not_picked":["After Image","Bullet Time"],"picked":"Burst","floor":16},{"not_picked":["Dodge and Roll","PiercingWail"],"picked":"Escape Plan","floor":18},{"not_picked":["Blur","Quick Slash+1"],"picked":"Catalyst","floor":24},{"not_picked":["Choke","Dodge and Roll","Predator"],"picked":"SKIP","floor":25},{"not_picked":["Masterful Stab","Blade Dance","Outmaneuver"],"picked":"SKIP","floor":28},{"not_picked":["Predator","Flying Knee+1","Storm of Steel"],"picked":"SKIP","floor":30},{"not_picked":["Blade Dance","Deflect","Sucker Punch+1"],"picked":"SKIP","floor":31},{"not_picked":["Blade Dance","Deflect"],"picked":"Sucker Punch+1","floor":31},{"not_picked":["Wraith Form v2","Malaise"],"picked":"Adrenaline","floor":33},{"not_picked":["Outmaneuver+1","Flying Knee","Deadly Poison"],"picked":"SKIP","floor":35},{"not_picked":["Cloak And Dagger","Eviscerate+1"],"picked":"Catalyst+1","floor":37},{"not_picked":["Flechettes","Quick Slash","Deadly Poison"],"picked":"SKIP","floor":39},{"not_picked":["PiercingWail+1","Flying Knee+1"],"picked":"Acrobatics","floor":40},{"not_picked":["PiercingWail","Backstab+1","Prepared"],"picked":"SKIP","floor":42},{"not_picked":["Quick Slash","Underhanded Strike+1","Unload"],"picked":"SKIP","floor":44},{"not_picked":["Concentrate","Deadly Poison","Underhanded Strike"],"picked":"SKIP","floor":45},{"not_picked":["Bouncing Flask","Eviscerate","Finisher+1"],"picked":"SKIP","floor":46},{"not_picked":["Cloak And Dagger","Slice+1","Quick Slash"],"picked":"SKIP","floor":48},{"not_picked":["Flechettes+1","Dagger Spray+1","Terror"],"picked":"SKIP","floor":54}],"player_experience":1696417,"relics_obtained":[{"floor":6,"key":"War Paint"},{"floor":8,"key":"Orichalcum"},{"floor":9,"key":"Centennial Puzzle"},{"floor":21,"key":"Red Mask"},{"floor":25,"key":"Snake Skull"},{"floor":30,"key":"Torii"},{"floor":40,"key":"Art of War"},{"floor":43,"key":"Strawberry"},{"floor":45,"key":"Happy Flower"},{"floor":54,"key":"Boot"}],"event_choices":[{"damage_healed":0,"gold_gain":0,"player_choice":"Ignored","damage_taken":0,"max_hp_gain":0,"max_hp_loss":0,"event_name":"Liars Game","floor":11,"gold_loss":0},{"cards_removed":["Strike_G"],"damage_healed":0,"gold_gain":0,"player_choice":"Card Removal","damage_taken":7,"max_hp_gain":0,"max_hp_loss":0,"event_name":"Golden Wing","floor":14,"gold_loss":0},{"damage_healed":0,"gold_gain":0,"player_choice":"Ignored","damage_taken":0,"max_hp_gain":0,"max_hp_loss":0,"event_name":"The Mausoleum","floor":20,"gold_loss":0},{"damage_healed":0,"gold_gain":0,"player_choice":"Fought Bandits","damage_taken":0,"max_hp_gain":0,"max_hp_loss":0,"event_name":"Masked Bandits","floor":21,"gold_loss":0},{"damage_healed":0,"gold_gain":0,"player_choice":"Got Potions","damage_taken":0,"max_hp_gain":0,"max_hp_loss":0,"event_name":"Lab","floor":22,"gold_loss":0},{"cards_removed":["Defend_G"],"damage_healed":0,"gold_gain":0,"player_choice":"Gave Gold","damage_taken":0,"max_hp_gain":0,"max_hp_loss":0,"event_name":"Beggar","floor":29,"gold_loss":75},{"cards_removed":["Predator"],"damage_healed":0,"gold_gain":0,"player_choice":"Purged","damage_taken":0,"max_hp_gain":0,"max_hp_loss":0,"event_name":"Purifier","floor":36,"gold_loss":0},{"damage_healed":0,"gold_gain":0,"player_choice":"Max HP","damage_taken":0,"max_hp_gain":0,"max_hp_loss":4,"event_name":"Winding Halls","floor":47,"gold_loss":0}],"is_beta":false,"boss_relics":[{"not_picked":["Ectoplasm","Pandora\u0027s Box"],"picked":"Astrolabe"},{"not_picked":["Eternal Feather","White Beast Statue"],"picked":"Philosopher\u0027s Stone"}],"items_purged_floors":[],"is_endless":false,"potions_floor_spawned":[1,13,16,21,30,31,33,37,42,45,46,48],"ascension_level":0}