{"gold_per_floor":[114,114,39,54,54,69,0,30,30,30,5,20,50,65,65,165,165,180,205,55,70,130,130,180,180,205,220,42,72,72,102,102,202,202,217,52,119,31,31,31,61,61,61,101,101,101,116,8,8,8],"floor_reached":51,"playtime":8113,"items_purged":["Pain"],"score":862,"play_id":"f35d3970-3997-4ab7-ab11-d4a112f9869e","local_time":"20191019093945","daily_mods":["Draft","Flight","DeadlyEvents"],"is_ascension_mode":false,"campfire_choices":[{"floor":10.0,"key":"REST"},{"data":"Combust","floor":15.0,"key":"SMITH"},{"data":"Shockwave","floor":23.0,"key":"SMITH"},{"data":"Reaper","floor":25.0,"key":"SMITH"},{"data":"Mayhem","floor":30.0,"key":"SMITH"},{"data":"Shockwave","floor":32.0,"key":"SMITH"},{"floor":40.0,"key":"REST"},{"floor":42.0,"key":"REST"},{"data":"Exhume","floor":45.0,"key":"SMITH"},{"data":"Pommel Strike","floor":46.0,"key":"SMITH"},{"floor":49.0,"key":"REST"}],"neow_cost":"","seed_source_timestamp":0,"circlet_count":0,"master_deck":["Shockwave+1","Rage","Armaments","Armaments","Shockwave+1","Combust+1","Shrug It Off","Warcry","Inflame","Warcry","Warcry","Intimidate","Havoc","Pommel Strike+1","Ghostly Armor","Anger","Ghostly Armor","Havoc","Warcry","Ghostly Armor","Pommel Strike","Reaper+1","Battle Trance","Headbutt","Clothesline+1","Mayhem+1","Anger+1","Exhume+1","Anger+1","HandOfGreed+1","Metallicize","Bandage Up","Cleave+1","Hemokinesis+1","Seeing Red","Good Instincts"],"special_seed":18188,"relics":["Burning Blood","WarpedTongs","Lantern","Letter Opener","Happy Flower","Empty Cage","Bag of Marbles","Art of War","Tiny Chest","Regal Pillow","Strawberry","Molten Egg 2","Darkstone Periapt","Champion Belt","Bottled Tornado","The Courier","Kunai"],"potions_floor_usage":[50,50,50],"damage_taken":[{"damage":24.0,"enemies":"Cultist","floor":1.0,"turns":7.0},{"damage":2.0,"enemies":"2 Louse","floor":4.0,"turns":4.0},{"damage":10.0,"enemies":"Small Slimes","floor":6.0,"turns":4.0},{"damage":16.0,"enemies":"3 Sentries","floor":8.0,"turns":9.0},{"damage":1.0,"enemies":"Red Slaver","floor":12.0,"turns":3.0},{"damage":2.0,"enemies":"Lagavulin","floor":13.0,"turns":6.0},{"damage":5.0,"enemies":"Looter","floor":14.0,"turns":3.0},{"damage":5.0,"enemies":"Slime Boss","floor":16.0,"turns":5.0},{"damage":10.0,"enemies":"Spheric Guardian","floor":18.0,"turns":4.0},{"damage":0.0,"enemies":"3 Byrds","floor":21.0,"turns":5.0},{"damage":1.0,"enemies":"Book of Stabbing","floor":22.0,"turns":4.0},{"damage":4.0,"enemies":"Centurion and Healer","floor":27.0,"turns":6.0},{"damage":17.0,"enemies":"Slavers","floor":29.0,"turns":6.0},{"damage":6.0,"enemies":"Gremlin Leader","floor":31.0,"turns":6.0},{"damage":35.0,"enemies":"Champ","floor":33.0,"turns":12.0},{"damage":6.0,"enemies":"Orb Walker","floor":35.0,"turns":4.0},{"damage":72.0,"enemies":"2 Orb Walkers","floor":37.0,"turns":6.0},{"damage":29.0,"enemies":"Giant Head","floor":41.0,"turns":8.0},{"damage":28.0,"enemies":"3 Shapes","floor":44.0,"turns":5.0},{"damage":25.0,"enemies":"Jaw Worm Horde","floor":47.0,"turns":4.0},{"damage":104,"enemies":"Awakened One","floor":50,"turns":14}],"seed_played":"-7199449500814879131","potions_obtained":[{"floor":1.0,"key":"EssenceOfSteel"},{"floor":8.0,"key":"AttackPotion"},{"floor":12.0,"key":"SteroidPotion"},{"floor":14.0,"key":"Fire Potion"},{"floor":16.0,"key":"EssenceOfSteel"},{"floor":21.0,"key":"AttackPotion"},{"floor":22.0,"key":"BloodPotion"},{"floor":35.0,"key":"Strength Potion"},{"floor":44.0,"key":"Weak Potion"},{"floor":47.0,"key":"Poison Potion"}],"is_trial":false,"path_per_floor":["M","?","$","M","?","M","$","E","T","R","$","M","E","M","R","B",null,"M","T","$","M","E","R","T","R","T","M","$","E","R","E","R","B",null,"M","$","?","$","T","R","E","R","T","M","R","R","M","$","R","B",null],"character_chosen":"IRONCLAD","items_purchased":["Ghostly Armor","Warcry","Art of War","Mayhem","HandOfGreed+1","Bandage Up","Seeing Red","Good Instincts"],"campfire_rested":4,"item_purchase_floors":[7,11,20,28,36,38,48,48],"current_hp_per_floor":[62,62,62,66,71,67,67,57,57,82,82,85,85,85,85,85,85,81,81,81,85,85,85,85,85,92,92,92,92,92,92,92,69,92,92,92,26,26,26,68,58,92,92,84,84,84,81,81,92,31],"gold":8,"neow_bonus":"","is_prod":false,"is_daily":true,"chose_seed":false,"campfire_upgraded":7,"win_rate":0,"timestamp":1571499585,"path_taken":["M","?","$","?","?","M","?","?","T","R","$","?","E","?","R","BOSS","M","?","$","?","?","R","?","R","T","?","$","?","R","?","R","BOSS","M","$","?","?","?","R","?","R","T","M","R","R","?","?","R","BOSS"],"build_version":"2019-07-17","purchased_purges":1,"victory":true,"max_hp_per_floor":[80,80,80,80,85,85,85,85,85,85,85,85,85,85,85,85,85,85,85,85,85,85,85,85,85,92,92,92,92,92,92,92,92,92,92,92,92,92,92,92,92,92,92,92,92,92,92,92,92,92],"card_choices":[{"not_picked":["Thunderclap","Combust"],"picked":"Shockwave","floor":0.0},{"not_picked":["Pummel","True Grit"],"picked":"Rage","floor":0.0},{"not_picked":["Burning Pact","Searing Blow"],"picked":"Armaments","floor":0.0},{"not_picked":["Iron Wave","Wild Strike"],"picked":"Armaments","floor":0.0},{"not_picked":["Clothesline","Perfected Strike"],"picked":"Shockwave","floor":0.0},{"not_picked":["Wild Strike","Twin Strike"],"picked":"Combust","floor":0.0},{"not_picked":["Sentinel","Cleave"],"picked":"Shrug It Off","floor":0.0},{"not_picked":["Cleave","Twin Strike"],"picked":"Warcry","floor":0.0},{"not_picked":["Sword Boomerang","Blood for Blood"],"picked":"Inflame","floor":0.0},{"not_picked":["Anger","Sword Boomerang"],"picked":"Warcry","floor":0.0},{"not_picked":["Searing Blow","Clash"],"picked":"Warcry","floor":0.0},{"not_picked":["Iron Wave","Sword Boomerang"],"picked":"Burning Pact","floor":0.0},{"not_picked":["Anger","Pommel Strike"],"picked":"Intimidate","floor":0.0},{"not_picked":["Headbutt","Iron Wave"],"picked":"Dual Wield","floor":0.0},{"not_picked":["Anger","Cleave"],"picked":"Havoc","floor":0.0},{"not_picked":["Thunderclap","Dropkick"],"picked":"Pommel Strike","floor":1.0},{"not_picked":["Wild Strike","Clothesline"],"picked":"Ghostly Armor","floor":4.0},{"not_picked":["Shrug It Off","Clothesline"],"picked":"Anger","floor":6.0},{"not_picked":["Spot Weakness","Sever Soul"],"picked":"Havoc","floor":8.0},{"not_picked":["Headbutt","Perfected Strike"],"picked":"Ghostly Armor","floor":12.0},{"not_picked":["Wild Strike","Heavy Blade","Havoc"],"picked":"SKIP","floor":13.0},{"not_picked":["Sword Boomerang","Perfected Strike"],"picked":"Pommel Strike","floor":14.0},{"not_picked":["Brutality","Offering"],"picked":"Reaper","floor":16.0},{"not_picked":["Clash+1","Cleave"],"picked":"Battle Trance","floor":18.0},{"not_picked":["True Grit","Second Wind"],"picked":"Headbutt","floor":21.0},{"not_picked":["Corruption","Battle Trance+1","Dropkick"],"picked":"SKIP","floor":22.0},{"not_picked":["Warcry+1","Evolve"],"picked":"Clothesline+1","floor":27.0},{"not_picked":["Fire Breathing","Armaments","Sword Boomerang"],"picked":"SKIP","floor":29.0},{"not_picked":["Metallicize","Rage+1"],"picked":"Anger+1","floor":31.0},{"not_picked":["Fiend Fire+1","Double Tap"],"picked":"Exhume","floor":33.0},{"not_picked":["Reckless Charge+1","Body Slam+1"],"picked":"Anger+1","floor":35.0},{"not_picked":["Armaments","Anger+1"],"picked":"Metallicize","floor":37.0},{"not_picked":["Limit Break","Reckless Charge+1","Perfected Strike+1"],"picked":"SKIP","floor":41.0},{"not_picked":["Clash+1","Warcry+1"],"picked":"Cleave+1","floor":44.0},{"not_picked":["Heavy Blade+1","Flex+1"],"picked":"Hemokinesis+1","floor":47.0}],"player_experience":402921,"relics_obtained":[{"floor":8.0,"key":"Lantern"},{"floor":9.0,"key":"Letter Opener"},{"floor":13.0,"key":"Happy Flower"},{"floor":19.0,"key":"Bag of Marbles"},{"floor":22.0,"key":"Tiny Chest"},{"floor":24.0,"key":"Regal Pillow"},{"floor":26.0,"key":"Strawberry"},{"floor":29.0,"key":"Molten Egg 2"},{"floor":31.0,"key":"Darkstone Periapt"},{"floor":37.0,"key":"Champion Belt"},{"floor":39.0,"key":"Bottled Tornado"},{"floor":41.0,"key":"The Courier"},{"floor":43.0,"key":"Kunai"}],"event_choices":[{"damage_healed":0.0,"max_hp_gain":0.0,"max_hp_loss":0.0,"gold_gain":0.0,"event_name":"Accursed Blacksmith","player_choice":"Rummage","floor":2.0,"gold_loss":0.0,"damage_taken":0.0,"relics_obtained":["WarpedTongs"],"cards_obtained":["Pain"]},{"damage_healed":0.0,"max_hp_gain":5.0,"max_hp_loss":0.0,"gold_gain":0.0,"event_name":"Big Fish","player_choice":"Donut","floor":5.0,"gold_loss":0.0,"damage_taken":0.0},{"damage_healed":0.0,"max_hp_gain":0.0,"max_hp_loss":0.0,"gold_gain":0.0,"event_name":"Mysterious Sphere","player_choice":"Fight","floor":37.0,"gold_loss":0.0,"damage_taken":0.0}],"is_beta":false,"boss_relics":[{"not_picked":["Black Star","White Beast Statue"],"picked":"Empty Cage"},{"not_picked":["Cursed Key","Snecko Eye","Mark of Pain"]}],"items_purged_floors":[3],"is_endless":false,"potions_floor_spawned":[1,8,12,14,16,21,22,35,44,47],"ascension_level":0}