{"gold_per_floor":[113,288,363,20,20,55,70,70,70,104,104,131,131,131,131,231,231,231,6,6,6,6,6,6,6,6,6,6,6,6,6,6,6,6,6,6,6,6,6,6,6,6,6,6,6,6,6,6,6,6,6,6,6,6,6],"floor_reached":55,"playtime":3131,"items_purged":["Strike_R"],"score":836,"play_id":"12ac6b6e-0fc7-4afc-8662-fd6249ac6dfc","local_time":"20191002151020","is_ascension_mode":true,"campfire_choices":[{"floor":8.0,"key":"REST"},{"data":"True Grit","floor":11.0,"key":"SMITH"},{"floor":15.0,"key":"REST"},{"data":"Whirlwind","floor":23.0,"key":"SMITH"},{"data":"Fire Breathing","floor":25.0,"key":"SMITH"},{"floor":28.0,"key":"REST"},{"data":"Heavy Blade","floor":32.0,"key":"SMITH"},{"data":"Limit Break","floor":40,"key":"SMITH"},{"data":"Spot Weakness","floor":42,"key":"SMITH"},{"floor":46,"key":"RECALL"},{"data":"Metallicize","floor":49,"key":"SMITH"},{"data":"Feel No Pain","floor":52,"key":"SMITH"}],"neow_cost":"NONE","seed_source_timestamp":0,"circlet_count":0,"master_deck":["Strike_R","Strike_R","Strike_R","Defend_R","Defend_R","Defend_R","Bash","Impervious","Whirlwind+1","Doubt","Spot Weakness+1","Heavy Blade+1","Power Through","True Grit+1","Feel No Pain+1","Impervious","Clothesline+1","Fire Breathing+1","RitualDagger","Shrug It Off","Cleave","Shrug It Off+1","Limit Break+1","Thunderclap+1","Whirlwind+1","Heavy Blade+1","Shrug It Off","Metallicize+1","Writhe","Metallicize+1","Headbutt","Warcry"],"special_seed":0,"relics":["Burning Blood","Du-Vu Doll","Regal Pillow","Ornamental Fan","Blue Candle","Thread and Needle","Ectoplasm","Oddly Smooth Stone","Tiny Chest","Vajra","Bronze Scales","Mark of Pain","Meat on the Bone","Bag of Marbles","Dead Branch","Bird Faced Urn","Art of War"],"potions_floor_usage":[41,44,47,50,54],"damage_taken":[{"damage":18.0,"enemies":"Jaw Worm","floor":1.0,"turns":6.0},{"damage":30.0,"enemies":"Gremlin Nob","floor":6.0,"turns":5.0},{"damage":1.0,"enemies":"2 Louse","floor":7.0,"turns":2.0},{"damage":45.0,"enemies":"Lagavulin","floor":10.0,"turns":9.0},{"damage":34.0,"enemies":"Gremlin Nob","floor":12.0,"turns":4.0},{"damage":52.0,"enemies":"The Guardian","floor":16.0,"turns":11.0},{"damage":3.0,"enemies":"Spheric Guardian","floor":18.0,"turns":4.0},{"damage":6.0,"enemies":"Shell Parasite","floor":20.0,"turns":6.0},{"damage":8.0,"enemies":"Book of Stabbing","floor":24.0,"turns":6.0},{"damage":52.0,"enemies":"Gremlin Leader","floor":27.0,"turns":8.0},{"damage":0.0,"enemies":"Snecko","floor":29.0,"turns":4.0},{"damage":7.0,"enemies":"Centurion and Healer","floor":31.0,"turns":6.0},{"damage":24.0,"enemies":"Automaton","floor":33.0,"turns":11.0},{"damage":0.0,"enemies":"Orb Walker","floor":35.0,"turns":4.0},{"damage":1,"enemies":"3 Darklings","floor":36,"turns":2},{"damage":16,"enemies":"Spire Growth","floor":38,"turns":5},{"damage":1,"enemies":"Transient","floor":39,"turns":5},{"damage":33,"enemies":"Nemesis","floor":41,"turns":8},{"damage":23,"enemies":"Maw","floor":44,"turns":7},{"damage":25,"enemies":"2 Orb Walkers","floor":47,"turns":5},{"damage":4,"enemies":"Reptomancer","floor":48,"turns":4},{"damage":22,"enemies":"Donu and Deca","floor":50,"turns":8},{"damage":49,"enemies":"Shield and Spear","floor":54,"turns":3},{"damage":58,"enemies":"The Heart","floor":55,"turns":3}],"seed_played":"-3813112451851552348","potions_obtained":[{"floor":6.0,"key":"BloodPotion"},{"floor":16.0,"key":"SteroidPotion"},{"floor":18.0,"key":"AttackPotion"},{"floor":27.0,"key":"Strength Potion"},{"floor":31.0,"key":"Poison Potion"},{"floor":38,"key":"Energy Potion"},{"floor":39,"key":"Regen Potion"},{"floor":41,"key":"BloodPotion"},{"floor":44,"key":"Block Potion"},{"floor":48,"key":"AttackPotion"}],"is_trial":false,"path_per_floor":["M","?","?","$","?","E","M","R","T","E","R","E","?","?","R","B",null,"M","$","M","$","?","R","E","R","T","E","R","M","$","M","R","B",null,"M","M","?","M","M","R","E","R","T","M","?","R","?","E","R","B",null,"R","$","E","B"],"character_chosen":"IRONCLAD","items_purchased":["Du-Vu Doll","Spot Weakness","Oddly Smooth Stone"],"campfire_rested":3,"item_purchase_floors":[4,4,19],"current_hp_per_floor":[68,68,57,57,50,26,31,70,70,51,51,23,16,16,55,9,80,80,80,80,80,74,74,72,72,72,26,65,71,71,70,70,52,80,80,80,80,70,75,75,63,63,63,66,80,80,61,63,63,57,80,80,80,49,0],"gold":6,"neow_bonus":"ONE_RANDOM_RARE_CARD","is_prod":false,"is_daily":false,"chose_seed":false,"campfire_upgraded":8,"win_rate":0,"timestamp":1570054220,"path_taken":["M","?","?","$","?","E","M","R","T","E","R","E","?","?","R","BOSS","M","?","M","?","?","R","E","R","T","E","R","?","$","M","R","BOSS","M","M","?","M","M","R","E","R","T","M","?","R","?","E","R","BOSS","R","$","E","BOSS"],"build_version":"2019-07-17","purchased_purges":1,"victory":false,"max_hp_per_floor":[80,80,80,80,80,80,80,80,80,80,80,80,80,80,80,80,80,80,80,80,80,80,80,80,80,80,80,80,80,80,80,80,80,80,80,80,80,80,80,80,80,80,80,80,80,80,80,80,80,80,80,80,80,80,80],"card_choices":[{"not_picked":["Heavy Blade","Warcry"],"picked":"Whirlwind","floor":1.0},{"not_picked":["Shockwave","Power Through"],"picked":"Heavy Blade","floor":6.0},{"not_picked":["Flex","Uppercut"],"picked":"Power Through","floor":7.0},{"not_picked":["Combust","Perfected Strike"],"picked":"True Grit","floor":10.0},{"not_picked":["Flex","Exhume"],"picked":"Feel No Pain","floor":12.0},{"not_picked":["Bludgeon","Double Tap"],"picked":"Impervious","floor":16.0},{"not_picked":["Thunderclap","Anger"],"picked":"Clothesline+1","floor":18.0},{"not_picked":["Combust+1","Thunderclap"],"picked":"Fire Breathing","floor":20.0},{"not_picked":["Bludgeon","Rampage+1"],"picked":"Shrug It Off","floor":24.0},{"not_picked":["Flex","Hemokinesis"],"picked":"Iron Wave","floor":27.0},{"not_picked":["Wild Strike","Clash"],"picked":"Cleave","floor":29.0},{"not_picked":["Havoc","Headbutt"],"picked":"Shrug It Off+1","floor":31.0},{"not_picked":["Exhume","Barricade"],"picked":"Limit Break","floor":33.0},{"not_picked":["Havoc","Perfected Strike+1"],"picked":"Thunderclap+1","floor":35.0},{"not_picked":["Anger+1","Body Slam+1"],"picked":"Whirlwind+1","floor":36},{"not_picked":["Sword Boomerang","Rupture"],"picked":"Heavy Blade+1","floor":38},{"not_picked":["Perfected Strike","Cleave","Body Slam"],"picked":"SKIP","floor":39},{"not_picked":["Burning Pact+1","Searing Blow+1"],"picked":"Shrug It Off","floor":41},{"not_picked":["Shrug It Off","Clash+1"],"picked":"Metallicize","floor":44},{"not_picked":["Shrug It Off+1","Juggernaut"],"picked":"Metallicize+1","floor":47},{"not_picked":["Hemokinesis","Power Through"],"picked":"Headbutt","floor":48},{"not_picked":["Cleave+1","Havoc"],"picked":"Warcry","floor":54}],"player_experience":250870,"relics_obtained":[{"floor":6.0,"key":"Regal Pillow"},{"floor":10.0,"key":"Ornamental Fan"},{"floor":12.0,"key":"Blue Candle"},{"floor":24.0,"key":"Tiny Chest"},{"floor":26.0,"key":"Vajra"},{"floor":27.0,"key":"Bronze Scales"},{"floor":41,"key":"Meat on the Bone"},{"floor":43,"key":"Bag of Marbles"},{"floor":47,"key":"Dead Branch"},{"floor":48,"key":"Bird Faced Urn"},{"floor":54,"key":"Art of War"}],"event_choices":[{"damage_healed":0.0,"max_hp_gain":0.0,"max_hp_loss":0.0,"gold_gain":175.0,"event_name":"Liars Game","player_choice":"AGREE","floor":2.0,"gold_loss":0.0,"damage_taken":0.0,"cards_obtained":["Doubt"]},{"damage_healed":0.0,"max_hp_gain":0.0,"max_hp_loss":0.0,"gold_gain":75.0,"event_name":"World of Goop","player_choice":"Gather Gold","floor":3.0,"gold_loss":0.0,"damage_taken":11.0},{"cards_removed":["Strike_R"],"damage_healed":0.0,"max_hp_gain":0.0,"max_hp_loss":0.0,"gold_gain":0.0,"event_name":"Golden Wing","player_choice":"Card Removal","floor":5.0,"gold_loss":0.0,"damage_taken":7.0},{"damage_healed":0.0,"max_hp_gain":0.0,"max_hp_loss":0.0,"gold_gain":0.0,"event_name":"Scrap Ooze","player_choice":"Success","floor":13.0,"gold_loss":0.0,"damage_taken":7.0,"relics_obtained":["Thread and Needle"]},{"cards_removed":["Defend_R"],"damage_healed":0.0,"max_hp_gain":0.0,"max_hp_loss":0.0,"gold_gain":0.0,"event_name":"Purifier","player_choice":"Purged","floor":14.0,"gold_loss":0.0,"damage_taken":0.0},{"damage_healed":0.0,"max_hp_gain":0.0,"max_hp_loss":0.0,"gold_gain":0.0,"event_name":"Nest","player_choice":"Joined the Cult","floor":22.0,"gold_loss":0.0,"damage_taken":6.0,"cards_obtained":["RitualDagger"]},{"cards_removed":["Iron Wave"],"damage_healed":0,"gold_gain":0,"player_choice":"Removed Attack","damage_taken":0,"max_hp_gain":0,"max_hp_loss":0,"event_name":"Falling","floor":37,"gold_loss":0},{"damage_healed":20,"gold_gain":0,"player_choice":"Writhe","damage_taken":0,"max_hp_gain":0,"max_hp_loss":0,"event_name":"Winding Halls","floor":45,"gold_loss":0,"cards_obtained":["Writhe"]},{"damage_healed":0,"gold_gain":0,"player_choice":"Fight","damage_taken":0,"max_hp_gain":0,"max_hp_loss":0,"event_name":"Mysterious Sphere","floor":47,"gold_loss":0}],"is_beta":false,"boss_relics":[{"not_picked":["Runic Dome","Fusion Hammer"],"picked":"Ectoplasm"},{"not_picked":["Astrolabe","Runic Cube"],"picked":"Mark of Pain"}],"items_purged_floors":[19],"is_endless":false,"potions_floor_spawned":[6,16,18,27,31,38,39,41,44,48],"killed_by":"The Heart","ascension_level":3}