{"gold_per_floor":[115,125,125,125,143,143,187,87,87,125,163,29,29,54,54,184,184,200,200,200,221,242,278,290,79,79,97,97,22,42,65,65,196,196,209,334,399,170,189,189],"floor_reached":40,"playtime":1046,"items_purged":["Regret","Strike_R","Strike_R","Defend_R"],"score":474,"play_id":"b193a9d2-f4b0-4bda-950c-978bd7c40853","local_time":"20190414023838","is_ascension_mode":true,"campfire_choices":[{"data":"Bash","floor":6,"key":"SMITH"},{"floor":15,"key":"REST"},{"floor":24,"key":"REST"},{"floor":28,"key":"REST"},{"floor":32,"key":"REST"}],"neow_cost":"NONE","seed_source_timestamp":1844132939677400,"circlet_count":0,"master_deck":["Strike_R","Defend_R","Defend_R","Defend_R","Bash+1","Spot Weakness","Clothesline","Flex","Cleave+1","Pommel Strike+1","Sword Boomerang","Infernal Blade","Limit Break","Armaments","Shrug It Off","Uppercut","Cleave+1","Double Tap","Disarm"],"relics":["Burning Blood","NeowsBlessing","Golden Idol","Pantograph","Anchor","Bottled Lightning","Strawberry","Odd Mushroom","Whetstone","Busted Crown","Gremlin Horn","MawBank","Vajra","Mark of Pain","Magic Flower","Shovel"],"potions_floor_usage":[7,7,7,21,23,23,27,33,33,33,40],"damage_taken":[{"damage":0,"enemies":"2 Louse","floor":1,"turns":1},{"damage":0,"enemies":"Small Slimes","floor":2,"turns":1},{"damage":0,"enemies":"Jaw Worm","floor":5,"turns":1},{"damage":15,"enemies":"Gremlin Nob","floor":7,"turns":3},{"damage":30,"enemies":"3 Sentries","floor":10,"turns":7},{"damage":11,"enemies":"The Mushroom Lair","floor":11,"turns":3},{"damage":51,"enemies":"Hexaghost","floor":16,"turns":9},{"damage":2,"enemies":"Chosen","floor":18,"turns":3},{"damage":20,"enemies":"3 Byrds","floor":21,"turns":5},{"damage":32,"enemies":"3 Cultists","floor":22,"turns":5},{"damage":53,"enemies":"Slavers","floor":23,"turns":5},{"damage":13,"enemies":"Snecko","floor":27,"turns":3},{"damage":22,"enemies":"Sentry and Sphere","floor":30,"turns":5},{"damage":4,"enemies":"Cultist and Chosen","floor":31,"turns":3},{"damage":24,"enemies":"Automaton","floor":33,"turns":5},{"damage":0,"enemies":"3 Shapes","floor":35,"turns":2},{"damage":17,"enemies":"Mind Bloom Boss Battle","floor":36,"turns":7},{"damage":56,"enemies":"2 Orb Walkers","floor":37,"turns":5},{"damage":30,"enemies":"3 Darklings","floor":39,"turns":5},{"damage":28,"enemies":"Giant Head","floor":40,"turns":5}],"seed_played":"-2455951072312858604","potions_obtained":[{"floor":1,"key":"Strength Potion"},{"floor":2,"key":"Poison Potion"},{"floor":5,"key":"Energy Potion"},{"floor":16,"key":"Strength Potion"},{"floor":18,"key":"PowerPotion"},{"floor":20,"key":"BloodPotion"},{"floor":23,"key":"Poison Potion"},{"floor":27,"key":"LiquidBronze"},{"floor":30,"key":"Strength Potion"},{"floor":33,"key":"FairyPotion"},{"floor":39,"key":"Energy Potion"}],"is_trial":false,"path_per_floor":["M","M","?","?","M","R","E","$","T","E","?","$","?","T","R","B",null,"M","T","?","M","M","E","R","$","T","M","R","?","M","M","R","B",null,"M","?","?","$","M","E"],"character_chosen":"IRONCLAD","items_purchased":["Pommel Strike","Infernal Blade","Strength Potion","Strength Potion","Disarm"],"campfire_rested":4,"item_purchase_floors":[8,12,25,25,38],"current_hp_per_floor":[80,80,60,60,66,66,57,57,57,40,35,35,28,28,54,34,87,87,87,87,73,47,8,34,34,34,27,53,53,37,39,65,69,87,87,76,29,29,20,0],"gold":189,"neow_bonus":"THREE_ENEMY_KILL","is_prod":false,"is_daily":false,"chose_seed":false,"campfire_upgraded":1,"win_rate":0,"timestamp":1555198718,"path_taken":["M","M","?","?","?","R","E","$","T","E","?","$","?","?","R","BOSS","M","?","?","?","M","E","R","$","T","M","R","?","M","M","R","BOSS","M","?","?","?","?","E"],"build_version":"2019-01-23","purchased_purges":4,"victory":false,"max_hp_per_floor":[80,80,80,80,80,80,80,80,80,87,87,87,87,87,87,87,87,87,87,87,87,87,87,87,87,87,87,87,87,87,87,87,87,87,87,87,87,87,87,87],"card_choices":[{"not_picked":["Evolve","Clothesline"],"picked":"Spot Weakness","floor":1},{"not_picked":["Anger","Battle Trance"],"picked":"Clothesline","floor":2},{"not_picked":["Clash","Rage"],"picked":"Flex","floor":5},{"not_picked":["Twin Strike","Evolve"],"picked":"Cleave","floor":7},{"not_picked":["Impervious","Warcry","Searing Blow"],"picked":"SKIP","floor":10},{"not_picked":["Spot Weakness","Rage"],"picked":"Sword Boomerang","floor":11},{"not_picked":["Juggernaut","Bludgeon"],"picked":"Limit Break","floor":16},{"not_picked":["Hemokinesis"],"picked":"SKIP","floor":18},{"not_picked":[],"picked":"Armaments","floor":21},{"not_picked":["Power Through"],"picked":"SKIP","floor":22},{"not_picked":[],"picked":"Shrug It Off","floor":23},{"not_picked":[],"picked":"Uppercut","floor":27},{"not_picked":[],"picked":"Cleave+1","floor":30},{"not_picked":["Second Wind+1"],"picked":"SKIP","floor":31},{"not_picked":[],"picked":"Double Tap","floor":33},{"not_picked":["Heavy Blade"],"picked":"SKIP","floor":35},{"not_picked":["Headbutt"],"picked":"SKIP","floor":39}],"player_experience":286789,"relics_obtained":[{"floor":7,"key":"Anchor"},{"floor":9,"key":"Bottled Lightning"},{"floor":10,"key":"Strawberry"},{"floor":11,"key":"Odd Mushroom"},{"floor":14,"key":"Whetstone"},{"floor":19,"key":"Gremlin Horn"},{"floor":23,"key":"MawBank"},{"floor":26,"key":"Vajra"},{"floor":36,"key":"Magic Flower"},{"floor":37,"key":"Shovel"}],"event_choices":[{"damage_healed":0,"gold_gain":0,"player_choice":"Take Damage","damage_taken":20,"relics_obtained":["Golden Idol"],"max_hp_gain":0,"max_hp_loss":0,"event_name":"Golden Idol","floor":3,"gold_loss":0},{"damage_healed":0,"gold_gain":0,"player_choice":"Box","damage_taken":0,"relics_obtained":["Pantograph"],"max_hp_gain":0,"max_hp_loss":0,"event_name":"Big Fish","floor":4,"gold_loss":0,"cards_obtained":["Regret"]},{"damage_healed":0,"gold_gain":0,"player_choice":"Fought Mushrooms","damage_taken":0,"max_hp_gain":0,"max_hp_loss":0,"event_name":"Mushrooms","floor":11,"gold_loss":0},{"cards_removed":["Strike_R"],"damage_healed":0,"gold_gain":0,"player_choice":"Card Removal","damage_taken":7,"max_hp_gain":0,"max_hp_loss":0,"event_name":"Golden Wing","floor":13,"gold_loss":0},{"damage_healed":0,"gold_gain":0,"player_choice":"Got Potions","damage_taken":0,"max_hp_gain":0,"max_hp_loss":0,"event_name":"Lab","floor":20,"gold_loss":0},{"cards_removed":["Strike_R"],"damage_healed":0,"gold_gain":0,"player_choice":"Gave Gold","damage_taken":0,"max_hp_gain":0,"max_hp_loss":0,"event_name":"Beggar","floor":29,"gold_loss":75},{"damage_healed":0,"gold_gain":0,"player_choice":"Fight","damage_taken":0,"max_hp_gain":0,"max_hp_loss":0,"event_name":"MindBloom","floor":36,"gold_loss":0},{"damage_healed":0,"gold_gain":0,"player_choice":"Fight","damage_taken":0,"max_hp_gain":0,"max_hp_loss":0,"event_name":"Mysterious Sphere","floor":37,"gold_loss":0}],"is_beta":false,"boss_relics":[{"not_picked":["Black Blood","Fusion Hammer"],"picked":"Busted Crown"},{"not_picked":["White Beast Statue","Black Star"],"picked":"Mark of Pain"}],"items_purged_floors":[8,12,25,38],"is_endless":false,"potions_floor_spawned":[1,2,5,16,18,23,27,30,33,39],"killed_by":"Giant Head","ascension_level":3}