{"gold_per_floor":[119,119,129,129,146,146,171,27,80,92,152,152,169,169,169,271,271,286,286,302,131,151,151,161,188,241,241,241,241,273,292,292,388,388,398,452,478,496,510,510],"floor_reached":40,"playtime":2449,"items_purged":["Strike_R","Doubt"],"score":523,"play_id":"a95fa868-89ec-4cb5-8bdb-fdd0d92850a8","local_time":"20191002160015","is_ascension_mode":true,"campfire_choices":[{"data":"True Grit","floor":6.0,"key":"SMITH"},{"data":"Anger","floor":12,"key":"SMITH"},{"floor":15,"key":"REST"},{"data":"True Grit","floor":23,"key":"SMITH"},{"data":"1","floor":27,"key":"LIFT"},{"data":"2","floor":29,"key":"LIFT"},{"floor":32,"key":"REST"}],"neow_cost":"NONE","seed_source_timestamp":0,"circlet_count":0,"master_deck":["Bash","True Grit+1","Headbutt","Disarm","Clothesline","Fire Breathing+1","Anger+1","Fire Breathing+1","Iron Wave","Reaper","Metallicize+1","Corruption+1","Inflame+1","True Grit+1","Shockwave","Shrug It Off","Doubt","Metallicize+1","Heavy Blade","Dark Embrace+1","Brutality+1","Bludgeon","Seeing Red","Warcry","Bludgeon","Pummel","Dual Wield","Warcry+1","Whirlwind","Pain","Sword Boomerang+1","Warcry"],"special_seed":0,"relics":["Burning Blood","NeowsBlessing","Centennial Puzzle","Frozen Egg 2","PreservedInsect","Tiny Chest","Cursed Key","Sundial","Girya","Orichalcum","Pandora\u0027s Box","Calipers","Red Skull"],"potions_floor_usage":[7,16,16,25,30,33,33,33,38],"damage_taken":[{"damage":0.0,"enemies":"Small Slimes","floor":1.0,"turns":1.0},{"damage":0.0,"enemies":"Cultist","floor":3.0,"turns":1.0},{"damage":0.0,"enemies":"2 Louse","floor":5.0,"turns":1.0},{"damage":32,"enemies":"Gremlin Nob","floor":7,"turns":5},{"damage":0,"enemies":"Large Slime","floor":10,"turns":5},{"damage":31,"enemies":"3 Sentries","floor":11,"turns":5},{"damage":7,"enemies":"Red Slaver","floor":13,"turns":3},{"damage":27,"enemies":"Slime Boss","floor":16,"turns":5},{"damage":9,"enemies":"Shell Parasite","floor":18,"turns":5},{"damage":12,"enemies":"3 Byrds","floor":20,"turns":4},{"damage":21,"enemies":"Snake Plant","floor":22,"turns":5},{"damage":41,"enemies":"Sentry and Sphere","floor":24,"turns":6},{"damage":10,"enemies":"Book of Stabbing","floor":25,"turns":4},{"damage":38,"enemies":"Gremlin Leader","floor":30,"turns":5},{"damage":17,"enemies":"Centurion and Healer","floor":31,"turns":7},{"damage":38,"enemies":"Champ","floor":33,"turns":13},{"damage":12,"enemies":"Orb Walker","floor":35,"turns":4},{"damage":33,"enemies":"2 Orb Walkers","floor":36,"turns":4},{"damage":44,"enemies":"3 Darklings","floor":38,"turns":5},{"damage":34,"enemies":"Sphere and 2 Shapes","floor":39,"turns":5},{"damage":35,"enemies":"Nemesis","floor":40,"turns":2}],"seed_played":"5955120041026447126","potions_obtained":[{"floor":1.0,"key":"Strength Potion"},{"floor":5.0,"key":"Block Potion"},{"floor":7,"key":"Ancient Potion"},{"floor":13,"key":"Dexterity Potion"},{"floor":14,"key":"BloodPotion"},{"floor":18,"key":"SkillPotion"},{"floor":24,"key":"Energy Potion"},{"floor":25,"key":"AttackPotion"},{"floor":30,"key":"Weak Potion"},{"floor":33,"key":"Strength Potion"},{"floor":36,"key":"Fruit Juice"}],"is_trial":false,"path_per_floor":["M","?","M","?","M","R","E","$","T","M","E","R","M","?","R","B",null,"M","T","M","$","M","R","M","E","T","R","?","R","E","M","R","B",null,"M","?","T","M","M","E"],"character_chosen":"IRONCLAD","items_purchased":["Fire Breathing+1","Inflame+1"],"campfire_rested":2,"item_purchase_floors":[8,21],"current_hp_per_floor":[80,80,80,68,74,74,48,48,48,54,29,29,28,28,52,51,80,80,80,74,74,64,64,35,46,46,46,46,46,14,18,42,19,80,80,55,55,22,30,0],"gold":510,"neow_bonus":"THREE_ENEMY_KILL","is_prod":false,"is_daily":false,"chose_seed":false,"campfire_upgraded":3,"win_rate":0,"timestamp":1570057215,"path_taken":["M","?","?","?","M","R","E","$","T","M","E","R","M","?","R","BOSS","M","?","M","$","M","R","M","E","T","R","?","R","E","M","R","BOSS","M","?","?","M","M","E"],"build_version":"2019-07-17","purchased_purges":2,"victory":false,"max_hp_per_floor":[80,80,80,80,80,80,80,80,80,80,80,80,80,80,80,80,80,80,80,80,80,80,80,80,80,80,80,80,80,80,80,80,80,80,80,80,80,85,85,85],"card_choices":[{"not_picked":["Iron Wave","Thunderclap"],"picked":"True Grit","floor":1.0},{"not_picked":["Exhume","Warcry"],"picked":"Headbutt","floor":3.0},{"not_picked":["Pommel Strike","True Grit"],"picked":"Disarm","floor":5.0},{"not_picked":["Blood for Blood","Sentinel"],"picked":"Clothesline","floor":7},{"not_picked":["Headbutt","Sword Boomerang"],"picked":"Anger","floor":10},{"not_picked":["Ghostly Armor","Thunderclap"],"picked":"Fire Breathing+1","floor":11},{"not_picked":["Bloodletting","Dropkick"],"picked":"Iron Wave","floor":13},{"not_picked":["Bludgeon","Offering"],"picked":"Reaper","floor":16},{"not_picked":["Iron Wave+1","Pommel Strike"],"picked":"Metallicize+1","floor":18},{"not_picked":["Sentinel","Flex"],"picked":"Corruption+1","floor":20},{"not_picked":["Uppercut","Wild Strike"],"picked":"True Grit","floor":22},{"not_picked":["Sword Boomerang","True Grit"],"picked":"Shockwave","floor":24},{"not_picked":["Wild Strike","Pommel Strike"],"picked":"Shrug It Off","floor":25},{"not_picked":["Entrench","Twin Strike"],"picked":"Metallicize+1","floor":30},{"not_picked":["Body Slam+1","Clash+1"],"picked":"Heavy Blade","floor":31},{"not_picked":["Impervious","Immolate"],"picked":"Dark Embrace+1","floor":33},{"not_picked":["Sword Boomerang+1","Rampage"],"picked":"Warcry+1","floor":35},{"not_picked":["Clothesline","Shrug It Off+1"],"picked":"Whirlwind","floor":36},{"not_picked":["Perfected Strike+1","Havoc+1"],"picked":"Sword Boomerang+1","floor":38},{"not_picked":["Rampage+1","Wild Strike"],"picked":"Warcry","floor":39}],"player_experience":254371,"relics_obtained":[{"floor":7,"key":"Frozen Egg 2"},{"floor":9,"key":"PreservedInsect"},{"floor":11,"key":"Tiny Chest"},{"floor":19,"key":"Sundial"},{"floor":25,"key":"Girya"},{"floor":30,"key":"Orichalcum"},{"floor":36,"key":"Calipers"},{"floor":37,"key":"Red Skull"}],"event_choices":[{"cards_removed":["Defend_R"],"damage_healed":0.0,"max_hp_gain":0.0,"max_hp_loss":0.0,"gold_gain":0.0,"event_name":"Purifier","player_choice":"Purged","floor":2.0,"gold_loss":0.0,"damage_taken":0.0},{"damage_healed":0.0,"max_hp_gain":0.0,"max_hp_loss":0.0,"gold_gain":0.0,"event_name":"Scrap Ooze","player_choice":"Success","floor":4.0,"gold_loss":0.0,"damage_taken":12.0,"relics_obtained":["Centennial Puzzle"]},{"damage_healed":0,"gold_gain":0,"player_choice":"Got Potions","damage_taken":0,"max_hp_gain":0,"max_hp_loss":0,"event_name":"Lab","floor":14,"gold_loss":0},{"damage_healed":0,"gold_gain":0,"player_choice":"Ignored","damage_taken":0,"max_hp_gain":0,"max_hp_loss":0,"event_name":"Cursed Tome","floor":28,"gold_loss":0},{"damage_healed":0,"gold_gain":0,"player_choice":"Fight","damage_taken":0,"max_hp_gain":0,"max_hp_loss":0,"event_name":"Mysterious Sphere","floor":36,"gold_loss":0}],"is_beta":false,"boss_relics":[{"not_picked":["Snecko Eye","Lizard Tail"],"picked":"Cursed Key"},{"not_picked":["Astrolabe","Mark of Pain"],"picked":"Pandora\u0027s Box"}],"items_purged_floors":[8,21],"is_endless":false,"potions_floor_spawned":[1,5,7,13,18,24,25,30,33,36],"killed_by":"Nemesis","ascension_level":4}