{"gold_per_floor":[110,110,121,121,138,138,138,170,248,248,267,284,644,83,83,183,183,195,195,195,211,211,211,221,233,233,233,233,233,245,259,259,360,360,370,384,15,15,26,26,26,41,41,0,0,16,16,32,32,32],"floor_reached":50,"playtime":5292,"items_purged":["Strike_G"],"score":469,"play_id":"02fb7e8b-4a50-4378-9ec8-c02488882e17","local_time":"20191005021526","is_ascension_mode":false,"campfire_choices":[{"floor":10.0,"key":"REST"},{"floor":15.0,"key":"REST"},{"floor":23.0,"key":"REST"},{"floor":29.0,"key":"DIG"},{"floor":32.0,"key":"REST"},{"floor":40.0,"key":"REST"},{"floor":47.0,"key":"DIG"},{"floor":49,"key":"DIG"}],"neow_cost":"NONE","seed_source_timestamp":99619022814200,"circlet_count":0,"master_deck":["Strike_G","Strike_G","Strike_G","Defend_G","Defend_G","Defend_G","Survivor","Bane","Underhanded Strike","Noxious Fumes","Blur","Noxious Fumes","Master of Strategy","Adrenaline","Prepared","Crippling Poison","Caltrops","Venomology","RitualDagger","Deadly Poison","Deadly Poison","Tools of the Trade","Deadly Poison+1","Prepared+1","Apotheosis","Dodge and Roll+1","Madness","Madness","Deflect+1","Bane","Blur"],"special_seed":0,"relics":["Ring of the Serpent","NeowsBlessing","Sundial","Ancient Tea Set","Pear","Old Coin","Snake Skull","Regal Pillow","Eternal Feather","Enchiridion","Shovel","Bag of Preparation","Toy Ornithopter","Bottled Tornado","Red Mask","Strawberry","Vajra"],"potions_floor_usage":[48,50],"damage_taken":[{"damage":0.0,"enemies":"Cultist","floor":1.0,"turns":1.0},{"damage":0.0,"enemies":"Small Slimes","floor":3.0,"turns":1.0},{"damage":0.0,"enemies":"Jaw Worm","floor":5.0,"turns":1.0},{"damage":31.0,"enemies":"3 Sentries","floor":8.0,"turns":8.0},{"damage":0.0,"enemies":"Large Slime","floor":11.0,"turns":6.0},{"damage":2.0,"enemies":"Blue Slaver","floor":12.0,"turns":5.0},{"damage":19.0,"enemies":"3 Sentries","floor":13.0,"turns":8.0},{"damage":17.0,"enemies":"The Guardian","floor":16.0,"turns":10.0},{"damage":27.0,"enemies":"Spheric Guardian","floor":18.0,"turns":7.0},{"damage":17.0,"enemies":"3 Byrds","floor":21.0,"turns":5.0},{"damage":8.0,"enemies":"3 Cultists","floor":24.0,"turns":4.0},{"damage":3.0,"enemies":"Snake Plant","floor":25.0,"turns":4.0},{"damage":15.0,"enemies":"Shelled Parasite and Fungi","floor":30.0,"turns":6.0},{"damage":8.0,"enemies":"Snecko","floor":31.0,"turns":4.0},{"damage":33.0,"enemies":"Collector","floor":33.0,"turns":6.0},{"damage":29.0,"enemies":"Orb Walker","floor":35.0,"turns":3.0},{"damage":30.0,"enemies":"3 Darklings","floor":36.0,"turns":4.0},{"damage":22.0,"enemies":"4 Shapes","floor":39.0,"turns":4.0},{"damage":0.0,"enemies":"Transient","floor":42.0,"turns":5.0},{"damage":14.0,"enemies":"Spire Growth","floor":46.0,"turns":6.0},{"damage":14,"enemies":"Sphere and 2 Shapes","floor":48,"turns":4},{"damage":101,"enemies":"Donu and Deca","floor":50,"turns":7}],"seed_played":"-4973558408999285869","potions_obtained":[{"floor":1.0,"key":"Dexterity Potion"},{"floor":8.0,"key":"LiquidBronze"},{"floor":11.0,"key":"EntropicBrew"},{"floor":13.0,"key":"EssenceOfSteel"},{"floor":31.0,"key":"PowerPotion"},{"floor":33.0,"key":"Ancient Potion"},{"floor":39.0,"key":"LiquidBronze"}],"is_trial":false,"path_per_floor":["M","?","M","?","M","?","T","E","T","R","M","M","?","$","R","B",null,"M","?","?","M","?","R","M","M","T","?","$","R","M","M","R","B",null,"M","M","$","?","M","R","?","M","T","?","?","M","R","M","R","B"],"character_chosen":"THE_SILENT","items_purchased":["Snake Skull","Regal Pillow","Master of Strategy","Toy Ornithopter","Apotheosis"],"campfire_rested":5,"item_purchase_floors":[14,14,14,37,37],"current_hp_per_floor":[70,70,70,70,70,63,63,32,42,66,66,64,45,45,80,63,80,53,53,53,45,29,77,69,66,66,60,60,72,57,49,80,47,80,51,21,21,21,8,62,52,72,72,72,72,63,87,73,87,0],"gold":32,"neow_bonus":"THREE_ENEMY_KILL","is_prod":false,"is_daily":false,"chose_seed":false,"campfire_upgraded":0,"win_rate":0,"timestamp":1570263326,"path_taken":["M","?","?","?","M","?","?","E","T","R","M","M","?","$","R","BOSS","M","?","?","M","?","R","M","M","T","?","$","R","M","M","R","BOSS","M","M","$","?","M","R","?","M","T","?","?","M","R","M","R","BOSS"],"build_version":"2019-07-17","purchased_purges":1,"victory":false,"max_hp_per_floor":[70,70,70,70,70,70,70,70,80,80,80,80,80,80,80,80,80,80,80,80,80,80,80,80,80,80,80,80,80,80,80,80,80,80,80,80,80,80,80,80,80,80,80,80,80,80,87,87,87,87],"card_choices":[{"not_picked":["Leg Sweep","All Out Attack"],"picked":"Bane","floor":1.0},{"not_picked":["Prepared","Deadly Poison"],"picked":"Noxious Fumes","floor":3.0},{"not_picked":["Dodge and Roll","Dagger Spray","Outmaneuver"],"picked":"SKIP","floor":5.0},{"not_picked":["Blade Dance","Dagger Spray","Accuracy"],"picked":"SKIP","floor":8.0},{"not_picked":["Blade Dance","Accuracy","Tactician"],"picked":"SKIP","floor":11.0},{"not_picked":["Infinite Blades","Tactician"],"picked":"Blur","floor":12.0},{"not_picked":["Dagger Throw","Blade Dance"],"picked":"Noxious Fumes","floor":13.0},{"not_picked":["Glass Knife","Unload"],"picked":"Adrenaline","floor":16.0},{"not_picked":["Acrobatics","Eviscerate+1","Backflip"],"picked":"SKIP","floor":18.0},{"not_picked":["Dodge and Roll","Slice"],"picked":"Crippling Poison","floor":21.0},{"not_picked":["Outmaneuver","Quick Slash"],"picked":"Caltrops","floor":24.0},{"not_picked":["Accuracy","Dodge and Roll"],"picked":"Venomology","floor":25.0},{"not_picked":["Poisoned Stab","Prepared+1"],"picked":"Deadly Poison","floor":30.0},{"not_picked":["Dagger Spray","Caltrops"],"picked":"Deadly Poison","floor":31.0},{"not_picked":["Malaise","Storm of Steel"],"picked":"Tools of the Trade","floor":33.0},{"not_picked":["Blur+1","Expertise"],"picked":"Deadly Poison+1","floor":35.0},{"not_picked":["Blade Dance","Flying Knee"],"picked":"Prepared+1","floor":36.0},{"not_picked":["Expertise","Dagger Spray+1"],"picked":"Dodge and Roll+1","floor":39.0},{"not_picked":["Footwork","Prepared+1"],"picked":"Deflect+1","floor":42.0},{"not_picked":["Riddle With Holes","Dagger Throw"],"picked":"Bane","floor":46.0},{"not_picked":["Die Die Die","Riddle With Holes"],"picked":"Blur","floor":48}],"player_experience":346423,"relics_obtained":[{"floor":7.0,"key":"Sundial"},{"floor":8.0,"key":"Ancient Tea Set"},{"floor":9.0,"key":"Pear"},{"floor":13.0,"key":"Old Coin"},{"floor":22.0,"key":"Enchiridion"},{"floor":26.0,"key":"Shovel"},{"floor":29.0,"key":"Bag of Preparation"},{"floor":43.0,"key":"Bottled Tornado"},{"floor":47.0,"key":"Strawberry"},{"floor":49,"key":"Vajra"}],"event_choices":[{"damage_healed":0.0,"max_hp_gain":0.0,"max_hp_loss":0.0,"gold_gain":0.0,"cards_transformed":["Strike_G"],"event_name":"Transmorgrifier","player_choice":"Transformed","floor":2.0,"gold_loss":0.0,"damage_taken":0.0,"cards_obtained":["Underhanded Strike"]},{"cards_removed":["Defend_G"],"damage_healed":0.0,"max_hp_gain":0.0,"max_hp_loss":0.0,"gold_gain":0.0,"event_name":"Living Wall","player_choice":"Forget","floor":4.0,"gold_loss":0.0,"damage_taken":0.0},{"cards_removed":["Neutralize"],"damage_healed":0.0,"max_hp_gain":0.0,"max_hp_loss":0.0,"gold_gain":0.0,"event_name":"Golden Wing","player_choice":"Card Removal","floor":6.0,"gold_loss":0.0,"damage_taken":7.0},{"damage_healed":0.0,"max_hp_gain":0.0,"max_hp_loss":0.0,"gold_gain":0.0,"event_name":"Dead Adventurer","player_choice":"Searched \u00271\u0027 times","floor":13.0,"gold_loss":0.0,"damage_taken":0.0},{"damage_healed":0.0,"max_hp_gain":0.0,"max_hp_loss":0.0,"gold_gain":0.0,"event_name":"The Library","player_choice":"Read","floor":19.0,"gold_loss":0.0,"damage_taken":0.0,"cards_obtained":["Prepared"]},{"damage_healed":0.0,"max_hp_gain":0.0,"max_hp_loss":0.0,"gold_gain":0.0,"event_name":"The Mausoleum","player_choice":"Ignored","floor":20.0,"gold_loss":0.0,"damage_taken":0.0},{"damage_healed":0.0,"max_hp_gain":0.0,"max_hp_loss":0.0,"gold_gain":0.0,"event_name":"Cursed Tome","player_choice":"Obtained Book","floor":22.0,"gold_loss":0.0,"damage_taken":16.0},{"damage_healed":0.0,"max_hp_gain":0.0,"max_hp_loss":0.0,"gold_gain":0.0,"event_name":"Nest","player_choice":"Joined the Cult","floor":27.0,"gold_loss":0.0,"damage_taken":6.0,"cards_obtained":["RitualDagger"]},{"damage_healed":0.0,"max_hp_gain":0.0,"max_hp_loss":0.0,"gold_gain":0.0,"event_name":"Mysterious Sphere","player_choice":"Ignored","floor":38.0,"gold_loss":0.0,"damage_taken":0.0},{"damage_healed":0.0,"max_hp_gain":0.0,"max_hp_loss":0.0,"gold_gain":0.0,"event_name":"Winding Halls","player_choice":"Embrace Madness","floor":41.0,"gold_loss":0.0,"damage_taken":10.0,"cards_obtained":["Madness","Madness"]},{"damage_healed":0.0,"max_hp_gain":0.0,"max_hp_loss":0.0,"gold_gain":0.0,"event_name":"Tomb of Lord Red Mask","player_choice":"Paid","floor":44.0,"gold_loss":41.0,"damage_taken":0.0,"relics_obtained":["Red Mask"]},{"cards_removed":["Defend_G"],"damage_healed":0.0,"max_hp_gain":0.0,"max_hp_loss":0.0,"gold_gain":0.0,"event_name":"Purifier","player_choice":"Purged","floor":45.0,"gold_loss":0.0,"damage_taken":0.0}],"is_beta":false,"boss_relics":[{"not_picked":["Philosopher\u0027s Stone","Fusion Hammer"],"picked":"Eternal Feather"},{"not_picked":["Sozu","Runic Dome"],"picked":"Ring of the Serpent"}],"items_purged_floors":[14],"is_endless":false,"potions_floor_spawned":[1,8,11,13,18,31,33,39],"killed_by":"Donu and Deca","ascension_level":0}