{"gold_per_floor":[109,11,21,33,33,33,33,33,59,88,88,99,132,144,144,249,249,263,263,40,40,67,100,100,126,126,126,152,162,173,202,202,300,300,315,330,330,342,362,396,406,431,478,478,513,735,97,97,97,97,97,97,19,51,51],"floor_reached":55,"playtime":2724,"items_purged":["Strike_B","Strike_B"],"score":1170,"play_id":"8913b9a8-fe19-494b-ac1d-edafeb75aacf","local_time":"20190817210811","is_ascension_mode":true,"campfire_choices":[{"data":"Zap","floor":6.0,"key":"SMITH"},{"data":"Melter","floor":8.0,"key":"SMITH"},{"floor":11.0,"key":"REST"},{"data":"Coolheaded","floor":15.0,"key":"SMITH"},{"floor":24.0,"key":"REST"},{"floor":27.0,"key":"RECALL"},{"floor":32.0,"key":"REST"},{"floor":49.0,"key":"REST"},{"floor":52,"key":"REST"}],"neow_cost":"PERCENT_DAMAGE","seed_source_timestamp":0,"circlet_count":0,"master_deck":["Defend_B+1","Defend_B+1","Defend_B+1","Defend_B+1","Zap+1","Dualcast","Electrodynamics","Melter+1","Ball Lightning","Ball Lightning","Ball Lightning","Coolheaded+1","Self Repair","Fission+1","Capacitor","Ball Lightning","Coolheaded","Steam+1","Force Field+1","Storm+1","Biased Cognition","Hologram+1","Fusion+1","Coolheaded","Reinforced Body+1","Dark Shackles+1","Master of Strategy+1","Madness+1"],"special_seed":0,"relics":["Cracked Core","Blood Vial","Ice Cream","Anchor","Fusion Hammer","Red Mask","Regal Pillow","WingedGreaves","Thread and Needle","Mercury Hourglass","Bronze Scales","Runic Pyramid","Mummified Hand","Sundial","Nunchaku","Toxic Egg 2","Vajra","Strange Spoon"],"potions_floor_usage":[55,55,55],"damage_taken":[{"damage":1.0,"enemies":"Cultist","floor":1.0,"turns":3.0},{"damage":9.0,"enemies":"2 Louse","floor":3.0,"turns":3.0},{"damage":2.0,"enemies":"Jaw Worm","floor":4.0,"turns":2.0},{"damage":20.0,"enemies":"Lagavulin","floor":10.0,"turns":5.0},{"damage":0.0,"enemies":"Exordium Thugs","floor":12.0,"turns":2.0},{"damage":15.0,"enemies":"3 Sentries","floor":13.0,"turns":3.0},{"damage":0.0,"enemies":"Large Slime","floor":14.0,"turns":3.0},{"damage":8.0,"enemies":"Slime Boss","floor":16.0,"turns":6.0},{"damage":0.0,"enemies":"3 Byrds","floor":18.0,"turns":2.0},{"damage":0.0,"enemies":"Masked Bandits","floor":22.0,"turns":1.0},{"damage":37.0,"enemies":"Book of Stabbing","floor":23.0,"turns":5.0},{"damage":18.0,"enemies":"Gremlin Leader","floor":25.0,"turns":4.0},{"damage":0.0,"enemies":"Book of Stabbing","floor":28.0,"turns":4.0},{"damage":0.0,"enemies":"Chosen","floor":29.0,"turns":3.0},{"damage":0.0,"enemies":"Shelled Parasite and Fungi","floor":30.0,"turns":4.0},{"damage":6.0,"enemies":"Slavers","floor":31.0,"turns":4.0},{"damage":25.0,"enemies":"Automaton","floor":33.0,"turns":7.0},{"damage":1.0,"enemies":"3 Darklings","floor":35.0,"turns":2.0},{"damage":0.0,"enemies":"3 Shapes","floor":36.0,"turns":3.0},{"damage":0.0,"enemies":"Sphere and 2 Shapes","floor":38.0,"turns":3.0},{"damage":0.0,"enemies":"Maw","floor":39.0,"turns":5.0},{"damage":6.0,"enemies":"Reptomancer","floor":40.0,"turns":4.0},{"damage":0.0,"enemies":"Transient","floor":41.0,"turns":5.0},{"damage":0.0,"enemies":"Giant Head","floor":42.0,"turns":7.0},{"damage":0.0,"enemies":"Nemesis","floor":45.0,"turns":5.0},{"damage":0.0,"enemies":"Awakened One","floor":50.0,"turns":14.0},{"damage":26,"enemies":"Shield and Spear","floor":54,"turns":4},{"damage":69,"enemies":"The Heart","floor":55,"turns":12}],"seed_played":"-4139925955113711760","potions_obtained":[{"floor":1.0,"key":"Ancient Potion"},{"floor":3.0,"key":"Block Potion"},{"floor":4.0,"key":"Fruit Juice"},{"floor":10.0,"key":"Regen Potion"},{"floor":23.0,"key":"Weak Potion"},{"floor":30.0,"key":"Energy Potion"},{"floor":33.0,"key":"SkillPotion"},{"floor":35.0,"key":"EssenceOfSteel"},{"floor":40.0,"key":"Swift Potion"},{"floor":41.0,"key":"PowerPotion"}],"is_trial":false,"path_per_floor":["M","$","M","M","$","R","?","R","T","E","R","M","E","M","R","B",null,"M","?","$","?","?","E","R","E","T","R","E","M","M","E","R","B",null,"M","M","?","M","M","E","M","E","T","?","E","?","$","?","R","B",null,"R","$","E","B"],"character_chosen":"DEFECT","items_purchased":["Ball Lightning","Capacitor","Ball Lightning","Toxic Egg 2","Reinforced Body+1","Vajra","Strange Spoon","GamblersBrew"],"campfire_rested":5,"item_purchase_floors":[2,20,20,47,47,47,47,53],"current_hp_per_floor":[53,53,44,42,42,42,42,42,42,24,46,48,35,44,44,45,68,70,70,70,70,75,45,75,64,64,64,66,68,80,80,80,62,76,77,80,80,80,80,80,80,80,80,80,80,80,80,70,80,80,80,80,80,61,0],"gold":51,"neow_bonus":"THREE_RARE_CARDS","is_prod":false,"is_daily":false,"chose_seed":false,"campfire_upgraded":3,"win_rate":0,"timestamp":1566072491,"path_taken":["M","?","M","M","?","R","?","R","T","E","R","M","E","M","R","BOSS","M","?","?","?","?","E","R","E","T","R","E","M","M","E","R","BOSS","M","M","?","M","?","E","M","E","T","?","E","?","$","?","R","BOSS","R","$","E","BOSS"],"build_version":"2019-07-17","purchased_purges":2,"victory":false,"max_hp_per_floor":[75,75,75,75,75,75,75,75,75,75,75,75,75,75,75,75,75,75,75,75,75,75,75,75,75,75,75,75,75,80,80,80,80,80,80,80,80,80,80,80,80,80,80,80,80,80,80,80,80,80,80,80,80,80,80],"card_choices":[{"not_picked":["Echo Form","Fission"],"picked":"Electrodynamics","floor":0.0},{"not_picked":["Steam","Double Energy"],"picked":"Melter","floor":1.0},{"not_picked":["Coolheaded","Lockon"],"picked":"Ball Lightning","floor":3.0},{"not_picked":["FTL","Redo"],"picked":"Ball Lightning","floor":4.0},{"not_picked":["FTL","Sweeping Beam","Lockon"],"picked":"SKIP","floor":10.0},{"not_picked":["Auto Shields","Aggregate"],"picked":"Coolheaded","floor":12.0},{"not_picked":["Steam","Go for the Eyes"],"picked":"Self Repair","floor":13.0},{"not_picked":["Stack","Hologram","Conserve Battery"],"picked":"SKIP","floor":14.0},{"not_picked":["Machine Learning","Core Surge"],"picked":"Fission","floor":16.0},{"not_picked":["Redo","Go for the Eyes","Gash"],"picked":"SKIP","floor":18.0},{"not_picked":["All For One","Rainbow","Force Field+1"],"picked":"SKIP","floor":23.0},{"not_picked":["Aggregate","Barrage"],"picked":"Coolheaded","floor":25.0},{"not_picked":["Barrage","Sweeping Beam"],"picked":"Steam+1","floor":28.0},{"not_picked":["Conserve Battery","Sweeping Beam+1"],"picked":"Force Field+1","floor":29.0},{"not_picked":["Steam Power","Sweeping Beam","Auto Shields+1"],"picked":"SKIP","floor":30.0},{"not_picked":["Gash","Cold Snap"],"picked":"Storm+1","floor":31.0},{"not_picked":["Machine Learning","Seek"],"picked":"Biased Cognition","floor":33.0},{"not_picked":["Coolheaded","Redo+1"],"picked":"Hologram+1","floor":35.0},{"not_picked":["Stack","Barrage","Gash"],"picked":"SKIP","floor":36.0},{"not_picked":["Chill+1","Rainbow","Blizzard"],"picked":"SKIP","floor":38.0},{"not_picked":["Scrape","Stack","Hello World"],"picked":"SKIP","floor":39.0},{"not_picked":["Barrage","Chill+1","Gash+1"],"picked":"SKIP","floor":40.0},{"not_picked":["Stack+1","Rebound"],"picked":"Fusion+1","floor":41.0},{"not_picked":["Scrape","Ball Lightning+1"],"picked":"Coolheaded","floor":42.0},{"not_picked":["Chill+1","White Noise","Stack"],"picked":"SKIP","floor":45.0},{"not_picked":["Violence+1","Bandage Up+1"],"picked":"Dark Shackles+1","floor":48.0},{"not_picked":["Magnetism","Transmutation+1"],"picked":"Master of Strategy+1","floor":48.0},{"not_picked":["Magnetism","Bandage Up+1"],"picked":"Madness+1","floor":48.0},{"not_picked":["Scrape+1","Stack+1","Rebound"],"picked":"SKIP","floor":54}],"player_experience":1807677,"relics_obtained":[{"floor":9.0,"key":"Blood Vial"},{"floor":10.0,"key":"Ice Cream"},{"floor":13.0,"key":"Anchor"},{"floor":22.0,"key":"Red Mask"},{"floor":23.0,"key":"Regal Pillow"},{"floor":25.0,"key":"WingedGreaves"},{"floor":26.0,"key":"Thread and Needle"},{"floor":28.0,"key":"Mercury Hourglass"},{"floor":31.0,"key":"Bronze Scales"},{"floor":40.0,"key":"Mummified Hand"},{"floor":42.0,"key":"Sundial"},{"floor":45.0,"key":"Nunchaku"}],"event_choices":[{"damage_healed":0.0,"max_hp_gain":0.0,"max_hp_loss":0.0,"gold_gain":0.0,"event_name":"Liars Game","player_choice":"Ignored","floor":7.0,"gold_loss":0.0,"damage_taken":0.0},{"damage_healed":0.0,"max_hp_gain":0.0,"max_hp_loss":0.0,"gold_gain":0.0,"event_name":"Accursed Blacksmith","player_choice":"Forge","floor":19.0,"gold_loss":0.0,"damage_taken":0.0,"cards_upgraded":["Fission"]},{"damage_healed":0.0,"max_hp_gain":0.0,"max_hp_loss":0.0,"gold_gain":0.0,"event_name":"Back to Basics","player_choice":"Simplicity","floor":21.0,"gold_loss":0.0,"damage_taken":0.0,"cards_upgraded":["Strike_B","Strike_B","Defend_B","Defend_B","Defend_B","Defend_B"]},{"damage_healed":0.0,"max_hp_gain":0.0,"max_hp_loss":0.0,"gold_gain":0.0,"event_name":"Masked Bandits","player_choice":"Fought Bandits","floor":22.0,"gold_loss":0.0,"damage_taken":0.0},{"cards_removed":["Strike_B"],"damage_healed":0.0,"max_hp_gain":0.0,"max_hp_loss":0.0,"gold_gain":0.0,"event_name":"Bonfire Elementals","player_choice":"Offered Basic","floor":37.0,"gold_loss":0.0,"damage_taken":0.0},{"cards_removed":["Strike_B"],"damage_healed":0.0,"max_hp_gain":0.0,"max_hp_loss":0.0,"gold_gain":0.0,"event_name":"Falling","player_choice":"Removed Attack","floor":44.0,"gold_loss":0.0,"damage_taken":0.0},{"damage_healed":0.0,"max_hp_gain":0.0,"max_hp_loss":0.0,"gold_gain":222.0,"event_name":"Tomb of Lord Red Mask","player_choice":"Wore Mask","floor":46.0,"gold_loss":0.0,"damage_taken":0.0},{"damage_healed":0.0,"max_hp_gain":0.0,"max_hp_loss":0.0,"gold_gain":0.0,"event_name":"SensoryStone","player_choice":"Memory 3","floor":48.0,"gold_loss":0.0,"damage_taken":10.0}],"is_beta":false,"boss_relics":[{"not_picked":["Orrery","Eternal Feather"],"picked":"Fusion Hammer"},{"not_picked":["Astrolabe","Runic Dome"],"picked":"Runic Pyramid"}],"items_purged_floors":[2,20],"is_endless":false,"potions_floor_spawned":[1,3,4,10,23,28,30,33,35,40,41,54],"killed_by":"The Heart","ascension_level":5}