{"gold_per_floor":[109,109,109,121,121,121,155,166,166,12,31,31,48,48,48,149,149,165,165,165,183,197,197,197,211,236,236],"floor_reached":27,"playtime":1450,"items_purged":[],"score":213,"play_id":"c8d88268-a478-41f8-9b0d-849cd715bdb3","local_time":"20190909194711","is_ascension_mode":false,"campfire_choices":[{"data":"Armaments","floor":6,"key":"SMITH"},{"floor":12,"key":"REST"},{"data":"Perfected Strike","floor":15,"key":"SMITH"},{"floor":23,"key":"REST"}],"neow_cost":"NONE","seed_source_timestamp":334063776792300,"circlet_count":0,"master_deck":["Strike_R","Strike_R","Strike_R","Strike_R","Strike_R","Defend_R","Defend_R+1","Defend_R","Defend_R+1","Bash+1","Twin Strike","Armaments+1","Heavy Blade","Perfected Strike+1","Twin Strike","Heavy Blade","Shrug It Off","Perfected Strike","Flex"],"relics":["Burning Blood","Ginger","Mummified Hand","Red Skull","PreservedInsect","Black Star","Shuriken","Omamori"],"potions_floor_usage":[16,21,27,27],"damage_taken":[{"damage":0,"enemies":"Small Slimes","floor":1,"turns":4},{"damage":6,"enemies":"Jaw Worm","floor":4,"turns":3},{"damage":40,"enemies":"3 Sentries","floor":7,"turns":10},{"damage":0,"enemies":"Cultist","floor":8,"turns":2},{"damage":0,"enemies":"Blue Slaver","floor":11,"turns":3},{"damage":8,"enemies":"Exordium Thugs","floor":13,"turns":4},{"damage":32,"enemies":"The Guardian","floor":16,"turns":8},{"damage":47,"enemies":"3 Byrds","floor":18,"turns":8},{"damage":14,"enemies":"2 Thieves","floor":21,"turns":4},{"damage":16,"enemies":"Cultist and Chosen","floor":22,"turns":5},{"damage":24,"enemies":"Snake Plant","floor":25,"turns":4},{"damage":32,"enemies":"Gremlin Leader","floor":27,"turns":5}],"seed_played":"-1044629972362767051","potions_obtained":[{"floor":8,"key":"Strength Potion"},{"floor":11,"key":"Energy Potion"},{"floor":13,"key":"AttackPotion"},{"floor":18,"key":"SkillPotion"}],"is_trial":false,"path_per_floor":["M","?","?","M","?","R","E","M","T","$","M","R","M","?","R","B",null,"M","$","?","M","M","R","T","M","T","E"],"character_chosen":"IRONCLAD","items_purchased":["Red Skull"],"campfire_rested":2,"item_purchase_floors":[10],"current_hp_per_floor":[80,64,64,64,64,64,30,36,36,36,42,66,64,52,52,26,80,39,39,39,31,21,45,45,27,27,0],"gold":236,"neow_bonus":"UPGRADE_CARD","is_prod":false,"is_daily":false,"chose_seed":false,"campfire_upgraded":2,"win_rate":0,"timestamp":1568051231,"path_taken":["M","?","?","?","?","R","E","M","T","?","M","R","?","?","R","BOSS","M","$","?","?","M","R","?","M","T","E"],"build_version":"2019-07-17","purchased_purges":0,"victory":false,"max_hp_per_floor":[80,80,80,80,80,80,80,80,80,80,80,80,80,80,80,80,80,80,80,80,80,80,80,80,80,80,80],"card_choices":[{"not_picked":["Shrug It Off","Seeing Red"],"picked":"Twin Strike","floor":1},{"not_picked":["Sword Boomerang","Dual Wield"],"picked":"Armaments","floor":4},{"not_picked":["Power Through","Intimidate"],"picked":"Heavy Blade","floor":7},{"not_picked":["Shrug It Off","Pommel Strike"],"picked":"Perfected Strike","floor":8},{"not_picked":["Flame Barrier","Body Slam"],"picked":"Twin Strike","floor":11},{"not_picked":["Demon Form","Sword Boomerang"],"picked":"Heavy Blade","floor":13},{"not_picked":["Headbutt","Fire Breathing"],"picked":"Shrug It Off","floor":18},{"not_picked":["Searing Blow+1","Rupture+1"],"picked":"Perfected Strike","floor":21},{"not_picked":["Impervious","True Grit"],"picked":"Flex","floor":22},{"not_picked":["Ghostly Armor+1","Metallicize","True Grit"],"picked":"SKIP","floor":25}],"player_experience":44902,"relics_obtained":[{"floor":7,"key":"Ginger"},{"floor":9,"key":"Mummified Hand"},{"floor":24,"key":"Shuriken"},{"floor":26,"key":"Omamori"}],"event_choices":[{"damage_healed":0,"gold_gain":0,"player_choice":"Entered Light","damage_taken":16,"max_hp_gain":0,"max_hp_loss":0,"event_name":"Shining Light","floor":2,"gold_loss":0,"cards_upgraded":["Defend_R","Defend_R"]},{"damage_healed":0,"gold_gain":0,"player_choice":"Bought 0 Potions","damage_taken":0,"max_hp_gain":0,"max_hp_loss":0,"event_name":"The Woman in Blue","floor":3,"gold_loss":0},{"damage_healed":0,"gold_gain":0,"player_choice":"Ignored","damage_taken":0,"max_hp_gain":0,"max_hp_loss":0,"event_name":"NoteForYourself","floor":5,"gold_loss":0},{"damage_healed":0,"gold_gain":0,"player_choice":"Success","damage_taken":12,"relics_obtained":["PreservedInsect"],"max_hp_gain":0,"max_hp_loss":0,"event_name":"Scrap Ooze","floor":14,"gold_loss":0},{"damage_healed":0,"gold_gain":0,"player_choice":"Ignored","damage_taken":0,"max_hp_gain":0,"max_hp_loss":0,"event_name":"Transmorgrifier","floor":20,"gold_loss":0}],"is_beta":false,"boss_relics":[{"not_picked":["Astrolabe","Coffee Dripper"],"picked":"Black Star"}],"items_purged_floors":[],"is_endless":false,"potions_floor_spawned":[8,11,13,18],"killed_by":"Gremlin Leader","ascension_level":0}