{"gold_per_floor":[115,115,132,147,2,2,18,31,31,48,77,77,77,43,43,139,139,157,157,13,32,47,72,87,87,87,87,97,97,7,22,22,126,126,145,159,173,173,184,210,210,237,237,237,5,22,41,53,53,53,53,53,2,2],"floor_reached":54,"playtime":4992,"items_purged":["Defend_B"],"score":893,"play_id":"d269b18a-e18a-453c-b0ce-13a87716a793","local_time":"20190926221555","is_ascension_mode":true,"campfire_choices":[{"data":"Hologram","floor":6,"key":"SMITH"},{"data":"Zap","floor":12,"key":"SMITH"},{"data":"Chill","floor":15,"key":"SMITH"},{"data":"Darkness","floor":25,"key":"SMITH"},{"data":"Reinforced Body","floor":27,"key":"SMITH"},{"data":"Go for the Eyes","floor":29,"key":"SMITH"},{"data":"Leap","floor":32,"key":"SMITH"},{"data":"Reboot","floor":41,"key":"SMITH"},{"floor":44,"key":"RECALL"},{"data":"Bandage Up","floor":49,"key":"SMITH"},{"data":"Leap","floor":52,"key":"SMITH"}],"neow_cost":"TEN_PERCENT_HP_LOSS","seed_source_timestamp":0,"circlet_count":0,"master_deck":["Strike_B","Strike_B","Strike_B","Defend_B+1","Zap+1","Dualcast+1","Darkness+1","Hologram+1","Leap+1","Dark Shackles+1","Coolheaded","Leap","Chill+1","Cold Snap+1","Go for the Eyes+1","Creative AI+1","Defragment+1","Defragment+1","All For One","Leap+1","Reinforced Body+1","Steam+1","Ball Lightning+1","Steam+1","Beam Cell+1","FTL+1","Blizzard+1","Reboot+1","Chaos+1","Stack+1","Redo+1","BootSequence+1","Chaos+1","Self Repair+1","Injury","Bandage Up+1","Capacitor+1","Hologram+1","Barrage+1"],"special_seed":0,"relics":["Cracked Core","Frozen Egg 2","Pantograph","Cursed Key","War Paint","Molten Egg 2","Cables","Sozu","Potion Belt","Singing Bowl","DataDisk"],"potions_floor_usage":[16,16,23,23,33,33,50],"damage_taken":[{"damage":0.0,"enemies":"Small Slimes","floor":1.0,"turns":3.0},{"damage":0.0,"enemies":"Cultist","floor":3.0,"turns":3.0},{"damage":6,"enemies":"2 Louse","floor":4,"turns":2},{"damage":8,"enemies":"Exordium Thugs","floor":7,"turns":4},{"damage":0,"enemies":"2 Fungi Beasts","floor":8,"turns":3},{"damage":0,"enemies":"Looter","floor":10,"turns":4},{"damage":7,"enemies":"3 Sentries","floor":11,"turns":7},{"damage":9,"enemies":"Hexaghost","floor":16,"turns":11},{"damage":11,"enemies":"2 Thieves","floor":18,"turns":5},{"damage":3,"enemies":"Shell Parasite","floor":21,"turns":4},{"damage":2,"enemies":"Centurion and Healer","floor":22,"turns":9},{"damage":11,"enemies":"Gremlin Leader","floor":23,"turns":7},{"damage":0,"enemies":"Cultist and Chosen","floor":24,"turns":4},{"damage":0,"enemies":"Shelled Parasite and Fungi","floor":28,"turns":4},{"damage":6,"enemies":"Sentry and Sphere","floor":31,"turns":5},{"damage":4,"enemies":"Collector","floor":33,"turns":7},{"damage":0,"enemies":"3 Shapes","floor":35,"turns":5},{"damage":8,"enemies":"3 Darklings","floor":36,"turns":4},{"damage":8,"enemies":"Jaw Worm Horde","floor":37,"turns":4},{"damage":1,"enemies":"Maw","floor":39,"turns":6},{"damage":0,"enemies":"Nemesis","floor":40,"turns":9},{"damage":3,"enemies":"Giant Head","floor":42,"turns":8},{"damage":3,"enemies":"Sphere and 2 Shapes","floor":46,"turns":7},{"damage":0,"enemies":"4 Shapes","floor":47,"turns":7},{"damage":3,"enemies":"Jaw Worm Horde","floor":48,"turns":6},{"damage":61,"enemies":"Time Eater","floor":50,"turns":10},{"damage":82,"enemies":"Shield and Spear","floor":54,"turns":5}],"seed_played":"6238919617940662644","potions_obtained":[{"floor":1.0,"key":"FearPotion"},{"floor":3.0,"key":"GamblersBrew"},{"floor":8,"key":"Weak Potion"},{"floor":11,"key":"Fruit Juice"},{"floor":18,"key":"Weak Potion"},{"floor":22,"key":"EssenceOfSteel"},{"floor":24,"key":"PowerPotion"},{"floor":28,"key":"Swift Potion"}],"is_trial":false,"path_per_floor":["M","?","M","M","$","R","M","M","T","M","E","R","?","$","R","B",null,"M","?","$","M","M","E","M","R","T","R","M","R","?","M","R","B",null,"M","M","M","?","M","E","R","E","T","R","$","M","M","M","R","B",null,"R","$","E"],"character_chosen":"DEFECT","items_purchased":["Chill","Defragment+1","War Paint","DataDisk","Bandage Up","Barrage+1"],"campfire_rested":0,"item_purchase_floors":[5,14,20,45,45,53],"current_hp_per_floor":[68,68,68,62,62,62,54,54,54,54,47,47,47,47,47,64,73,62,62,62,59,57,46,46,46,46,46,46,46,46,40,40,61,73,73,65,57,57,56,56,56,53,53,53,53,64,71,71,71,16,71,71,71,0],"gold":2,"neow_bonus":"TRANSFORM_TWO_CARDS","is_prod":false,"is_daily":false,"chose_seed":false,"campfire_upgraded":10,"win_rate":0,"timestamp":1569561355,"path_taken":["M","?","M","?","$","R","M","M","T","M","E","R","?","?","R","BOSS","M","?","?","M","?","E","M","R","T","R","M","R","?","M","R","BOSS","M","M","?","?","M","E","R","E","T","R","$","M","M","M","R","BOSS","R","$","E"],"build_version":"2019-07-17","purchased_purges":1,"victory":false,"max_hp_per_floor":[68,68,68,68,68,68,68,68,68,68,68,68,68,68,68,73,73,73,73,73,73,73,73,73,73,73,73,73,73,73,73,73,73,73,73,73,73,69,69,69,69,69,69,69,69,69,71,71,71,71,71,71,71,71],"card_choices":[{"not_picked":["Sweeping Beam","Go for the Eyes"],"picked":"Leap","floor":1.0},{"not_picked":["Reprogram","Barrage"],"picked":"Coolheaded","floor":3.0},{"not_picked":["Fusion","Coolheaded"],"picked":"Leap","floor":4},{"not_picked":["Streamline","Conserve Battery"],"picked":"Cold Snap","floor":7},{"not_picked":["Steam","Force Field"],"picked":"Go for the Eyes","floor":8},{"not_picked":["BootSequence","Gash"],"picked":"Creative AI+1","floor":10},{"not_picked":["Streamline","Skim"],"picked":"Defragment+1","floor":11},{"not_picked":["Hyperbeam","Creative AI+1"],"picked":"All For One","floor":16},{"not_picked":["Barrage","Reinforced Body"],"picked":"Leap","floor":18},{"not_picked":["Compile Driver","Heatsinks+1"],"picked":"Steam+1","floor":21},{"not_picked":["Gash","Beam Cell"],"picked":"Ball Lightning+1","floor":22},{"not_picked":["Lockon","Beam Cell"],"picked":"Steam+1","floor":23},{"not_picked":["Sweeping Beam+1","Rebound+1"],"picked":"Beam Cell+1","floor":24},{"not_picked":["All For One+1","Coolheaded+1"],"picked":"FTL+1","floor":28},{"not_picked":["Hologram","Genetic Algorithm"],"picked":"Blizzard+1","floor":31},{"not_picked":["Creative AI+1","Machine Learning+1"],"picked":"Reboot","floor":33},{"not_picked":["Compile Driver+1","Go for the Eyes+1"],"picked":"Chaos+1","floor":35},{"not_picked":["Go for the Eyes+1","Genetic Algorithm+1"],"picked":"Stack+1","floor":36},{"not_picked":["Rip and Tear+1","Go for the Eyes+1"],"picked":"Redo+1","floor":37},{"not_picked":["Barrage+1","Coolheaded+1"],"picked":"BootSequence+1","floor":39},{"not_picked":["Streamline+1","Stack"],"picked":"Chaos+1","floor":40},{"not_picked":["Cold Snap+1","Consume+1"],"picked":"Self Repair+1","floor":42},{"not_picked":["Chill","Rainbow"],"picked":"Capacitor+1","floor":46},{"not_picked":["Beam Cell+1","White Noise","Ball Lightning+1"],"picked":"Singing Bowl","floor":47},{"not_picked":["Steam+1","Reinforced Body+1"],"picked":"Hologram+1","floor":48}],"player_experience":201007,"relics_obtained":[{"floor":9,"key":"Frozen Egg 2"},{"floor":11,"key":"Pantograph"},{"floor":23,"key":"Molten Egg 2"},{"floor":26,"key":"Cables"},{"floor":40,"key":"Potion Belt"},{"floor":42,"key":"Singing Bowl"}],"event_choices":[{"damage_healed":0.0,"max_hp_gain":0.0,"max_hp_loss":0.0,"gold_gain":0.0,"event_name":"Match and Keep!","player_choice":"1 cards matched","floor":2.0,"gold_loss":0.0,"damage_taken":0.0,"cards_obtained":["Dark Shackles"]},{"damage_healed":0,"gold_gain":0,"player_choice":"Forge","damage_taken":0,"max_hp_gain":0,"max_hp_loss":0,"event_name":"Accursed Blacksmith","floor":13,"gold_loss":0,"cards_upgraded":["Dualcast"]},{"damage_healed":0,"gold_gain":0,"cards_transformed":["Defend_B"],"player_choice":"Transformed","damage_taken":0,"max_hp_gain":0,"max_hp_loss":0,"event_name":"Transmorgrifier","floor":19,"gold_loss":0,"cards_obtained":["Reinforced Body"]},{"cards_removed":["Clumsy"],"damage_healed":0,"gold_gain":0,"player_choice":"Upgrade and Remove","damage_taken":0,"max_hp_gain":0,"max_hp_loss":0,"event_name":"Designer","floor":30,"gold_loss":90,"cards_upgraded":["Cold Snap"]},{"damage_healed":0,"gold_gain":0,"player_choice":"Max HP","damage_taken":0,"max_hp_gain":0,"max_hp_loss":4,"event_name":"Winding Halls","floor":38,"gold_loss":0}],"is_beta":false,"boss_relics":[{"not_picked":["Lizard Tail","Fusion Hammer"],"picked":"Cursed Key"},{"not_picked":["Eternal Feather","Runic Dome"],"picked":"Sozu"}],"items_purged_floors":[5],"is_endless":false,"potions_floor_spawned":[1,3,8,11,18,22,24,28,36,40,42,47,48],"killed_by":"Shield and Spear","ascension_level":4}