{"gold_per_floor":[117,130,144,161,10,42,59,59,108,108,33,33,33,48,48,151,151,165,165,192,68,81,107,122,75,75,97,109,121,133,244,256,366,378,409,270,270,280,290,290,290,324,324,14,14],"floor_reached":45,"playtime":1864,"items_purged":["Strike_R","Regret","Defend_R","Defend_R"],"score":643,"play_id":"169e3e82-d634-4bd1-963a-3a1d3cfab66e","local_time":"20190419114545","is_ascension_mode":true,"campfire_choices":[{"floor":12,"key":"REST"},{"data":"Armaments","floor":15,"key":"SMITH"},{"data":"Uppercut","floor":28,"key":"SMITH"},{"data":"Shrug It Off","floor":30,"key":"SMITH"},{"data":"Clothesline","floor":32,"key":"SMITH"},{"floor":41,"key":"REST"}],"neow_cost":"NONE","seed_source_timestamp":2308139134564600,"circlet_count":0,"master_deck":["Strike_R","Strike_R+1","Defend_R+1","Defend_R+1","Bash+1","Feed","Spot Weakness+1","Armaments+1","Shrug It Off+1","Uppercut+1","Cleave","Dropkick","Feed","Clothesline+1","Uppercut+1","True Grit+1","Warcry","Offering","Iron Wave+1","Heavy Blade","Madness","Madness","Wild Strike","True Grit","Shrug It Off+1","Offering"],"relics":["Black Blood","Whetstone","Matryoshka","Happy Flower","War Paint","Anchor","Busted Crown","Nilry\u0027s Codex","Red Mask","Letter Opener","MawBank","Shuriken","PreservedInsect","Lantern"],"potions_floor_usage":[4,6,16,23,27,38,40,40],"damage_taken":[{"damage":25,"enemies":"Cultist","floor":1,"turns":7},{"damage":4,"enemies":"2 Louse","floor":2,"turns":3},{"damage":1,"enemies":"Small Slimes","floor":3,"turns":5},{"damage":23,"enemies":"Exordium Thugs","floor":4,"turns":8},{"damage":36,"enemies":"Gremlin Nob","floor":6,"turns":5},{"damage":1,"enemies":"2 Fungi Beasts","floor":7,"turns":3},{"damage":7,"enemies":"Large Slime","floor":14,"turns":5},{"damage":32,"enemies":"Hexaghost","floor":16,"turns":12},{"damage":10,"enemies":"Shell Parasite","floor":18,"turns":4},{"damage":33,"enemies":"Masked Bandits","floor":20,"turns":5},{"damage":0,"enemies":"Chosen","floor":22,"turns":3},{"damage":8,"enemies":"Book of Stabbing","floor":23,"turns":6},{"damage":0,"enemies":"Shelled Parasite and Fungi","floor":24,"turns":4},{"damage":0,"enemies":"Chosen and Byrds","floor":27,"turns":3},{"damage":64,"enemies":"Champ","floor":33,"turns":13},{"damage":22,"enemies":"3 Darklings","floor":35,"turns":5},{"damage":6,"enemies":"Orb Walker","floor":38,"turns":3},{"damage":68,"enemies":"Writhing Mass","floor":39,"turns":5},{"damage":33,"enemies":"Giant Head","floor":40,"turns":6},{"damage":33,"enemies":"Reptomancer","floor":42,"turns":6},{"damage":36,"enemies":"3 Darklings","floor":45,"turns":4}],"seed_played":"2433729659216254154","potions_obtained":[{"floor":1,"key":"Ancient Potion"},{"floor":2,"key":"EssenceOfSteel"},{"floor":6,"key":"Block Potion"},{"floor":16,"key":"SmokeBomb"},{"floor":22,"key":"Regen Potion"},{"floor":23,"key":"Explosive Potion"},{"floor":33,"key":"FearPotion"},{"floor":35,"key":"Regen Potion"}],"is_trial":false,"path_per_floor":["M","M","M","M","$","E","M","?","T","?","$","R","?","M","R","B",null,"M","?","?","$","M","E","M","$","T","M","R","?","R","?","R","B",null,"M","$","?","M","M","E","R","E","T","$","M"],"character_chosen":"IRONCLAD","items_purchased":["Whetstone","Clothesline","Warcry","Heavy Blade","Offering"],"campfire_rested":2,"item_purchase_floors":[5,21,25,36,44],"current_hp_per_floor":[64,69,77,63,63,33,41,34,34,15,15,43,43,45,45,19,98,94,78,57,57,66,79,89,89,89,98,98,98,98,98,98,40,114,102,102,88,101,43,20,54,31,31,31,0],"gold":14,"neow_bonus":"ONE_RANDOM_RARE_CARD","is_prod":false,"is_daily":false,"chose_seed":false,"campfire_upgraded":4,"win_rate":0,"timestamp":1555663545,"path_taken":["M","M","M","M","$","E","M","?","T","?","$","R","?","M","R","BOSS","M","?","?","$","M","E","M","$","T","?","R","?","R","?","R","BOSS","M","$","?","M","M","E","R","E","T","$","M"],"build_version":"2019-01-23","purchased_purges":4,"victory":false,"max_hp_per_floor":[83,86,89,92,92,92,95,95,95,95,95,95,95,98,98,98,98,98,98,104,104,107,107,111,111,111,114,114,114,114,114,114,114,114,114,114,114,114,114,114,114,114,114,114,114],"card_choices":[{"not_picked":["Disarm","Shrug It Off"],"picked":"Spot Weakness","floor":1},{"not_picked":["Headbutt","Rupture"],"picked":"Armaments","floor":2},{"not_picked":["Cleave","Clothesline"],"picked":"Shrug It Off","floor":3},{"not_picked":["Clothesline","Body Slam"],"picked":"Uppercut","floor":4},{"not_picked":["Dark Embrace","Metallicize"],"picked":"Cleave","floor":6},{"not_picked":["Sword Boomerang","Havoc","Metallicize"],"picked":"SKIP","floor":7},{"not_picked":["Hemokinesis","Reckless Charge"],"picked":"Dropkick","floor":14},{"not_picked":["Dark Embrace","Juggernaut"],"picked":"Feed","floor":16},{"not_picked":["Perfected Strike"],"picked":"SKIP","floor":18},{"not_picked":[],"picked":"Uppercut","floor":22},{"not_picked":[],"picked":"True Grit+1","floor":23},{"not_picked":["Power Through"],"picked":"SKIP","floor":24},{"not_picked":["Clash"],"picked":"SKIP","floor":27},{"not_picked":[],"picked":"Offering","floor":33},{"not_picked":[],"picked":"Iron Wave+1","floor":35},{"not_picked":[],"picked":"Wild Strike","floor":38},{"not_picked":[],"picked":"True Grit","floor":39},{"not_picked":[],"picked":"Shrug It Off+1","floor":42}],"player_experience":315738,"relics_obtained":[{"floor":6,"key":"Matryoshka"},{"floor":9,"key":"Happy Flower"},{"floor":9,"key":"War Paint"},{"floor":19,"key":"Nilry\u0027s Codex"},{"floor":20,"key":"Red Mask"},{"floor":23,"key":"Letter Opener"},{"floor":26,"key":"MawBank"},{"floor":26,"key":"Shuriken"},{"floor":42,"key":"PreservedInsect"},{"floor":43,"key":"Lantern"}],"event_choices":[{"cards_removed":["Strike_R"],"damage_healed":0,"gold_gain":0,"player_choice":"Card Removal","damage_taken":7,"max_hp_gain":0,"max_hp_loss":0,"event_name":"Golden Wing","floor":8,"gold_loss":0},{"damage_healed":0,"gold_gain":0,"player_choice":"Entered Light","damage_taken":19,"max_hp_gain":0,"max_hp_loss":0,"event_name":"Shining Light","floor":10,"gold_loss":0,"cards_upgraded":["Defend_R","Uppercut"]},{"damage_healed":0,"gold_gain":0,"player_choice":"Box","damage_taken":0,"relics_obtained":["Anchor"],"max_hp_gain":0,"max_hp_loss":0,"event_name":"Big Fish","floor":13,"gold_loss":0,"cards_obtained":["Regret"]},{"damage_healed":0,"gold_gain":0,"player_choice":"Obtained Book","damage_taken":16,"max_hp_gain":0,"max_hp_loss":0,"event_name":"Cursed Tome","floor":19,"gold_loss":0},{"damage_healed":0,"gold_gain":0,"player_choice":"Fought Bandits","damage_taken":0,"max_hp_gain":0,"max_hp_loss":0,"event_name":"Masked Bandits","floor":20,"gold_loss":0},{"cards_removed":["Strike_R"],"damage_healed":0,"gold_gain":0,"player_choice":"Elegance","damage_taken":0,"max_hp_gain":0,"max_hp_loss":0,"event_name":"Back to Basics","floor":29,"gold_loss":0},{"damage_healed":0,"gold_gain":99,"player_choice":"Stole From Cult","damage_taken":0,"max_hp_gain":0,"max_hp_loss":0,"event_name":"Nest","floor":31,"gold_loss":0},{"damage_healed":0,"gold_gain":0,"player_choice":"Embrace Madness","damage_taken":14,"max_hp_gain":0,"max_hp_loss":0,"event_name":"Winding Halls","floor":37,"gold_loss":0,"cards_obtained":["Madness","Madness"]}],"is_beta":false,"boss_relics":[{"not_picked":["Ectoplasm","Velvet Choker"],"picked":"Busted Crown"},{"not_picked":["Black Star","Lizard Tail"],"picked":"Black Blood"}],"items_purged_floors":[11,21,36,44],"is_endless":false,"potions_floor_spawned":[1,2,6,16,22,23,33,35,40],"killed_by":"3 Darklings","ascension_level":3}