{"gold_per_floor":[110,122,134,134,158,158,193,193,261,261,279,295,311,337,337,441,441,458,474,499,499,499,499,527,537,607,634,634,659,80,98,98,193,193,203,215,234,248,67,67,167,197,197,212,244,261,295,310,310,310,310,310,17,52,52],"floor_reached":56,"playtime":3331,"items_purged":[],"score":1602,"play_id":"ad87c7fb-ab17-413e-9850-78a7da2f4b08","local_time":"20190726234831","is_ascension_mode":true,"campfire_choices":[{"data":"Neutralize","floor":6,"key":"SMITH"},{"data":"Deadly Poison","floor":8,"key":"SMITH"},{"floor":15,"key":"REST"},{"floor":23,"key":"REST"},{"data":"Well Laid Plans","floor":28,"key":"SMITH"},{"data":"Crippling Poison","floor":32,"key":"SMITH"},{"floor":40,"key":"RECALL"},{"data":"1","floor":49,"key":"LIFT"},{"data":"2","floor":52,"key":"LIFT"}],"neow_cost":"NONE","seed_source_timestamp":697667949093743,"circlet_count":0,"master_deck":["Survivor","Neutralize+1","Quick Slash+1","Backflip","Terror","Deadly Poison+1","Crippling Poison+1","Backstab","Adrenaline","Slice","Well Laid Plans+1","Masterful Stab","Envenom","Predator","Blade Dance","Grand Finale","Reflex","Flying Knee","PiercingWail","Cloak And Dagger","Concentrate","Backflip","Burst","PiercingWail+1","Corpse Explosion","Footwork","Expertise+1","Prepared+1","Adrenaline","Blade Dance+1","Caltrops+1","Leg Sweep","Backflip+1"],"relics":["Ring of the Snake","Sundial","The Courier","Oddly Smooth Stone","Pandora\u0027s Box","Red Mask","Enchiridion","Nloth\u0027s Gift","StoneCalendar","Meat on the Bone","Bag of Preparation","Blood Vial","Unceasing Top","TwistedFunnel","Anchor","Fusion Hammer","Snake Skull","Gambling Chip","FossilizedHelix","Kunai","Girya","Pear","Mummified Hand"],"potions_floor_usage":[11,14,14,16,37,50,54,55,55,55],"damage_taken":[{"damage":0,"enemies":"Cultist","floor":1,"turns":4},{"damage":0,"enemies":"2 Louse","floor":2,"turns":2},{"damage":3,"enemies":"Jaw Worm","floor":3,"turns":5},{"damage":29,"enemies":"Gremlin Nob","floor":7,"turns":5},{"damage":4,"enemies":"Large Slime","floor":11,"turns":6},{"damage":11,"enemies":"Gremlin Gang","floor":12,"turns":5},{"damage":3,"enemies":"Exordium Thugs","floor":13,"turns":5},{"damage":22,"enemies":"3 Sentries","floor":14,"turns":6},{"damage":18,"enemies":"Slime Boss","floor":16,"turns":12},{"damage":0,"enemies":"3 Byrds","floor":18,"turns":2},{"damage":23,"enemies":"2 Thieves","floor":19,"turns":4},{"damage":4,"enemies":"Masked Bandits","floor":20,"turns":4},{"damage":11,"enemies":"Book of Stabbing","floor":24,"turns":3},{"damage":0,"enemies":"Centurion and Healer","floor":25,"turns":4},{"damage":0,"enemies":"Gremlin Leader","floor":27,"turns":4},{"damage":5,"enemies":"Slavers","floor":29,"turns":3},{"damage":0,"enemies":"Cultist and Chosen","floor":31,"turns":3},{"damage":24,"enemies":"Automaton","floor":33,"turns":7},{"damage":4,"enemies":"3 Darklings","floor":35,"turns":4},{"damage":0,"enemies":"3 Shapes","floor":36,"turns":3},{"damage":0,"enemies":"Transient","floor":37,"turns":5},{"damage":0,"enemies":"Sphere and 2 Shapes","floor":38,"turns":3},{"damage":0,"enemies":"Mind Bloom Boss Battle","floor":41,"turns":4},{"damage":0,"enemies":"Giant Head","floor":42,"turns":4},{"damage":0,"enemies":"4 Shapes","floor":44,"turns":4},{"damage":0,"enemies":"Nemesis","floor":45,"turns":5},{"damage":0,"enemies":"3 Darklings","floor":46,"turns":2},{"damage":0,"enemies":"Reptomancer","floor":47,"turns":3},{"damage":0,"enemies":"Writhing Mass","floor":48,"turns":4},{"damage":0,"enemies":"Donu and Deca","floor":50,"turns":5},{"damage":0,"enemies":"Shield and Spear","floor":54,"turns":4},{"damage":49,"enemies":"The Heart","floor":55,"turns":7}],"seed_played":"320541597517088079","potions_obtained":[{"floor":0,"key":"Regen Potion"},{"floor":0,"key":"PowerPotion"},{"floor":0,"key":"EssenceOfSteel"},{"floor":14,"key":"AttackPotion"},{"floor":19,"key":"Energy Potion"},{"floor":20,"key":"Swift Potion"},{"floor":25,"key":"Explosive Potion"},{"floor":31,"key":"FearPotion"},{"floor":33,"key":"GamblersBrew"},{"floor":35,"key":"SteroidPotion"},{"floor":41,"key":"Ancient Potion"},{"floor":46,"key":"LiquidBronze"}],"is_trial":false,"path_per_floor":["M","M","M","?","T","R","E","R","T","?","M","M","M","E","R","B",null,"M","M","?","?","?","R","E","M","T","E","R","E","$","M","R","B",null,"M","M","M","M","$","R","?","E","T","M","E","M","E","M","R","B",null,"R","$","E","B",null],"character_chosen":"THE_SILENT","items_purchased":["Unceasing Top","TwistedFunnel","Anchor","GhostInAJar","Snake Skull","Footwork","Dexterity Potion","Pear","Leg Sweep","Swift Potion"],"campfire_rested":2,"item_purchase_floors":[30,30,30,30,39,39,39,53,53,53],"current_hp_per_floor":[70,70,67,67,67,67,38,38,38,38,34,23,20,13,34,16,70,70,47,43,27,27,48,37,37,37,37,37,44,44,46,46,36,70,66,68,70,70,70,70,70,70,70,70,70,70,70,70,70,70,70,70,80,80,43],"gold":52,"neow_bonus":"THREE_SMALL_POTIONS","is_prod":false,"is_daily":false,"chose_seed":false,"campfire_upgraded":4,"win_rate":0,"timestamp":1564181311,"path_taken":["M","M","?","?","?","R","E","R","T","?","M","M","?","E","R","BOSS","M","M","?","?","?","R","E","M","T","E","R","E","$","?","R","BOSS","M","?","M","M","$","R","?","E","T","M","E","M","E","M","R","BOSS","R","$","E","BOSS"],"build_version":"2019-07-17","purchased_purges":0,"victory":true,"max_hp_per_floor":[70,70,70,70,70,70,70,70,70,70,70,70,70,70,70,70,70,70,70,70,70,70,70,70,70,70,70,70,70,70,70,70,70,70,70,70,70,70,70,70,70,70,70,70,70,70,70,70,70,70,70,70,80,80,80],"card_choices":[{"not_picked":["Infinite Blades","Blade Dance"],"picked":"Quick Slash","floor":1},{"not_picked":["Bane","Distraction"],"picked":"Backflip","floor":2},{"not_picked":["Escape Plan","Blur"],"picked":"Terror","floor":3},{"not_picked":["Blade Dance","Accuracy"],"picked":"Deadly Poison","floor":7},{"not_picked":["Slice","Riddle With Holes"],"picked":"Crippling Poison","floor":11},{"not_picked":["Reflex","Flying Knee","Underhanded Strike"],"picked":"SKIP","floor":12},{"not_picked":["Heel Hook","Caltrops"],"picked":"Backstab","floor":13},{"not_picked":["Quick Slash","Choke","Underhanded Strike"],"picked":"SKIP","floor":14},{"not_picked":["A Thousand Cuts","Tools of the Trade"],"picked":"Adrenaline","floor":16},{"not_picked":["Underhanded Strike","Dagger Spray"],"picked":"Cloak And Dagger","floor":18},{"not_picked":["PiercingWail+1","Dagger Throw"],"picked":"Concentrate","floor":19},{"not_picked":["Escape Plan","Choke","Underhanded Strike"],"picked":"SKIP","floor":24},{"not_picked":["Skewer+1","Riddle With Holes"],"picked":"Backflip","floor":25},{"not_picked":["Predator","Dagger Spray","Flying Knee+1"],"picked":"SKIP","floor":27},{"not_picked":["Envenom","Dagger Throw","Outmaneuver"],"picked":"SKIP","floor":29},{"not_picked":["Setup","Dagger Spray","Skewer"],"picked":"SKIP","floor":31},{"not_picked":["Doppelganger","A Thousand Cuts"],"picked":"Burst","floor":33},{"not_picked":["Quick Slash","Deadly Poison"],"picked":"PiercingWail+1","floor":35},{"not_picked":["Infinite Blades+1","Backflip"],"picked":"Corpse Explosion","floor":36},{"not_picked":["Skewer","Catalyst","Dagger Spray+1"],"picked":"SKIP","floor":37},{"not_picked":["Slice","PiercingWail+1","Predator+1"],"picked":"SKIP","floor":38},{"not_picked":["Choke","Leg Sweep+1"],"picked":"Expertise+1","floor":41},{"not_picked":["Riddle With Holes+1","Poisoned Stab","Tactician+1"],"picked":"SKIP","floor":42},{"not_picked":["Choke+1","Accuracy"],"picked":"Prepared+1","floor":44},{"not_picked":["Distraction+1","Skewer"],"picked":"Adrenaline","floor":45},{"not_picked":["All Out Attack+1","Heel Hook+1","Tactician"],"picked":"SKIP","floor":46},{"not_picked":["Tools of the Trade","Unload"],"picked":"Blade Dance+1","floor":47},{"not_picked":["Backflip+1","Slice"],"picked":"Caltrops+1","floor":48},{"not_picked":["Dagger Throw","Skewer"],"picked":"Backflip+1","floor":54}],"player_experience":1755142,"relics_obtained":[{"floor":5,"key":"Potion Belt"},{"floor":7,"key":"Sundial"},{"floor":9,"key":"The Courier"},{"floor":14,"key":"Oddly Smooth Stone"},{"floor":20,"key":"Red Mask"},{"floor":21,"key":"Enchiridion"},{"floor":24,"key":"StoneCalendar"},{"floor":26,"key":"Meat on the Bone"},{"floor":27,"key":"Bag of Preparation"},{"floor":29,"key":"Blood Vial"},{"floor":41,"key":"Gambling Chip"},{"floor":42,"key":"FossilizedHelix"},{"floor":45,"key":"Kunai"},{"floor":47,"key":"Girya"},{"floor":54,"key":"Mummified Hand"}],"event_choices":[{"damage_healed":0,"gold_gain":0,"player_choice":"Ignored","damage_taken":0,"max_hp_gain":0,"max_hp_loss":0,"event_name":"Liars Game","floor":4,"gold_loss":0},{"damage_healed":0,"gold_gain":0,"player_choice":"Forge","damage_taken":0,"max_hp_gain":0,"max_hp_loss":0,"event_name":"Accursed Blacksmith","floor":10,"gold_loss":0,"cards_upgraded":["Quick Slash"]},{"damage_healed":0,"gold_gain":0,"player_choice":"Fought Bandits","damage_taken":0,"max_hp_gain":0,"max_hp_loss":0,"event_name":"Masked Bandits","floor":20,"gold_loss":0},{"damage_healed":0,"gold_gain":0,"player_choice":"Obtained Book","damage_taken":16,"max_hp_gain":0,"max_hp_loss":0,"event_name":"Cursed Tome","floor":21,"gold_loss":0},{"damage_healed":0,"gold_gain":0,"player_choice":"Traded Relic","damage_taken":0,"relics_obtained":["Nloth\u0027s Gift"],"max_hp_gain":0,"max_hp_loss":0,"event_name":"N\u0027loth","floor":22,"relics_lost":["Potion Belt"],"gold_loss":0},{"damage_healed":0,"gold_gain":0,"player_choice":"Fight","damage_taken":0,"max_hp_gain":0,"max_hp_loss":0,"event_name":"MindBloom","floor":41,"gold_loss":0}],"is_beta":false,"boss_relics":[{"not_picked":["Cursed Key","Tiny House"],"picked":"Pandora\u0027s Box"},{"not_picked":["Orrery","Lizard Tail"],"picked":"Fusion Hammer"}],"items_purged_floors":[],"is_endless":false,"potions_floor_spawned":[1,3,14,19,20,25,31,33,35,36,41,46,48],"ascension_level":2}