{"gold_per_floor":[110,126,126,126,142,167,167,181,181,209,7,7,22,32,32,130,130,144,84,113,113,130,158,158,189,189,224,254,266,378,402,414,526,538,564,624,546,575,600,640,393,393,393,25,41,41,61,61,61,61],"floor_reached":51,"playtime":4825,"items_purged":["Strike_B","Strike_B"],"score":972,"play_id":"b169ca02-ddeb-40a6-ba85-47f7e8d48295","local_time":"20191007221000","is_ascension_mode":true,"campfire_choices":[{"floor":7.0,"key":"REST"},{"floor":12.0,"key":"REST"},{"data":"Apotheosis","floor":15.0,"key":"SMITH"},{"data":"1","floor":24.0,"key":"LIFT"},{"data":"2","floor":29.0,"key":"LIFT"},{"data":"3","floor":32.0,"key":"LIFT"},{"floor":46,"key":"DIG"},{"floor":49,"key":"REST"}],"neow_cost":"NONE","seed_source_timestamp":0,"circlet_count":0,"master_deck":["Strike_B","Defend_B","Defend_B","Defend_B+1","Defend_B","Zap+1","Sunder+1","Coolheaded","Reinforced Body","Core Surge","Coolheaded","Defragment","Apotheosis+1","Self Repair","Ball Lightning","Genetic Algorithm","Echo Form","Glacier","Glacier","Aggregate","Doom and Gloom+1","Machine Learning","Defragment","Creative AI","Static Discharge+1","Go for the Eyes","Loop","Defragment","Loop","Madness","Madness","Double Energy","Double Energy","Loop+1"],"special_seed":0,"relics":["Cracked Core","Ancient Tea Set","The Courier","Bag of Marbles","Ice Cream","Fusion Hammer","Red Mask","Girya","Strawberry","Vajra","MawBank","Torii","Ornamental Fan","Lizard Tail","Shovel","Blood Vial","Orichalcum","Anchor","Meat on the Bone","Happy Flower"],"potions_floor_usage":[45,45,50,50],"damage_taken":[{"damage":2.0,"enemies":"Jaw Worm","floor":1.0,"turns":2.0},{"damage":0.0,"enemies":"Small Slimes","floor":2.0,"turns":2.0},{"damage":0.0,"enemies":"2 Louse","floor":5.0,"turns":3.0},{"damage":6.0,"enemies":"3 Sentries","floor":6.0,"turns":4.0},{"damage":11.0,"enemies":"Looter","floor":8.0,"turns":3.0},{"damage":16.0,"enemies":"Lagavulin","floor":10.0,"turns":5.0},{"damage":0.0,"enemies":"Exordium Thugs","floor":13.0,"turns":2.0},{"damage":0.0,"enemies":"2 Fungi Beasts","floor":14.0,"turns":2.0},{"damage":15.0,"enemies":"Hexaghost","floor":16.0,"turns":11.0},{"damage":0.0,"enemies":"Spheric Guardian","floor":18.0,"turns":5.0},{"damage":34.0,"enemies":"Masked Bandits","floor":20.0,"turns":7.0},{"damage":8.0,"enemies":"2 Thieves","floor":22.0,"turns":2.0},{"damage":3.0,"enemies":"Gremlin Leader","floor":23.0,"turns":10.0},{"damage":0.0,"enemies":"Book of Stabbing","floor":25.0,"turns":5.0},{"damage":10.0,"enemies":"Gremlin Leader","floor":27.0,"turns":8.0},{"damage":0.0,"enemies":"Centurion and Healer","floor":28.0,"turns":6.0},{"damage":0.0,"enemies":"Colosseum Slavers","floor":30.0,"turns":2.0},{"damage":16.0,"enemies":"Colosseum Nobs","floor":30.0,"turns":4.0},{"damage":17.0,"enemies":"Snake Plant","floor":31.0,"turns":4.0},{"damage":18.0,"enemies":"Champ","floor":33.0,"turns":11.0},{"damage":6.0,"enemies":"Orb Walker","floor":35.0,"turns":4.0},{"damage":30.0,"enemies":"2 Orb Walkers","floor":36.0,"turns":5.0},{"damage":20.0,"enemies":"3 Darklings","floor":38.0,"turns":4.0},{"damage":10.0,"enemies":"Spire Growth","floor":39.0,"turns":6.0},{"damage":11.0,"enemies":"Reptomancer","floor":40.0,"turns":8.0},{"damage":7,"enemies":"Transient","floor":45,"turns":5},{"damage":10,"enemies":"Maw","floor":47,"turns":6},{"damage":32,"enemies":"Time Eater","floor":50,"turns":13}],"seed_played":"3421663576107788279","potions_obtained":[{"floor":1.0,"key":"FocusPotion"},{"floor":2.0,"key":"Swift Potion"},{"floor":8.0,"key":"Energy Potion"},{"floor":10.0,"key":"Energy Potion"},{"floor":25.0,"key":"PowerPotion"},{"floor":31.0,"key":"SpeedPotion"},{"floor":35.0,"key":"GamblersBrew"},{"floor":39.0,"key":"Block Potion"},{"floor":40.0,"key":"FocusPotion"},{"floor":45,"key":"Weak Potion"},{"floor":47,"key":"Regen Potion"}],"is_trial":false,"path_per_floor":["M","M","?","?","M","E","R","M","T","E","$","R","M","M","R","B",null,"M","$","?","?","M","E","R","E","T","E","M","R","?","M","R","B",null,"M","?","?","M","M","E","$","?","T","$","M","R","M","?","R","B",null],"character_chosen":"DEFECT","items_purchased":["Apotheosis","Self Repair","Loop","Defragment","Loop","Swift Potion","Double Energy","Anchor","Meat on the Bone"],"campfire_rested":3,"item_purchase_floors":[11,11,41,41,41,41,44,44,44],"current_hp_per_floor":[66,66,48,33,33,27,49,38,38,22,22,44,54,54,54,49,69,75,75,61,47,39,56,56,63,63,63,73,73,57,47,47,36,74,75,45,45,32,32,31,31,20,20,20,37,37,51,51,77,69],"gold":61,"neow_bonus":"UPGRADE_CARD","is_prod":false,"is_daily":false,"chose_seed":false,"campfire_upgraded":1,"win_rate":0,"timestamp":1570479000,"path_taken":["M","M","?","?","M","E","R","M","T","E","$","R","M","M","R","BOSS","M","$","?","?","M","E","R","E","T","E","?","R","?","M","R","BOSS","M","?","?","?","M","E","?","?","T","$","M","R","M","?","R","BOSS"],"build_version":"2019-07-17","purchased_purges":2,"victory":true,"max_hp_per_floor":[75,75,75,75,75,75,75,75,75,75,75,75,75,75,75,75,75,75,75,75,80,80,80,80,87,87,87,87,87,87,87,87,87,87,87,87,87,87,87,87,87,87,87,87,87,87,87,87,87,87],"card_choices":[{"not_picked":["Steam Power","Leap"],"picked":"Sunder","floor":1.0},{"not_picked":["Steam Power","Scrape"],"picked":"Coolheaded","floor":2.0},{"not_picked":["Barrage","Conserve Battery"],"picked":"Reinforced Body","floor":5.0},{"not_picked":["Gash","Blizzard"],"picked":"Core Surge","floor":6.0},{"not_picked":["Hello World","Steam"],"picked":"Coolheaded","floor":8.0},{"not_picked":["Hologram","Redo"],"picked":"Defragment","floor":10.0},{"not_picked":["Redo","Cold Snap"],"picked":"Ball Lightning","floor":13.0},{"not_picked":["Fusion","Compile Driver"],"picked":"Genetic Algorithm","floor":14.0},{"not_picked":["Meteor Strike","Reboot"],"picked":"Echo Form","floor":16.0},{"not_picked":["Cold Snap","Hello World"],"picked":"Glacier","floor":18.0},{"not_picked":["Darkness","Barrage"],"picked":"Glacier","floor":20.0},{"not_picked":["Streamline+1","Sunder","Stack"],"picked":"SKIP","floor":22.0},{"not_picked":["Barrage+1","Ball Lightning+1","White Noise"],"picked":"SKIP","floor":23.0},{"not_picked":["Chaos","Redo"],"picked":"Aggregate","floor":25.0},{"not_picked":["Sweeping Beam","Beam Cell"],"picked":"Doom and Gloom+1","floor":27.0},{"not_picked":["Beam Cell","Sunder","Consume"],"picked":"SKIP","floor":28.0},{"not_picked":["Turbo","Rebound"],"picked":"Machine Learning","floor":30.0},{"not_picked":["Ball Lightning","Steam"],"picked":"Defragment","floor":31.0},{"not_picked":["Multi-Cast","Hyperbeam"],"picked":"Creative AI","floor":33.0},{"not_picked":["Hologram+1","Leap"],"picked":"Static Discharge+1","floor":35.0},{"not_picked":["Sweeping Beam","Ball Lightning+1"],"picked":"Go for the Eyes","floor":36.0},{"not_picked":["Ball Lightning","Lockon","Streamline"],"picked":"SKIP","floor":38.0},{"not_picked":["Streamline","Stack+1","Beam Cell+1"],"picked":"SKIP","floor":39.0},{"not_picked":["Meteor Strike","Go for the Eyes","Redo"],"picked":"SKIP","floor":40.0},{"not_picked":["Compile Driver","Sweeping Beam"],"picked":"Double Energy","floor":45},{"not_picked":["Conserve Battery","Lockon"],"picked":"Loop+1","floor":47}],"player_experience":203174,"relics_obtained":[{"floor":6.0,"key":"The Courier"},{"floor":9.0,"key":"Bag of Marbles"},{"floor":10.0,"key":"Ice Cream"},{"floor":20.0,"key":"Red Mask"},{"floor":23.0,"key":"Girya"},{"floor":25.0,"key":"Strawberry"},{"floor":26.0,"key":"Vajra"},{"floor":27.0,"key":"MawBank"},{"floor":30.0,"key":"Torii"},{"floor":30.0,"key":"Ornamental Fan"},{"floor":36.0,"key":"Shovel"},{"floor":40.0,"key":"Blood Vial"},{"floor":43.0,"key":"Orichalcum"},{"floor":46,"key":"Happy Flower"}],"event_choices":[{"damage_healed":0.0,"max_hp_gain":0.0,"max_hp_loss":0.0,"gold_gain":0.0,"event_name":"Scrap Ooze","player_choice":"Success","floor":3.0,"gold_loss":0.0,"damage_taken":18.0,"relics_obtained":["Ancient Tea Set"]},{"damage_healed":0.0,"max_hp_gain":0.0,"max_hp_loss":0.0,"gold_gain":0.0,"event_name":"Shining Light","player_choice":"Entered Light","floor":4.0,"gold_loss":0.0,"damage_taken":15.0,"cards_upgraded":["Sunder","Dualcast"]},{"damage_healed":0.0,"max_hp_gain":0.0,"max_hp_loss":0.0,"gold_gain":0.0,"event_name":"Masked Bandits","player_choice":"Fought Bandits","floor":20.0,"gold_loss":0.0,"damage_taken":0.0},{"damage_healed":0.0,"max_hp_gain":5.0,"max_hp_loss":0.0,"gold_gain":0.0,"event_name":"Forgotten Altar","player_choice":"Shed Blood","floor":21.0,"gold_loss":0.0,"damage_taken":19.0},{"damage_healed":0.0,"max_hp_gain":0.0,"max_hp_loss":0.0,"gold_gain":0.0,"event_name":"Colosseum","player_choice":"Fight","floor":30.0,"gold_loss":0.0,"damage_taken":0.0},{"damage_healed":0.0,"max_hp_gain":0.0,"max_hp_loss":0.0,"gold_gain":0.0,"event_name":"Colosseum","player_choice":"Fought Nobs","floor":30.0,"gold_loss":0.0,"damage_taken":0.0},{"damage_healed":0.0,"max_hp_gain":0.0,"max_hp_loss":0.0,"gold_gain":0.0,"event_name":"Mysterious Sphere","player_choice":"Fight","floor":36.0,"gold_loss":0.0,"damage_taken":0.0},{"cards_removed":["Strike_B"],"damage_healed":0.0,"max_hp_gain":0.0,"max_hp_loss":0.0,"gold_gain":0.0,"event_name":"Designer","player_choice":"Upgrade and Remove","floor":37.0,"gold_loss":90.0,"damage_taken":0.0,"cards_upgraded":["Defend_B"]},{"damage_healed":0.0,"max_hp_gain":0.0,"max_hp_loss":0.0,"gold_gain":0.0,"event_name":"Winding Halls","player_choice":"Embrace Madness","floor":42.0,"gold_loss":0.0,"damage_taken":11.0,"cards_obtained":["Madness","Madness"]},{"cards_removed":["Dualcast"],"damage_healed":0,"gold_gain":0,"player_choice":"Removed Skill","damage_taken":0,"max_hp_gain":0,"max_hp_loss":0,"event_name":"Falling","floor":48,"gold_loss":0}],"is_beta":false,"boss_relics":[{"not_picked":["Busted Crown","Velvet Choker"],"picked":"Fusion Hammer"},{"not_picked":["Tiny House","Runic Dome"],"picked":"Lizard Tail"}],"items_purged_floors":[19,41],"is_endless":false,"potions_floor_spawned":[1,2,8,10,13,16,22,25,30,31,35,39,40,45,47],"ascension_level":7}