{"gold_per_floor":[109,127,127,144,1,36,36,61,87,87,105,136,136,165,177,294,306,333,260,290,302,325,337,379,391,403,429,467,492,520,552,564,676,688,711,733,765,797,91,91,126,139,139,149,149,177,228,240,240,240,240,240,12,37,37],"floor_reached":55,"playtime":6542,"items_purged":[],"score":981,"play_id":"eec76985-55a2-4376-91da-16852a6c4be9","local_time":"20190916184016","is_ascension_mode":true,"campfire_choices":[{"data":"Infinite Blades","floor":7.0,"key":"SMITH"},{"floor":10.0,"key":"REST"},{"data":"Blade Dance","floor":13.0,"key":"SMITH"},{"floor":15.0,"key":"REST"},{"floor":23.0,"key":"RECALL"},{"floor":25.0,"key":"REST"},{"data":"Backstab","floor":32.0,"key":"SMITH"},{"floor":40.0,"key":"REST"},{"floor":45.0,"key":"REST"},{"data":"Envenom","floor":49.0,"key":"SMITH"},{"data":"Noxious Fumes","floor":52.0,"key":"SMITH"}],"neow_cost":"PERCENT_DAMAGE","seed_source_timestamp":0,"circlet_count":0,"master_deck":["Strike_G","Strike_G","Strike_G","Strike_G","Strike_G","Defend_G","Defend_G","Defend_G","Defend_G","Defend_G","Survivor","Neutralize","Slice","Dagger Throw","Infinite Blades+1","Backstab+1","Die Die Die","Blade Dance+1","Noxious Fumes+1","Dodge and Roll+1","Adrenaline+1","Slice","Blade Dance+1","Blade Dance+1","Prepared+1","Cloak And Dagger+1","Dodge and Roll+1","Poisoned Stab+1","Escape Plan+1","Storm of Steel+1","Envenom+1","Infinite Blades","Blade Dance+1","Blade Dance+1","Cloak And Dagger+1","Deep Breath+1","Choke+1","Prepared+1","Outmaneuver+1","Crippling Poison+1","Outmaneuver+1","Choke+1","Distraction+1","PiercingWail+1","Cloak And Dagger+1","Secret Technique+1","Outmaneuver+1"],"special_seed":0,"relics":["Ring of the Snake","Pen Nib","Oddly Smooth Stone","Vajra","Regal Pillow","Toxic Egg 2","MawBank","Runic Pyramid","Potion Belt","Strawberry","Lantern","Lizard Tail","Bag of Preparation","Molten Egg 2","Omamori","Frozen Egg 2","Orichalcum","Tingsha","Anchor"],"potions_floor_usage":[55,55],"damage_taken":[{"damage":1.0,"enemies":"2 Louse","floor":1.0,"turns":3.0},{"damage":0.0,"enemies":"Small Slimes","floor":2.0,"turns":3.0},{"damage":0.0,"enemies":"Jaw Worm","floor":4.0,"turns":4.0},{"damage":30.0,"enemies":"Lagavulin","floor":6.0,"turns":7.0},{"damage":12.0,"enemies":"3 Sentries","floor":8.0,"turns":9.0},{"damage":2.0,"enemies":"Looter","floor":11.0,"turns":2.0},{"damage":15.0,"enemies":"Lagavulin","floor":12.0,"turns":5.0},{"damage":9.0,"enemies":"3 Sentries","floor":14.0,"turns":4.0},{"damage":19.0,"enemies":"Hexaghost","floor":16.0,"turns":8.0},{"damage":1.0,"enemies":"Spheric Guardian","floor":18.0,"turns":4.0},{"damage":0.0,"enemies":"Shell Parasite","floor":20.0,"turns":4.0},{"damage":24.0,"enemies":"Snake Plant","floor":22.0,"turns":4.0},{"damage":11.0,"enemies":"Book of Stabbing","floor":24.0,"turns":5.0},{"damage":9.0,"enemies":"Snecko","floor":27.0,"turns":3.0},{"damage":0.0,"enemies":"Gremlin Leader","floor":28.0,"turns":5.0},{"damage":13.0,"enemies":"Shelled Parasite and Fungi","floor":29.0,"turns":3.0},{"damage":0.0,"enemies":"3 Cultists","floor":30.0,"turns":4.0},{"damage":0.0,"enemies":"Sentry and Sphere","floor":31.0,"turns":3.0},{"damage":48.0,"enemies":"Champ","floor":33.0,"turns":9.0},{"damage":16.0,"enemies":"Orb Walker","floor":35.0,"turns":3.0},{"damage":53.0,"enemies":"3 Darklings","floor":36.0,"turns":6.0},{"damage":34.0,"enemies":"Spire Growth","floor":37.0,"turns":4.0},{"damage":15.0,"enemies":"Transient","floor":38.0,"turns":5.0},{"damage":19.0,"enemies":"Reptomancer","floor":41.0,"turns":3.0},{"damage":9.0,"enemies":"Maw","floor":42.0,"turns":6.0},{"damage":13.0,"enemies":"Jaw Worm Horde","floor":44.0,"turns":3.0},{"damage":0.0,"enemies":"Nemesis","floor":46.0,"turns":1.0},{"damage":2.0,"enemies":"2 Orb Walkers","floor":47.0,"turns":3.0},{"damage":4.0,"enemies":"4 Shapes","floor":48.0,"turns":2.0},{"damage":54.0,"enemies":"Awakened One","floor":50.0,"turns":11.0},{"damage":28.0,"enemies":"Shield and Spear","floor":54.0,"turns":5.0},{"damage":69,"enemies":"The Heart","floor":55,"turns":6}],"seed_played":"4093698348106101048","potions_obtained":[{"floor":6.0,"key":"SpeedPotion"},{"floor":12.0,"key":"Strength Potion"},{"floor":16.0,"key":"Fire Potion"},{"floor":20.0,"key":"EssenceOfSteel"},{"floor":22.0,"key":"Fire Potion"},{"floor":28.0,"key":"PowerPotion"},{"floor":29.0,"key":"Fire Potion"},{"floor":31.0,"key":"Energy Potion"},{"floor":36.0,"key":"LiquidBronze"},{"floor":38.0,"key":"Fruit Juice"},{"floor":42.0,"key":"AttackPotion"},{"floor":44.0,"key":"SteroidPotion"},{"floor":46.0,"key":"Block Potion"},{"floor":54.0,"key":"PowerPotion"}],"is_trial":false,"path_per_floor":["M","M","?","M","$","E","R","E","T","R","M","E","R","E","R","B",null,"M","?","M","$","M","R","E","R","T","M","E","M","M","M","R","B",null,"M","M","M","M","$","R","E","M","T","M","R","E","?","M","R","B",null,"R","$","E","B"],"character_chosen":"THE_SILENT","items_purchased":["Pen Nib","SkillPotion","AttackPotion","Deep Breath+1","Bag of Preparation","Molten Egg 2","Choke+1","Swift Potion","Prepared+1","Cloak And Dagger+1","Secret Technique+1"],"campfire_rested":5,"item_purchase_floors":[5,39,39,39,39,39,39,39,39,53,53],"current_hp_per_floor":[62,62,62,62,62,32,32,20,20,60,58,43,43,34,74,55,84,83,83,83,83,59,59,55,91,91,82,82,69,69,69,69,21,91,75,22,45,30,30,72,58,49,49,36,79,79,77,73,73,19,96,96,96,68,0],"gold":37,"neow_bonus":"TWENTY_PERCENT_HP_BONUS","is_prod":false,"is_daily":false,"chose_seed":false,"campfire_upgraded":5,"win_rate":0,"timestamp":1568684416,"path_taken":["M","M","?","M","$","E","R","E","T","R","M","E","R","E","R","BOSS","M","?","M","$","M","R","E","R","T","M","E","M","M","M","R","BOSS","M","M","M","M","$","R","E","M","T","M","R","E","?","M","R","BOSS","R","$","E","BOSS"],"build_version":"2019-07-17","purchased_purges":0,"victory":false,"max_hp_per_floor":[84,84,84,84,84,84,84,84,84,84,84,84,84,84,84,84,84,84,84,84,84,84,84,91,91,91,91,91,91,91,91,91,91,91,91,91,91,91,91,91,96,96,96,96,96,96,96,96,96,96,96,96,96,96,96],"card_choices":[{"not_picked":["Quick Slash","Leg Sweep"],"picked":"Slice","floor":1.0},{"not_picked":["Prepared","Calculated Gamble"],"picked":"Dagger Throw","floor":2.0},{"not_picked":["Cloak And Dagger","Bane"],"picked":"Infinite Blades","floor":4.0},{"not_picked":["Well Laid Plans","Endless Agony"],"picked":"Backstab","floor":6.0},{"not_picked":["Sucker Punch","Catalyst"],"picked":"Die Die Die","floor":8.0},{"not_picked":["Sucker Punch","Well Laid Plans"],"picked":"Blade Dance","floor":11.0},{"not_picked":["Reflex","Bane"],"picked":"Noxious Fumes","floor":12.0},{"not_picked":["Riddle With Holes","Finisher"],"picked":"Dodge and Roll+1","floor":14.0},{"not_picked":["A Thousand Cuts","Wraith Form v2"],"picked":"Adrenaline+1","floor":16.0},{"not_picked":["Blur+1","Dodge and Roll+1"],"picked":"Slice","floor":18.0},{"not_picked":["Sucker Punch","Slice"],"picked":"Blade Dance+1","floor":20.0},{"not_picked":["All Out Attack","Calculated Gamble+1"],"picked":"Blade Dance+1","floor":22.0},{"not_picked":["Die Die Die","Sucker Punch"],"picked":"Prepared+1","floor":24.0},{"not_picked":["Slice","Backflip+1"],"picked":"Cloak And Dagger+1","floor":27.0},{"not_picked":["Slice","Dash+1"],"picked":"Dodge and Roll+1","floor":28.0},{"not_picked":["Reflex+1","Footwork+1"],"picked":"Poisoned Stab+1","floor":29.0},{"not_picked":["Underhanded Strike+1","Sucker Punch"],"picked":"Escape Plan+1","floor":30.0},{"not_picked":["Deflect+1","Slice"],"picked":"Storm of Steel+1","floor":31.0},{"not_picked":["Doppelganger+1","Unload"],"picked":"Envenom","floor":33.0},{"not_picked":["Crippling Poison+1","Leg Sweep+1"],"picked":"Infinite Blades","floor":35.0},{"not_picked":["Underhanded Strike","Dagger Throw"],"picked":"Blade Dance+1","floor":36.0},{"not_picked":["Caltrops","Sucker Punch"],"picked":"Blade Dance+1","floor":37.0},{"not_picked":["Poisoned Stab","Acrobatics+1"],"picked":"Cloak And Dagger+1","floor":38.0},{"not_picked":["Crippling Poison+1","Leg Sweep+1"],"picked":"Outmaneuver+1","floor":41.0},{"not_picked":["Bouncing Flask+1","Blur+1"],"picked":"Crippling Poison+1","floor":42.0},{"not_picked":["Masterful Stab+1","Leg Sweep+1"],"picked":"Outmaneuver+1","floor":44.0},{"not_picked":["Slice+1","Prepared+1"],"picked":"Choke+1","floor":46.0},{"not_picked":["Dodge and Roll+1","Bane+1"],"picked":"Distraction+1","floor":47.0},{"not_picked":["Wraith Form v2+1","Dagger Spray+1"],"picked":"PiercingWail+1","floor":48.0},{"not_picked":["Venomology+1","Crippling Poison+1"],"picked":"Outmaneuver+1","floor":54.0}],"player_experience":92772,"relics_obtained":[{"floor":6.0,"key":"Oddly Smooth Stone"},{"floor":8.0,"key":"Vajra"},{"floor":9.0,"key":"Regal Pillow"},{"floor":12.0,"key":"Toxic Egg 2"},{"floor":14.0,"key":"MawBank"},{"floor":24.0,"key":"Strawberry"},{"floor":28.0,"key":"Lantern"},{"floor":41.0,"key":"Omamori"},{"floor":43.0,"key":"Frozen Egg 2"},{"floor":46.0,"key":"Orichalcum"},{"floor":47.0,"key":"Tingsha"},{"floor":54.0,"key":"Anchor"}],"event_choices":[{"damage_healed":0.0,"max_hp_gain":0.0,"max_hp_loss":0.0,"gold_gain":0.0,"event_name":"The Cleric","player_choice":"Leave","floor":3.0,"gold_loss":0.0,"damage_taken":0.0},{"damage_healed":0.0,"max_hp_gain":0.0,"max_hp_loss":0.0,"gold_gain":0.0,"event_name":"Addict","player_choice":"Obtained Relic","floor":19.0,"gold_loss":85.0,"damage_taken":0.0,"relics_obtained":["Potion Belt"]},{"damage_healed":0.0,"max_hp_gain":0.0,"max_hp_loss":0.0,"gold_gain":0.0,"event_name":"Mysterious Sphere","player_choice":"Fight","floor":47.0,"gold_loss":0.0,"damage_taken":0.0}],"is_beta":false,"boss_relics":[{"not_picked":["Busted Crown","Philosopher\u0027s Stone"],"picked":"Runic Pyramid"},{"not_picked":["Empty Cage","White Beast Statue"],"picked":"Lizard Tail"}],"items_purged_floors":[],"is_endless":false,"potions_floor_spawned":[6,12,16,20,22,28,29,31,36,38,42,44,46,54],"killed_by":"The Heart","ascension_level":2}