{"gold_per_floor":[113,130,130,148,323,323,340,340],"floor_reached":8,"playtime":502,"items_purged":[],"score":53,"play_id":"3d56adb2-0839-4a4c-81b6-ddc2a4e5c9cf","local_time":"20190915111302","is_ascension_mode":true,"campfire_choices":[{"data":"Recycle","floor":6,"key":"SMITH"}],"neow_cost":"TEN_PERCENT_HP_LOSS","seed_source_timestamp":268855005188600,"circlet_count":0,"master_deck":["Strike_B","Strike_B","Strike_B","Strike_B","Defend_B","Defend_B","Defend_B","Defend_B","Zap","Dualcast","Thunder Strike","Aggregate","Recycle+1","Regret","Leap","Doubt","Tempest"],"relics":["Cracked Core","Letter Opener"],"potions_floor_usage":[],"damage_taken":[{"damage":0,"enemies":"Small Slimes","floor":1,"turns":2},{"damage":2,"enemies":"Jaw Worm","floor":2,"turns":3},{"damage":6,"enemies":"2 Louse","floor":4,"turns":3},{"damage":8,"enemies":"Blue Slaver","floor":7,"turns":4},{"damage":54,"enemies":"The Mushroom Lair","floor":8,"turns":4}],"seed_played":"1203906889605080673","potions_obtained":[{"floor":4,"key":"FocusPotion"},{"floor":7,"key":"AttackPotion"}],"is_trial":false,"path_per_floor":["M","M","?","M","?","R","M","?"],"character_chosen":"DEFECT","items_purchased":[],"campfire_rested":0,"item_purchase_floors":[],"current_hp_per_floor":[68,66,66,60,60,60,52,0],"gold":340,"neow_bonus":"THREE_RARE_CARDS","is_prod":false,"is_daily":false,"chose_seed":false,"campfire_upgraded":1,"win_rate":0,"timestamp":1568571182,"path_taken":["M","M","?","M","?","R","M","?"],"build_version":"2019-07-17","purchased_purges":0,"victory":false,"max_hp_per_floor":[68,68,68,68,68,68,68,68],"card_choices":[{"not_picked":["Creative AI","Reboot"],"picked":"Thunder Strike","floor":0},{"not_picked":["Cold Snap","Leap"],"picked":"Aggregate","floor":1},{"not_picked":["Ball Lightning","Chaos"],"picked":"Recycle","floor":2},{"not_picked":["Streamline","Go for the Eyes"],"picked":"Leap","floor":4},{"not_picked":["Barrage","Melter"],"picked":"Tempest","floor":7}],"player_experience":68350,"relics_obtained":[],"event_choices":[{"damage_healed":0,"gold_gain":0,"player_choice":"Box","damage_taken":0,"relics_obtained":["Letter Opener"],"max_hp_gain":0,"max_hp_loss":0,"event_name":"Big Fish","floor":3,"gold_loss":0,"cards_obtained":["Regret"]},{"damage_healed":0,"gold_gain":175,"player_choice":"AGREE","damage_taken":0,"max_hp_gain":0,"max_hp_loss":0,"event_name":"Liars Game","floor":5,"gold_loss":0,"cards_obtained":["Doubt"]},{"damage_healed":0,"gold_gain":0,"player_choice":"Fought Mushrooms","damage_taken":0,"max_hp_gain":0,"max_hp_loss":0,"event_name":"Mushrooms","floor":8,"gold_loss":0}],"is_beta":false,"boss_relics":[],"items_purged_floors":[],"is_endless":false,"potions_floor_spawned":[4,7],"killed_by":"The Mushroom Lair","ascension_level":2}