{"gold_per_floor":[118,118,118,128,53,53,53,83,134,134,134,146,159,185,185,281,281,295,315,315,415,62,62,89,4,4,24,24,38,38,69,69,165,165,179,224,224,24,24,56,5,37,37,37,66,66,77,88,88,88,88,88,38,67,67],"floor_reached":56,"playtime":2877,"items_purged":["Strike_R","Decay","Strike_R"],"score":1332,"play_id":"858d2fe0-e4b6-487d-bdd6-68bca409a1c8","local_time":"20190603174026","is_ascension_mode":false,"campfire_choices":[{"data":"Bash","floor":6,"key":"SMITH"},{"data":"Twin Strike","floor":11,"key":"SMITH"},{"data":"ReplayTheSpireMod:Limb From Limb","floor":15,"key":"SMITH"},{"data":"Bash","floor":23,"key":"SMITH"},{"data":"Offering","floor":28,"key":"SMITH"},{"floor":44,"key":"RECALL"},{"data":"Shockwave","floor":49,"key":"SMITH"},{"data":"Flame Barrier","floor":52,"key":"SMITH"}],"neow_cost":"NONE","seed_source_timestamp":534970690816765,"circlet_count":0,"master_deck":["Strike_R","Strike_R","Strike_R","Defend_R+1","Defend_R","Defend_R","Bash+1","True Grit+1","Pommel Strike","Twin Strike+1","Fiend Fire","ReplayTheSpireMod:Limb From Limb+1","Ghostly Armor","Bash+1","Exhume","Shrug It Off","Offering+1","Uppercut+1","ReplayTheSpireMod:Strike From Hell+1","Offering","Abandon+1","True Grit+1","Iron Wave+1","Shockwave+1","Metallicize","Dark Embrace","Flame Barrier+1","Abandon+1","Battle Trance+1"],"relics":["Burning Blood","Vajra","Potion Belt","Darkstone Periapt","War Paint","GremlinMask","Juzu Bracelet","Philosopher\u0027s Stone","Pondfish Scales","Molten Egg 2","Paper Frog","PreservedInsect","Replay:Wax Seal","Meat on the Bone","Red Mask","Coffee Dripper","Pear","Bag of Preparation","Chameleon Ring","Pet Ghost","StoneCalendar"],"potions_floor_usage":[18,21,21,33,33,42,45,50,55,55,55,55],"damage_taken":[{"damage":1,"enemies":"Cultist","floor":1,"turns":4},{"damage":0,"enemies":"2 Louse","floor":4,"turns":2},{"damage":34,"enemies":"Erikyupuro","floor":8,"turns":10},{"damage":0,"enemies":"Small Slimes","floor":12,"turns":2},{"damage":0,"enemies":"2 Fungi Beasts","floor":13,"turns":3},{"damage":0,"enemies":"Gremlin Nob","floor":14,"turns":3},{"damage":11,"enemies":"Slime Boss","floor":16,"turns":8},{"damage":9,"enemies":"3 Byrds","floor":18,"turns":5},{"damage":19,"enemies":"2 Thieves","floor":19,"turns":4},{"damage":20,"enemies":"Colosseum Slavers","floor":21,"turns":6},{"damage":16,"enemies":"Colosseum Nobs","floor":21,"turns":4},{"damage":51,"enemies":"Slavers","floor":24,"turns":6},{"damage":3,"enemies":"Centurion and Healer","floor":27,"turns":5},{"damage":15,"enemies":"Snake Plant","floor":29,"turns":3},{"damage":10,"enemies":"Masked Bandits","floor":31,"turns":4},{"damage":41,"enemies":"Automaton","floor":33,"turns":8},{"damage":6,"enemies":"Orb Walker","floor":35,"turns":3},{"damage":24,"enemies":"Nemesis","floor":40,"turns":3},{"damage":18,"enemies":"Reptomancer","floor":42,"turns":3},{"damage":6,"enemies":"R_Hoarder","floor":45,"turns":3},{"damage":13,"enemies":"3 Shapes","floor":47,"turns":3},{"damage":6,"enemies":"3 Darklings","floor":48,"turns":3},{"damage":32,"enemies":"Time Eater","floor":50,"turns":7},{"damage":21,"enemies":"Shield and Spear","floor":54,"turns":4},{"damage":37,"enemies":"The Heart","floor":55,"turns":9}],"seed_played":"327794384731001756","potions_obtained":[{"floor":4,"key":"Ancient Potion"},{"floor":13,"key":"SkillPotion"},{"floor":14,"key":"Elixir"},{"floor":19,"key":"Fire Potion"},{"floor":27,"key":"Languid Potion"},{"floor":31,"key":"Adrenaline Potion"},{"floor":33,"key":"Milkshake"},{"floor":35,"key":"SteroidPotion"},{"floor":40,"key":"Venom Potion"},{"floor":42,"key":"Elixir"},{"floor":46,"key":"Ancient Potion"},{"floor":46,"key":"Explosive Potion"},{"floor":54,"key":"Adrenaline Potion"}],"is_trial":false,"path_per_floor":["M","T","?","M","$","R","?","E","T","?","R","M","M","E","R","B",null,"M","M","?","?","$","R","E","?","T","M","R","M","$","?","R","B",null,"M","?","?","$","?","E","$","E","T","R","E","R","M","M","R","B",null,"R","$","E","B",null],"character_chosen":"IRONCLAD","items_purchased":["Paper Frog","Shockwave","PowerPotion","Block Potion"],"campfire_rested":0,"item_purchase_floors":[22,38,41,53],"current_hp_per_floor":[80,80,80,80,80,80,85,57,57,57,57,63,69,75,75,70,85,85,72,78,57,57,57,15,15,15,30,30,33,33,44,44,21,103,106,116,116,116,116,98,98,86,86,86,86,86,79,79,79,65,116,116,116,101,70],"gold":67,"neow_bonus":"RANDOM_COMMON_RELIC","is_prod":false,"is_daily":false,"chose_seed":false,"campfire_upgraded":7,"win_rate":0,"timestamp":1559580026,"path_taken":["M","?","?","?","$","R","?","E","T","?","R","M","M","E","R","BOSS","M","M","?","?","$","R","E","?","T","M","R","M","$","?","R","BOSS","M","?","?","?","?","E","$","E","T","R","E","R","M","M","R","BOSS","R","$","E","BOSS"],"build_version":"2019-01-23","purchased_purges":3,"victory":true,"max_hp_per_floor":[80,80,80,80,80,80,85,85,85,85,85,85,85,85,85,85,85,88,88,94,97,97,97,100,100,100,100,100,100,100,103,103,103,103,106,116,116,116,116,116,116,116,116,116,116,116,116,116,116,116,116,116,116,116,116],"card_choices":[{"not_picked":["Warcry","Fire Breathing"],"picked":"True Grit","floor":1},{"not_picked":["True Grit","Hemokinesis"],"picked":"Pommel Strike","floor":4},{"not_picked":["Evolve","Pummel"],"picked":"Twin Strike","floor":8},{"not_picked":["Massacre","Havoc"],"picked":"Perfected Strike","floor":12},{"not_picked":["True Grit","Massacre"],"picked":"Fiend Fire","floor":13},{"not_picked":["Combust","Seeing Red"],"picked":"ReplayTheSpireMod:Limb From Limb","floor":14},{"not_picked":["Immolate","Fiend Fire"],"picked":"Feed","floor":16},{"not_picked":["Combust","Body Slam","Armaments+1"],"picked":"SKIP","floor":18},{"not_picked":["Sword Boomerang","Body Slam"],"picked":"Ghostly Armor","floor":19},{"not_picked":["Rage+1","Clash+1"],"picked":"Shrug It Off","floor":24},{"not_picked":["Replay:Undeath\u0027s Touch+1","Inflame"],"picked":"Offering","floor":27},{"not_picked":["Evolve","Entrench"],"picked":"Uppercut+1","floor":29},{"not_picked":["Uppercut+1","Infernal Blade"],"picked":"ReplayTheSpireMod:Strike From Hell+1","floor":31},{"not_picked":["Berserk","Limit Break"],"picked":"Offering","floor":33},{"not_picked":["Clothesline+1","Defy Death"],"picked":"Abandon+1","floor":35},{"not_picked":["Sword Boomerang+1","Clash+1"],"picked":"True Grit+1","floor":36},{"not_picked":["Heavy Blade+1","Headbutt+1"],"picked":"Metallicize","floor":40},{"not_picked":["Perfected Strike+1","Bludgeon+1"],"picked":"Dark Embrace","floor":42},{"not_picked":["Pommel Strike+1","Clothesline+1","Heavy Blade+1"],"picked":"SKIP","floor":45},{"not_picked":["True Grit","Blood for Blood+1"],"picked":"Flame Barrier","floor":47},{"not_picked":["Twin Strike+1","Abandon+1","Armaments"],"picked":"SKIP","floor":48},{"not_picked":["Twin Strike+1","Armaments"],"picked":"Abandon+1","floor":48},{"not_picked":["Second Wind+1","Twin Strike+1"],"picked":"Battle Trance+1","floor":54}],"player_experience":1571464,"relics_obtained":[{"floor":2,"key":"Potion Belt"},{"floor":8,"key":"Darkstone Periapt"},{"floor":9,"key":"War Paint"},{"floor":14,"key":"Juzu Bracelet"},{"floor":21,"key":"Pondfish Scales"},{"floor":21,"key":"Molten Egg 2"},{"floor":24,"key":"PreservedInsect"},{"floor":26,"key":"Meat on the Bone"},{"floor":31,"key":"Red Mask"},{"floor":36,"key":"Pear"},{"floor":40,"key":"Bag of Preparation"},{"floor":42,"key":"Chameleon Ring"},{"floor":45,"key":"Pet Ghost"},{"floor":54,"key":"StoneCalendar"}],"event_choices":[{"cards_removed":["Defend_R"],"damage_healed":0,"gold_gain":0,"player_choice":"Purged","damage_taken":0,"max_hp_gain":0,"max_hp_loss":0,"event_name":"Purifier","floor":3,"gold_loss":0},{"damage_healed":0,"gold_gain":0,"player_choice":"Donut","damage_taken":0,"max_hp_gain":5,"max_hp_loss":0,"event_name":"Big Fish","floor":7,"gold_loss":0},{"damage_healed":0,"gold_gain":0,"player_choice":"Trade","damage_taken":0,"relics_obtained":["GremlinMask"],"max_hp_gain":0,"max_hp_loss":0,"event_name":"FaceTrader","floor":10,"gold_loss":0},{"damage_healed":0,"gold_gain":0,"player_choice":"3 cards matched","damage_taken":0,"max_hp_gain":0,"max_hp_loss":0,"event_name":"Match and Keep!","floor":20,"gold_loss":0,"cards_obtained":["Decay","Bash","Exhume"]},{"damage_healed":0,"gold_gain":0,"player_choice":"3 cards matched","damage_taken":0,"max_hp_gain":0,"max_hp_loss":0,"event_name":"Match and Keep!","floor":20,"gold_loss":0,"cards_obtained":["Decay","Bash","Exhume"]},{"damage_healed":0,"gold_gain":0,"player_choice":"Fight","damage_taken":0,"max_hp_gain":0,"max_hp_loss":0,"event_name":"Colosseum","floor":21,"gold_loss":0},{"damage_healed":0,"gold_gain":0,"player_choice":"Fought Nobs","damage_taken":0,"max_hp_gain":0,"max_hp_loss":0,"event_name":"Colosseum","floor":21,"gold_loss":0},{"damage_healed":0,"gold_gain":0,"player_choice":"Obtained Relic","damage_taken":0,"relics_obtained":["Replay:Wax Seal"],"max_hp_gain":0,"max_hp_loss":0,"event_name":"Addict","floor":25,"gold_loss":85},{"damage_healed":0,"gold_gain":0,"player_choice":"Fought Bandits","damage_taken":0,"max_hp_gain":0,"max_hp_loss":0,"event_name":"Masked Bandits","floor":31,"gold_loss":0},{"damage_healed":0,"gold_gain":0,"player_choice":"Ignored","damage_taken":0,"max_hp_gain":0,"max_hp_loss":0,"event_name":"Beggar","floor":32,"gold_loss":0},{"damage_healed":0,"gold_gain":0,"cards_transformed":["Perfected Strike"],"player_choice":"Transformed","damage_taken":0,"max_hp_gain":0,"max_hp_loss":0,"event_name":"Transmorgrifier","floor":37,"gold_loss":0,"cards_obtained":["Iron Wave"]},{"cards_removed":["Feed"],"damage_healed":0,"gold_gain":0,"player_choice":"Removed Attack","damage_taken":0,"max_hp_gain":0,"max_hp_loss":0,"event_name":"Falling","floor":39,"gold_loss":0}],"is_beta":false,"boss_relics":[{"not_picked":["Sozu","Mark of Pain"],"picked":"Philosopher\u0027s Stone"},{"not_picked":["Replay:Bronze Core","Honey Jar"],"picked":"Coffee Dripper"}],"items_purged_floors":[5,22,38],"is_endless":false,"potions_floor_spawned":[4,13,14,19,27,31,33,35,40,42,54],"ascension_level":0}