{"gold_per_floor":[110,126,145,164,176,204,204,237,237,237,262,262,280,47,47,47],"floor_reached":16,"playtime":1708,"items_purged":["Bash"],"score":153,"play_id":"edd55178-c810-4cac-920f-e3725bcc1025","local_time":"20190913171342","is_ascension_mode":true,"campfire_choices":[{"floor":7,"key":"REST"},{"data":"Feed","floor":12,"key":"SMITH"},{"data":"True Grit","floor":15,"key":"SMITH"}],"neow_cost":"PERCENT_DAMAGE","seed_source_timestamp":670192193580900,"circlet_count":0,"master_deck":["Strike_R","Strike_R","Strike_R","Strike_R","Strike_R","Defend_R","Defend_R","Defend_R","Defend_R","Feed+1","Flex","Evolve","Sentinel","Ghostly Armor","Battle Trance","Disarm","Shockwave","Armaments","True Grit+1","Seeing Red","Impervious"],"relics":["Burning Blood","Dodecahedron","Dream Catcher","Sundial","Juzu Bracelet","Champion Belt"],"potions_floor_usage":[11,11],"damage_taken":[{"damage":0,"enemies":"Small Slimes","floor":1,"turns":3},{"damage":7,"enemies":"2 Louse","floor":2,"turns":3},{"damage":1,"enemies":"Cultist","floor":3,"turns":3},{"damage":16,"enemies":"Blue Slaver","floor":4,"turns":5},{"damage":5,"enemies":"Looter","floor":5,"turns":4},{"damage":62,"enemies":"Gremlin Nob","floor":6,"turns":6},{"damage":12,"enemies":"3 Sentries","floor":8,"turns":12},{"damage":10,"enemies":"Gremlin Nob","floor":11,"turns":4},{"damage":2,"enemies":"2 Fungi Beasts","floor":13,"turns":4},{"damage":35,"enemies":"Hexaghost","floor":16,"turns":14}],"seed_played":"4694580541127524540","potions_obtained":[{"floor":4,"key":"SkillPotion"},{"floor":5,"key":"Swift Potion"},{"floor":6,"key":"Swift Potion"},{"floor":8,"key":"AttackPotion"}],"is_trial":false,"path_per_floor":["M","M","M","M","M","E","R","E","T","?","E","R","M","$","R","B"],"character_chosen":"IRONCLAD","items_purchased":["Seeing Red","Impervious"],"campfire_rested":1,"item_purchase_floors":[14,14],"current_hp_per_floor":[65,67,75,68,72,16,44,41,41,29,25,25,33,33,33,0],"gold":47,"neow_bonus":"THREE_RARE_CARDS","is_prod":false,"is_daily":false,"chose_seed":false,"campfire_upgraded":2,"win_rate":0,"timestamp":1568387622,"path_taken":["M","M","M","M","M","E","R","E","T","?","E","R","M","$","R","BOSS"],"build_version":"2019-07-17","purchased_purges":1,"victory":false,"max_hp_per_floor":[83,86,89,92,95,95,95,98,98,98,98,98,102,102,102,102],"card_choices":[{"not_picked":["Berserk","Juggernaut"],"picked":"Feed","floor":0},{"not_picked":["True Grit","Headbutt"],"picked":"Flex","floor":1},{"not_picked":["Shockwave","Havoc"],"picked":"Evolve","floor":2},{"not_picked":["Hemokinesis","Flex"],"picked":"Sentinel","floor":3},{"not_picked":["Shrug It Off","Cleave"],"picked":"Ghostly Armor","floor":4},{"not_picked":["Heavy Blade","Brutality"],"picked":"Battle Trance","floor":5},{"not_picked":["Perfected Strike","Shrug It Off"],"picked":"Disarm","floor":6},{"not_picked":["Sever Soul","Twin Strike"],"picked":"Shockwave","floor":8},{"not_picked":["Anger","Perfected Strike"],"picked":"Armaments","floor":11},{"not_picked":["Iron Wave","Wild Strike"],"picked":"True Grit","floor":13}],"player_experience":90302,"relics_obtained":[{"floor":6,"key":"Dodecahedron"},{"floor":8,"key":"Dream Catcher"},{"floor":9,"key":"Sundial"},{"floor":11,"key":"Champion Belt"}],"event_choices":[{"damage_healed":0,"gold_gain":0,"player_choice":"Success","damage_taken":12,"relics_obtained":["Juzu Bracelet"],"max_hp_gain":0,"max_hp_loss":0,"event_name":"Scrap Ooze","floor":10,"gold_loss":0}],"is_beta":false,"boss_relics":[],"items_purged_floors":[14],"is_endless":false,"potions_floor_spawned":[4,5,6,8],"killed_by":"Hexaghost","ascension_level":1}