{"gold_per_floor":[116,35,55,68,87,112,112,141,141,158,188,35,35,35,35,133,133,133,133,148,21,37,37,69,89,113,38,16,16,51,64,64,162,162,172,172,3,19,19,51,71,3,3,3,3,28,107,119,119,119,119,119,67,100,100],"floor_reached":55,"playtime":2449,"items_purged":["Doubt","Strike_R"],"score":858,"play_id":"7eda577d-d39b-4d46-bede-90dca96a811d","local_time":"20190630135455","is_ascension_mode":false,"campfire_choices":[{"data":"Flex","floor":7,"key":"SMITH"},{"data":"Bash","floor":15,"key":"SMITH"},{"data":"Demon Form","floor":23,"key":"SMITH"},{"data":"Seeing Red","floor":29,"key":"SMITH"},{"floor":32,"key":"REST"},{"floor":44,"key":"REST"},{"floor":49,"key":"RECALL"},{"floor":52,"key":"REST"}],"neow_cost":"NONE","seed_source_timestamp":147546377064769,"circlet_count":0,"master_deck":["Strike_R","Defend_R","Defend_R","Defend_R","Defend_R","Bash+1","Heavy Blade","Battle Trance","Shrug It Off","Flex+1","Seeing Red+1","Spot Weakness","Shrug It Off","Disarm+1","Demon Form+1","Sword Boomerang","Burning Pact+1","Twin Strike+1","Shrug It Off","Combust+1","Headbutt","Offering","Evolve+1","Feel No Pain+1","Metallicize+1","Shrug It Off","Metallicize+1","Battle Trance","Writhe","Dropkick+1","Dropkick+1","Rage+1"],"relics":["Burning Blood","Blue Candle","Strawberry","Oddly Smooth Stone","Sundial","Potion Belt","Omamori","Calling Bell","Bag of Marbles","Frozen Egg 2","Mango","Mercury Hourglass","Pen Nib","Singing Bowl","Fusion Hammer","Boot","Ancient Tea Set","Gremlin Horn","Mummified Hand"],"potions_floor_usage":[8,8,16,16,16,16,16,16,16,16,16,18,24,25,30,31,33,50,50,55,55,55],"damage_taken":[{"damage":1,"enemies":"Cultist","floor":1,"turns":4},{"damage":0,"enemies":"Small Slimes","floor":3,"turns":3},{"damage":5,"enemies":"Jaw Worm","floor":4,"turns":4},{"damage":2,"enemies":"Large Slime","floor":5,"turns":8},{"damage":6,"enemies":"Gremlin Nob","floor":6,"turns":3},{"damage":24,"enemies":"Lagavulin","floor":8,"turns":8},{"damage":1,"enemies":"Blue Slaver","floor":10,"turns":4},{"damage":12,"enemies":"3 Sentries","floor":11,"turns":8},{"damage":0,"enemies":"Slime Boss","floor":16,"turns":4},{"damage":12,"enemies":"Chosen","floor":18,"turns":6},{"damage":22,"enemies":"Spheric Guardian","floor":20,"turns":4},{"damage":13,"enemies":"Snecko","floor":22,"turns":4},{"damage":19,"enemies":"Gremlin Leader","floor":24,"turns":7},{"damage":15,"enemies":"3 Cultists","floor":25,"turns":6},{"damage":22,"enemies":"Book of Stabbing","floor":30,"turns":5},{"damage":14,"enemies":"Centurion and Healer","floor":31,"turns":5},{"damage":59,"enemies":"Automaton","floor":33,"turns":10},{"damage":35,"enemies":"3 Darklings","floor":35,"turns":6},{"damage":0,"enemies":"3 Shapes","floor":38,"turns":5},{"damage":37,"enemies":"Nemesis","floor":40,"turns":7},{"damage":13,"enemies":"Jaw Worm Horde","floor":41,"turns":4},{"damage":34,"enemies":"Giant Head","floor":46,"turns":7},{"damage":7,"enemies":"4 Shapes","floor":48,"turns":2},{"damage":16,"enemies":"Donu and Deca","floor":50,"turns":7},{"damage":61,"enemies":"Shield and Spear","floor":54,"turns":6},{"damage":53,"enemies":"The Heart","floor":55,"turns":2}],"seed_played":"-3091321605425862076","potions_obtained":[{"floor":0,"key":"SneckoOil"},{"floor":0,"key":"EntropicBrew"},{"floor":0,"key":"GamblersBrew"},{"floor":3,"key":"Swift Potion"},{"floor":4,"key":"Dexterity Potion"},{"floor":8,"key":"SpeedPotion"},{"floor":11,"key":"EntropicBrew"},{"floor":16,"key":"BloodPotion"},{"floor":22,"key":"Weak Potion"},{"floor":33,"key":"PowerPotion"},{"floor":35,"key":"GamblersBrew"},{"floor":40,"key":"SkillPotion"},{"floor":48,"key":"Poison Potion"}],"is_trial":false,"path_per_floor":["M","$","M","M","M","E","R","E","T","M","E","$","?","?","R","B",null,"M","?","M","$","M","R","E","M","T","?","$","R","E","M","R","B",null,"M","?","$","M","$","E","M","$","T","R","?","E","T","M","R","B",null,"R","$","E","B"],"character_chosen":"IRONCLAD","items_purchased":["Battle Trance","Potion Belt","Energy Potion","Shrug It Off","Feel No Pain+1","Battle Trance","Strength Potion"],"campfire_rested":3,"item_purchase_floors":[2,12,21,28,37,42,53],"current_hp_per_floor":[80,80,80,80,80,80,80,69,69,74,68,68,65,58,58,72,101,95,95,79,79,72,72,59,50,50,50,50,50,34,36,66,13,101,72,72,72,78,78,47,40,40,40,70,95,67,67,66,66,56,101,101,101,46,0],"gold":100,"neow_bonus":"THREE_SMALL_POTIONS","is_prod":false,"is_daily":false,"chose_seed":false,"campfire_upgraded":4,"win_rate":0,"timestamp":1561899295,"path_taken":["M","$","M","M","?","E","R","E","T","M","E","$","?","?","R","BOSS","M","?","M","$","M","R","E","M","T","?","?","R","E","M","R","BOSS","M","?","?","M","?","E","?","?","T","R","?","E","?","M","R","BOSS","R","$","E","BOSS"],"build_version":"2019-01-23","purchased_purges":2,"victory":false,"max_hp_per_floor":[80,80,80,80,80,80,80,87,87,87,87,87,87,87,87,87,101,101,101,101,101,101,101,101,101,101,101,101,101,101,101,101,101,101,101,101,101,101,101,101,101,101,101,101,101,101,101,101,101,101,101,101,101,101,101],"card_choices":[{"not_picked":["Sever Soul","Body Slam"],"picked":"Heavy Blade","floor":1},{"not_picked":["Disarm","Cleave"],"picked":"Shrug It Off","floor":3},{"not_picked":["Sword Boomerang","Rampage"],"picked":"Flex","floor":4},{"not_picked":["Double Tap","Feel No Pain"],"picked":"Seeing Red","floor":5},{"not_picked":["Clash","Perfected Strike"],"picked":"Spot Weakness","floor":6},{"not_picked":["Havoc","Dropkick"],"picked":"Shrug It Off","floor":8},{"not_picked":["Intimidate","Heavy Blade"],"picked":"Disarm","floor":10},{"not_picked":["Disarm","Clash","Wild Strike"],"picked":"SKIP","floor":11},{"not_picked":["Feed","Brutality"],"picked":"Demon Form","floor":16},{"not_picked":["Sentinel","Iron Wave"],"picked":"Burning Pact+1","floor":20},{"not_picked":["Hemokinesis","Armaments","Perfected Strike"],"picked":"SKIP","floor":22},{"not_picked":["Clothesline","Power Through"],"picked":"Twin Strike+1","floor":24},{"not_picked":["Twin Strike","Wild Strike+1","Pommel Strike"],"picked":"SKIP","floor":25},{"not_picked":["Barricade+1","Warcry"],"picked":"Combust+1","floor":30},{"not_picked":["Heavy Blade","Evolve+1"],"picked":"Headbutt","floor":31},{"not_picked":["Barricade+1","Dark Embrace+1"],"picked":"Offering","floor":33},{"not_picked":["True Grit","Wild Strike+1"],"picked":"Evolve+1","floor":35},{"not_picked":["Perfected Strike+1","True Grit"],"picked":"Metallicize+1","floor":38},{"not_picked":["Demon Form+1","Headbutt"],"picked":"Shrug It Off","floor":40},{"not_picked":["Clash","Wild Strike+1"],"picked":"Metallicize+1","floor":41},{"not_picked":["Wild Strike","Twin Strike"],"picked":"Dropkick+1","floor":46},{"not_picked":["Wild Strike+1","Blood for Blood+1"],"picked":"Dropkick+1","floor":48},{"not_picked":["Iron Wave+1","Combust+1"],"picked":"Rage+1","floor":54}],"player_experience":1658779,"relics_obtained":[{"floor":6,"key":"Blue Candle"},{"floor":8,"key":"Strawberry"},{"floor":9,"key":"Oddly Smooth Stone"},{"floor":11,"key":"Sundial"},{"floor":17,"key":"Bag of Marbles"},{"floor":17,"key":"Frozen Egg 2"},{"floor":17,"key":"Mango"},{"floor":24,"key":"Mercury Hourglass"},{"floor":26,"key":"Pen Nib"},{"floor":30,"key":"Singing Bowl"},{"floor":40,"key":"Boot"},{"floor":46,"key":"Ancient Tea Set"},{"floor":47,"key":"Gremlin Horn"},{"floor":54,"key":"Mummified Hand"}],"event_choices":[{"damage_healed":0,"gold_gain":0,"player_choice":"Success","damage_taken":3,"relics_obtained":["Omamori"],"max_hp_gain":0,"max_hp_loss":0,"event_name":"Scrap Ooze","floor":13,"gold_loss":0},{"cards_removed":["Strike_R"],"damage_healed":0,"gold_gain":0,"player_choice":"Card Removal","damage_taken":7,"max_hp_gain":0,"max_hp_loss":0,"event_name":"Golden Wing","floor":14,"gold_loss":0},{"damage_healed":0,"gold_gain":0,"cards_transformed":["Strike_R","Strike_R"],"player_choice":"Became Test Subject","damage_taken":0,"max_hp_gain":0,"max_hp_loss":0,"event_name":"Drug Dealer","floor":19,"gold_loss":0,"cards_obtained":["Sword Boomerang","Exhume"]},{"cards_removed":["Exhume"],"damage_healed":0,"gold_gain":0,"player_choice":"Gave Gold","damage_taken":0,"max_hp_gain":0,"max_hp_loss":0,"event_name":"Beggar","floor":27,"gold_loss":75},{"damage_healed":0,"gold_gain":0,"player_choice":"Upgraded","damage_taken":0,"max_hp_gain":0,"max_hp_loss":0,"event_name":"Upgrade Shrine","floor":36,"gold_loss":0,"cards_upgraded":["Disarm"]},{"damage_healed":25,"gold_gain":0,"player_choice":"Writhe","damage_taken":0,"max_hp_gain":0,"max_hp_loss":0,"event_name":"Winding Halls","floor":45,"gold_loss":0,"cards_obtained":["Writhe"]}],"is_beta":false,"boss_relics":[{"not_picked":["Orrery","Tiny House"],"picked":"Calling Bell"},{"not_picked":["Black Blood","Runic Dome"],"picked":"Fusion Hammer"}],"items_purged_floors":[21,37],"is_endless":false,"potions_floor_spawned":[3,4,5,8,11,16,18,22,33,35,40,48],"killed_by":"The Heart","ascension_level":0}