{"gold_per_floor":[116,134,151,163,177,206,206,226,251,280,292,330,20,30,30,105,105,119,119,138,157,173,203,203,403,403,403,415,415,427,453,453,530,530,550,568,584,27,45,75,75,75,75,90,90,124,124],"floor_reached":47,"playtime":3996,"items_purged":["Strike_R"],"score":1136,"play_id":"d37388a6-9f51-401c-bd93-c39d3fe20afa","local_time":"20190904165809","is_ascension_mode":true,"campfire_choices":[{"data":"Combust","floor":7.0,"key":"SMITH"},{"data":"Immolate","floor":15.0,"key":"SMITH"},{"data":"Evolve","floor":24.0,"key":"SMITH"},{"data":"Immolate","floor":27.0,"key":"SMITH"},{"data":"Flame Barrier","floor":29.0,"key":"SMITH"},{"data":"Demon Form","floor":32.0,"key":"SMITH"},{"floor":41.0,"key":"REST"}],"neow_cost":"NONE","seed_source_timestamp":0,"circlet_count":0,"master_deck":["AscendersBane","Strike_R","Strike_R","Strike_R","Strike_R","Defend_R","Defend_R","Defend_R","Defend_R","Bash","True Grit","Combust+1","Battle Trance","Anger","Impervious","Power Through","Immolate+1","Flame Barrier+1","Spot Weakness","Demon Form+1","Shrug It Off","Fiend Fire","Evolve+1","Immolate+1","Thunderclap+1","Armaments","Exhume","Limit Break","Battle Trance","Intimidate","Disarm","Reaper","Parasite","Limit Break","Shrug It Off","Pummel"],"special_seed":0,"relics":["Burning Blood","FossilizedHelix","MawBank","Question Card","Bronze Scales","Meat on the Bone","Sozu","Centennial Puzzle","StoneCalendar","Bag of Preparation","Lizard Tail","Anchor","Lee\u0027s Waffle","Pantograph","Bottled Flame","Strawberry"],"potions_floor_usage":[],"damage_taken":[{"damage":6.0,"enemies":"Cultist","floor":1.0,"turns":3.0},{"damage":7.0,"enemies":"2 Louse","floor":2.0,"turns":3.0},{"damage":2.0,"enemies":"Small Slimes","floor":3.0,"turns":4.0},{"damage":16.0,"enemies":"Exordium Thugs","floor":4.0,"turns":5.0},{"damage":13.0,"enemies":"Large Slime","floor":5.0,"turns":5.0},{"damage":38.0,"enemies":"Lagavulin","floor":6.0,"turns":6.0},{"damage":2.0,"enemies":"Lots of Slimes","floor":8.0,"turns":3.0},{"damage":1.0,"enemies":"2 Fungi Beasts","floor":10.0,"turns":2.0},{"damage":15.0,"enemies":"3 Sentries","floor":12.0,"turns":5.0},{"damage":0.0,"enemies":"Blue Slaver","floor":14.0,"turns":3.0},{"damage":31.0,"enemies":"Slime Boss","floor":16.0,"turns":8.0},{"damage":11.0,"enemies":"2 Thieves","floor":18.0,"turns":2.0},{"damage":0.0,"enemies":"3 Byrds","floor":20.0,"turns":2.0},{"damage":1.0,"enemies":"3 Cultists","floor":21.0,"turns":4.0},{"damage":11.0,"enemies":"Shelled Parasite and Fungi","floor":22.0,"turns":4.0},{"damage":56.0,"enemies":"Slavers","floor":23.0,"turns":4.0},{"damage":9.0,"enemies":"Centurion and Healer","floor":28.0,"turns":2.0},{"damage":1.0,"enemies":"3 Cultists","floor":30.0,"turns":4.0},{"damage":25.0,"enemies":"Book of Stabbing","floor":31.0,"turns":5.0},{"damage":21.0,"enemies":"Champ","floor":33.0,"turns":10.0},{"damage":0.0,"enemies":"Orb Walker","floor":35.0,"turns":2.0},{"damage":0.0,"enemies":"3 Darklings","floor":36.0,"turns":3.0},{"damage":35.0,"enemies":"Transient","floor":37.0,"turns":6.0},{"damage":50.0,"enemies":"Writhing Mass","floor":39.0,"turns":11.0},{"damage":124.0,"enemies":"Giant Head","floor":40.0,"turns":9.0},{"damage":0.0,"enemies":"Jaw Worm Horde","floor":44.0,"turns":1.0},{"damage":29.0,"enemies":"Nemesis","floor":46.0,"turns":9.0},{"damage":106,"enemies":"Transient","floor":47,"turns":5}],"seed_played":"3654797130459510803","potions_obtained":[{"floor":1.0,"key":"EssenceOfSteel"},{"floor":3.0,"key":"Poison Potion"},{"floor":5.0,"key":"SkillPotion"},{"floor":12.0,"key":"Fruit Juice"},{"floor":16.0,"key":"Ancient Potion"}],"is_trial":false,"path_per_floor":["M","M","M","M","M","E","R","M","T","M","?","E","$","M","R","B",null,"M","?","M","M","M","E","R","?","T","R","M","R","M","E","R","B",null,"M","M","M","$","M","E","R","?","T","M","?","E","M"],"character_chosen":"IRONCLAD","items_purchased":["Flame Barrier","Meat on the Bone","Reaper","Anchor","Lee\u0027s Waffle"],"campfire_rested":1,"item_purchase_floors":[13,13,38,38,38],"current_hp_per_floor":[75,74,78,68,61,29,29,33,33,38,38,34,34,52,52,39,75,70,70,76,81,76,38,38,38,38,38,47,47,52,45,45,42,76,82,87,58,94,64,25,53,53,53,59,59,56,0],"gold":124,"neow_bonus":"TEN_PERCENT_HP_BONUS","is_prod":false,"is_daily":false,"chose_seed":false,"campfire_upgraded":6,"win_rate":0,"timestamp":1567630689,"path_taken":["M","M","M","M","M","E","R","?","T","M","?","E","?","M","R","BOSS","M","?","?","?","M","E","R","?","T","R","M","R","M","E","R","BOSS","BOSS","M","M","?","$","M","E","R","?","T","M","?","E","M"],"build_version":"2019-07-17","purchased_purges":1,"victory":false,"max_hp_per_floor":[82,82,82,82,82,82,82,82,82,82,82,87,87,87,87,87,87,87,87,87,87,87,87,87,87,87,87,87,87,87,87,87,87,87,87,87,87,94,94,94,94,89,89,89,89,96,96],"card_choices":[{"not_picked":["Fire Breathing","Clash"],"picked":"True Grit","floor":1.0},{"not_picked":["Evolve","Searing Blow"],"picked":"Combust","floor":2.0},{"not_picked":["Headbutt","Pummel"],"picked":"Wild Strike","floor":3.0},{"not_picked":["Iron Wave","Burning Pact"],"picked":"Battle Trance","floor":4.0},{"not_picked":["Thunderclap","Battle Trance"],"picked":"Anger","floor":5.0},{"not_picked":["Ghostly Armor","Thunderclap"],"picked":"Impervious","floor":6.0},{"not_picked":["Cleave","Iron Wave","Entrench"],"picked":"SKIP","floor":8.0},{"not_picked":["Flex","Havoc"],"picked":"Power Through","floor":10.0},{"not_picked":["Shrug It Off","Sword Boomerang","Impervious"],"picked":"Immolate","floor":12.0},{"not_picked":["Anger","Pommel Strike","Headbutt"],"picked":"Spot Weakness","floor":14.0},{"not_picked":["Berserk","Double Tap","Dark Embrace"],"picked":"Demon Form","floor":16.0},{"not_picked":["Warcry","Sword Boomerang","Anger"],"picked":"Shrug It Off","floor":18.0},{"not_picked":["Bloodletting","Rage","Heavy Blade"],"picked":"Evolve","floor":20.0},{"not_picked":["Hemokinesis","Iron Wave","Headbutt"],"picked":"Immolate","floor":21.0},{"not_picked":["Flex","Bloodletting+1","Wild Strike"],"picked":"Thunderclap+1","floor":22.0},{"not_picked":["Anger","Heavy Blade","Wild Strike"],"picked":"Armaments","floor":23.0},{"not_picked":["Perfected Strike","Uppercut","Searing Blow","Flex"],"picked":"SKIP","floor":28.0},{"not_picked":["Perfected Strike","Flex","Heavy Blade+1","Pommel Strike"],"picked":"SKIP","floor":30.0},{"not_picked":["Armaments","Second Wind","Perfected Strike+1"],"picked":"Exhume","floor":31.0},{"not_picked":["Juggernaut","Dark Embrace","Feed"],"picked":"Limit Break","floor":33.0},{"not_picked":["Flex","Clash","Pommel Strike"],"picked":"Battle Trance","floor":35.0},{"not_picked":["Combust","Sword Boomerang","Searing Blow"],"picked":"Intimidate","floor":36.0},{"not_picked":["Sword Boomerang","Dual Wield","Clothesline"],"picked":"Disarm","floor":37.0},{"not_picked":["Iron Wave+1","Havoc+1","Armaments"],"picked":"Limit Break","floor":39.0},{"not_picked":["Burning Pact","Sword Boomerang","Perfected Strike"],"picked":"Shrug It Off","floor":40.0},{"not_picked":["Clothesline","Sentinel","Searing Blow","Warcry+1"],"picked":"SKIP","floor":44.0},{"not_picked":["Anger","Clash","Carnage+1"],"picked":"Pummel","floor":46.0}],"player_experience":777099,"relics_obtained":[{"floor":6.0,"key":"FossilizedHelix"},{"floor":9.0,"key":"MawBank"},{"floor":12.0,"key":"Bronze Scales"},{"floor":23.0,"key":"Centennial Puzzle"},{"floor":26.0,"key":"StoneCalendar"},{"floor":31.0,"key":"Bag of Preparation"},{"floor":40.0,"key":"Pantograph"},{"floor":43.0,"key":"Bottled Flame"},{"floor":46.0,"key":"Strawberry"}],"event_choices":[{"damage_healed":0.0,"max_hp_gain":0.0,"max_hp_loss":0.0,"gold_gain":0.0,"event_name":"WeMeetAgain","player_choice":"Gave Potion","floor":11.0,"gold_loss":0.0,"damage_taken":0.0,"relics_obtained":["Question Card"]},{"damage_healed":0.0,"max_hp_gain":0.0,"max_hp_loss":0.0,"gold_gain":0.0,"event_name":"Match and Keep!","player_choice":"1 cards matched","floor":19.0,"gold_loss":0.0,"damage_taken":0.0,"cards_obtained":["Fiend Fire"]},{"damage_healed":0.0,"max_hp_gain":0.0,"max_hp_loss":0.0,"gold_gain":200.0,"event_name":"Wheel of Change","player_choice":"Gold","floor":25.0,"gold_loss":0.0,"damage_taken":0.0},{"damage_healed":0.0,"max_hp_gain":0.0,"max_hp_loss":5.0,"gold_gain":0.0,"event_name":"Winding Halls","player_choice":"Max HP","floor":42.0,"gold_loss":0.0,"damage_taken":0.0},{"cards_removed":["Wild Strike"],"damage_healed":0.0,"max_hp_gain":0.0,"max_hp_loss":0.0,"gold_gain":0.0,"event_name":"Falling","player_choice":"Removed Attack","floor":45.0,"gold_loss":0.0,"damage_taken":0.0}],"is_beta":false,"boss_relics":[{"not_picked":["Velvet Choker","Empty Cage"],"picked":"Sozu"},{"not_picked":["Eternal Feather","Tiny House"],"picked":"Lizard Tail"}],"items_purged_floors":[38],"is_endless":false,"potions_floor_spawned":[1,3,5,6,12,16,18,28,30,33,37,39,40,44,46],"killed_by":"Transient","ascension_level":20}