{"gold_per_floor":[115,135,135,148,161,161,177,207,207,282,297,297,332,346,346,443,443,456,472,372,387,387],"floor_reached":22,"playtime":816,"items_purged":["Strike_R"],"score":250,"play_id":"f3fe1576-1090-492f-857e-c3a25904d704","local_time":"20180720170829","is_ascension_mode":false,"campfire_choices":[{"data":"True Grit","floor":6,"key":"SMITH"},{"floor":12,"key":"REST"},{"floor":15,"key":"REST"}],"neow_cost":"","seed_source_timestamp":526955888700927,"circlet_count":0,"master_deck":["Strike_R","Strike_R","Strike_R","Strike_R","Defend_R","Defend_R","Defend_R","Bash","Headbutt","True Grit+1","Hemokinesis","Limit Break","Flex","Infernal Blade","Inflame","Flex","Offering","Flame Barrier","Headbutt","True Grit","Flex+1"],"relics":["Burning Blood","Bag of Preparation","Bottled Lightning","Pear","Mark of Pain"],"potions_floor_usage":[8,8,8,18,19],"damage_taken":[{"damage":6,"enemies":"Cultist","floor":1,"turns":3},{"damage":8,"enemies":"Small Slimes","floor":2,"turns":3},{"damage":1,"enemies":"2 Louse","floor":4,"turns":3},{"damage":10,"enemies":"Blue Slaver","floor":5,"turns":3},{"damage":42,"enemies":"Exordium Thugs","floor":7,"turns":7},{"damage":17,"enemies":"3 Sentries","floor":8,"turns":5},{"damage":4,"enemies":"Exordium Wildlife","floor":11,"turns":3},{"damage":33,"enemies":"Lagavulin","floor":13,"turns":4},{"damage":15,"enemies":"3 Louse","floor":14,"turns":2},{"damage":3,"enemies":"Slime Boss","floor":16,"turns":5},{"damage":28,"enemies":"Shell Parasite","floor":18,"turns":3},{"damage":16,"enemies":"3 Byrds","floor":19,"turns":5},{"damage":51,"enemies":"Cultist and Chosen","floor":21,"turns":9},{"damage":9,"enemies":"Snecko","floor":22,"turns":4}],"seed_played":"-7344552087880983228","potions_obtained":[{"floor":4,"key":"Strength Potion"},{"floor":5,"key":"Explosive Potion"},{"floor":7,"key":"Strength Potion"},{"floor":16,"key":"Explosive Potion"},{"floor":18,"key":"Block Potion"}],"is_trial":false,"path_per_floor":["M","M","?","M","M","R","M","E","T","?","M","R","E","M","R","B",null,"M","M","$","M"],"character_chosen":"IRONCLAD","items_purchased":["True Grit"],"campfire_rested":2,"item_purchase_floors":[20],"current_hp_per_floor":[80,78,78,80,76,76,40,29,29,18,20,44,27,18,45,48,90,68,58,58,13,4],"gold":387,"neow_bonus":"","is_prod":false,"is_daily":false,"chose_seed":false,"campfire_upgraded":1,"win_rate":0.0,"timestamp":1532095709,"path_taken":["M","M","?","M","M","R","M","E","T","?","M","R","E","M","R","BOSS","M","M","$","M","M"],"build_version":"2018-07-19v2","purchased_purges":1,"victory":false,"max_hp_per_floor":[80,80,80,80,80,80,80,80,80,80,80,80,90,90,90,90,90,90,90,90,90,90],"card_choices":[{"not_picked":["Pommel Strike","Cleave"],"picked":"Headbutt","floor":1},{"not_picked":["Sever Soul","Twin Strike"],"picked":"True Grit","floor":2},{"not_picked":["Thunderclap","Pommel Strike"],"picked":"Hemokinesis","floor":4},{"not_picked":["Headbutt","Iron Wave"],"picked":"Limit Break","floor":5},{"not_picked":["Anger","Headbutt"],"picked":"Flex","floor":7},{"not_picked":["Brutality","Headbutt"],"picked":"Infernal Blade","floor":8},{"not_picked":["Cleave","Warcry"],"picked":"Inflame","floor":11},{"not_picked":["Anger","Entrench","Searing Blow"],"picked":"SKIP","floor":13},{"not_picked":["Feel No Pain","Corruption"],"picked":"Flex","floor":14},{"not_picked":["Immolate","Dark Embrace"],"picked":"Offering","floor":16},{"not_picked":["Sword Boomerang","Warcry"],"picked":"Flame Barrier","floor":18},{"not_picked":["Sword Boomerang","Pommel Strike"],"picked":"Headbutt","floor":19},{"not_picked":["Evolve","Shrug It Off+1"],"picked":"Flex+1","floor":21}],"player_experience":111293,"relics_obtained":[{"floor":8,"key":"Bag of Preparation"},{"floor":9,"key":"Bottled Lightning"},{"floor":13,"key":"Pear"}],"event_choices":[{"event_name":"Purifier","player_choice":"One Purge","floor":3,"damage_taken":0},{"event_name":"World of Goop","player_choice":"Gather Gold","floor":10,"damage_taken":0}],"is_beta":false,"boss_relics":[{"not_picked":["Busted Crown","Lizard Tail"],"picked":"Mark of Pain"}],"items_purged_floors":[20],"is_endless":false,"potions_floor_spawned":[4,5,7,16,18],"killed_by":"Snecko","ascension_level":0}