{"gold_per_floor":[114,64,77,93,108,108,135,60,83,83,96,106,121,147,147,249,249,261,261,7,26,36,36],"floor_reached":23,"playtime":953,"items_purged":["Strike_R"],"score":308,"play_id":"add29c02-a533-43a9-8e21-e8a2485fad3e","local_time":"20191020211326","is_ascension_mode":true,"campfire_choices":[{"data":"Bash","floor":6.0,"key":"SMITH"},{"data":"Rampage","floor":10.0,"key":"SMITH"},{"floor":15.0,"key":"REST"}],"neow_cost":"NONE","seed_source_timestamp":0,"circlet_count":0,"master_deck":["AscendersBane","Defend_R","Defend_R","Defend_R","Defend_R","Bash+1","Anger","Rampage+1","Inflame","Cleave","Evolve","Clothesline","Headbutt","Immolate","Hemokinesis","Barricade","Dual Wield+1","Bludgeon+1","Clothesline+1","Body Slam","Iron Wave+1"],"special_seed":0,"relics":["Burning Blood","Potion Belt","Pen Nib","Strawberry","Astrolabe","Shuriken"],"potions_floor_usage":[23],"damage_taken":[{"damage":6.0,"enemies":"Cultist","floor":1.0,"turns":3.0},{"damage":11.0,"enemies":"2 Louse","floor":3.0,"turns":4.0},{"damage":3.0,"enemies":"Small Slimes","floor":4.0,"turns":4.0},{"damage":10.0,"enemies":"2 Fungi Beasts","floor":5.0,"turns":4.0},{"damage":24.0,"enemies":"Gremlin Nob","floor":7.0,"turns":4.0},{"damage":33.0,"enemies":"Exordium Wildlife","floor":11.0,"turns":6.0},{"damage":3.0,"enemies":"3 Louse","floor":12.0,"turns":4.0},{"damage":12.0,"enemies":"Looter","floor":13.0,"turns":3.0},{"damage":30.0,"enemies":"3 Sentries","floor":14.0,"turns":5.0},{"damage":38.0,"enemies":"The Guardian","floor":16.0,"turns":9.0},{"damage":11,"enemies":"Spheric Guardian","floor":18,"turns":3},{"damage":33,"enemies":"2 Thieves","floor":21,"turns":3},{"damage":17,"enemies":"Snecko","floor":22,"turns":4},{"damage":58,"enemies":"Slavers","floor":23,"turns":3}],"seed_played":"-1516163929782321730","potions_obtained":[{"floor":3.0,"key":"Poison Potion"},{"floor":4.0,"key":"Dexterity Potion"},{"floor":5.0,"key":"Regen Potion"},{"floor":12.0,"key":"SpeedPotion"},{"floor":14.0,"key":"AttackPotion"},{"floor":21,"key":"SkillPotion"}],"is_trial":false,"path_per_floor":["M","?","M","M","M","R","E","$","T","R","M","M","M","E","R","B",null,"M","?","$","M","M","E"],"character_chosen":"IRONCLAD","items_purchased":["Shuriken"],"campfire_rested":1,"item_purchase_floors":[20],"current_hp_per_floor":[72,72,67,70,66,66,48,48,48,48,36,39,33,16,42,10,68,63,87,87,60,49,0],"gold":36,"neow_bonus":"THREE_CARDS","is_prod":false,"is_daily":false,"chose_seed":false,"campfire_upgraded":2,"win_rate":0,"timestamp":1571631206,"path_taken":["M","?","M","M","M","R","E","$","T","R","M","M","M","E","R","BOSS","M","?","$","M","M","E"],"build_version":"2019-07-17","purchased_purges":1,"victory":false,"max_hp_per_floor":[80,80,80,80,80,80,80,80,80,80,80,80,80,87,87,87,87,87,87,87,87,87,87],"card_choices":[{"not_picked":["Seeing Red","Ghostly Armor"],"picked":"Anger","floor":0.0},{"not_picked":["Heavy Blade","Armaments"],"picked":"Rampage","floor":1.0},{"not_picked":["Ghostly Armor","Cleave"],"picked":"Inflame","floor":3.0},{"not_picked":["Flex","Dropkick","Sentinel"],"picked":"SKIP","floor":4.0},{"not_picked":["Twin Strike","Flex"],"picked":"Cleave","floor":5.0},{"not_picked":["Dual Wield","Flex"],"picked":"Evolve","floor":7.0},{"not_picked":["Twin Strike","Sword Boomerang"],"picked":"Clothesline","floor":11.0},{"not_picked":["Thunderclap","Clash"],"picked":"Headbutt","floor":12.0},{"not_picked":["Havoc","Battle Trance"],"picked":"Immolate","floor":13.0},{"not_picked":["Pummel","Heavy Blade"],"picked":"Hemokinesis","floor":14.0},{"not_picked":["Double Tap","Exhume"],"picked":"Barricade","floor":16.0},{"not_picked":["Metallicize","Burning Pact+1"],"picked":"Body Slam","floor":18},{"not_picked":["Flex","Dual Wield","Clothesline+1"],"picked":"SKIP","floor":21},{"not_picked":["Pommel Strike","Twin Strike"],"picked":"Iron Wave+1","floor":22}],"player_experience":408533,"relics_obtained":[{"floor":7.0,"key":"Potion Belt"},{"floor":9.0,"key":"Pen Nib"},{"floor":14.0,"key":"Strawberry"}],"event_choices":[{"cards_removed":["Strike_R"],"damage_healed":0.0,"max_hp_gain":0.0,"max_hp_loss":0.0,"gold_gain":0.0,"event_name":"The Cleric","player_choice":"Card Removal","floor":2.0,"gold_loss":50.0,"damage_taken":0.0},{"damage_healed":24,"gold_gain":0,"player_choice":"Full Heal","damage_taken":0,"max_hp_gain":0,"max_hp_loss":0,"event_name":"Wheel of Change","floor":19,"gold_loss":0}],"is_beta":false,"boss_relics":[{"not_picked":["White Beast Statue","Lizard Tail"],"picked":"Astrolabe"}],"items_purged_floors":[8],"is_endless":false,"potions_floor_spawned":[3,4,5,12,14,21],"killed_by":"Slavers","ascension_level":10}