{"gold_per_floor":[117,135,310,310,310,348,273,312,335,335,370,270,270,284,284,284],"floor_reached":16,"playtime":412,"items_purged":["Doubt","Decay"],"score":139,"play_id":"83e14ad0-7a0d-4268-9522-13ffc2ba08a7","local_time":"20190504210530","is_ascension_mode":true,"campfire_choices":[{"data":"Bash","floor":10,"key":"SMITH"},{"data":"Iron Wave","floor":13,"key":"SMITH"},{"data":"Iron Wave","floor":15,"key":"SMITH"}],"neow_cost":"CURSE","seed_source_timestamp":880947331243500,"circlet_count":0,"master_deck":["Strike_R","Strike_R","Strike_R","Strike_R","Strike_R","Defend_R","Defend_R","Defend_R","Defend_R","Bash+1","Iron Wave+1","Iron Wave+1","Injury","Spot Weakness"],"relics":["Burning Blood","FossilizedHelix","Golden Idol","Ornamental Fan","PreservedInsect","Boot","Art of War","Strawberry"],"potions_floor_usage":[6,8,11],"damage_taken":[{"damage":3,"enemies":"2 Louse","floor":1,"turns":5},{"damage":4,"enemies":"Jaw Worm","floor":2,"turns":4},{"damage":48,"enemies":"Gremlin Nob","floor":6,"turns":6},{"damage":7,"enemies":"3 Sentries","floor":8,"turns":7},{"damage":16,"enemies":"Gremlin Nob","floor":11,"turns":4},{"damage":0,"enemies":"Small Slimes","floor":14,"turns":4},{"damage":43,"enemies":"Slime Boss","floor":16,"turns":9}],"seed_played":"5329559265288125174","potions_obtained":[{"floor":1,"key":"FearPotion"},{"floor":2,"key":"SteroidPotion"},{"floor":8,"key":"EssenceOfSteel"}],"is_trial":false,"path_per_floor":["M","M","?","?","T","E","$","E","T","R","E","$","R","M","R","B"],"character_chosen":"IRONCLAD","items_purchased":[],"campfire_rested":0,"item_purchase_floors":[],"current_hp_per_floor":[80,80,80,80,80,38,38,37,37,37,34,34,34,40,40,0],"gold":284,"neow_bonus":"ONE_RARE_RELIC","is_prod":false,"is_daily":false,"chose_seed":false,"campfire_upgraded":3,"win_rate":0,"timestamp":1556993130,"path_taken":["M","M","?","?","?","E","$","E","T","R","E","$","R","M","R","BOSS"],"build_version":"2019-01-23","purchased_purges":2,"victory":false,"max_hp_per_floor":[80,80,80,80,80,80,80,80,80,80,87,87,87,87,87,87],"card_choices":[{"not_picked":["Rampage","Anger"],"picked":"Iron Wave","floor":1},{"not_picked":["True Grit","Evolve"],"picked":"Iron Wave","floor":2},{"not_picked":["Iron Wave","Shrug It Off","Warcry"],"picked":"SKIP","floor":6},{"not_picked":["Warcry","Perfected Strike","Entrench"],"picked":"SKIP","floor":8},{"not_picked":["Headbutt","Clash","Power Through"],"picked":"SKIP","floor":11},{"not_picked":["Second Wind","Twin Strike"],"picked":"Spot Weakness","floor":14}],"player_experience":346611,"relics_obtained":[{"floor":5,"key":"Ornamental Fan"},{"floor":6,"key":"PreservedInsect"},{"floor":8,"key":"Boot"},{"floor":9,"key":"Art of War"},{"floor":11,"key":"Strawberry"}],"event_choices":[{"damage_healed":0,"gold_gain":175,"player_choice":"AGREE","damage_taken":0,"max_hp_gain":0,"max_hp_loss":0,"event_name":"Liars Game","floor":3,"gold_loss":0,"cards_obtained":["Doubt"]},{"damage_healed":0,"gold_gain":0,"player_choice":"Take Wound","damage_taken":0,"relics_obtained":["Golden Idol"],"max_hp_gain":0,"max_hp_loss":0,"event_name":"Golden Idol","floor":4,"gold_loss":0,"cards_obtained":["Injury"]}],"is_beta":false,"boss_relics":[],"items_purged_floors":[7,12],"is_endless":false,"potions_floor_spawned":[1,2,8],"killed_by":"Slime Boss","ascension_level":4}