{"gold_per_floor":[14,14,33,108,119,119,136,136,136,168,180,34,34,34,34,135,135,135,135,135,135,135,135,135,135,135,135,55,55,55,55,55,55,55,55,55,55,55,55,55,55,55,55,55,55,55,55,55,55,55,55,55,35,35,35],"floor_reached":56,"playtime":2120,"items_purged":["Strike_R","Strike_R"],"score":1246,"play_id":"760410e8-28e5-49fd-8f45-ea5e442b5d41","local_time":"20190531165701","is_ascension_mode":false,"campfire_choices":[{"data":"Bash","floor":6,"key":"SMITH"},{"data":"True Grit","floor":8,"key":"SMITH"},{"data":"True Grit","floor":13,"key":"SMITH"},{"data":"Feel No Pain","floor":15,"key":"SMITH"},{"data":"Double Tap","floor":23,"key":"SMITH"},{"data":"Shockwave","floor":25,"key":"SMITH"},{"floor":27,"key":"RECALL"},{"data":"Battle Trance","floor":32,"key":"SMITH"},{"data":"Demon Form","floor":40,"key":"SMITH"},{"data":"Ghostly Armor","floor":42,"key":"SMITH"},{"floor":49,"key":"REST"},{"data":"Defend_R","floor":52,"key":"SMITH"}],"neow_cost":"NO_GOLD","seed_source_timestamp":273920938283871,"circlet_count":0,"master_deck":["Strike_R","Strike_R","Strike_R","Defend_R+1","Defend_R","Defend_R","Bash+1","Feel No Pain+1","True Grit+1","True Grit+1","Shockwave+1","Anger+1","Headbutt+1","Rampage+1","Double Tap+1","Battle Trance+1","Demon Form+1","Dual Wield+1","Ghostly Armor+1","Burning Pact+1","Clothesline+1"],"relics":["Burning Blood","Vajra","Molten Egg 2","Ectoplasm","Red Mask","Meat on the Bone","FossilizedHelix","Pantograph","The Courier","Self Forming Clay","Busted Crown","Dodecahedron","Toxic Egg 2","Unceasing Top","Juzu Bracelet","Bag of Marbles"],"potions_floor_usage":[7,21,24,33,35,45,54,55,55],"damage_taken":[{"damage":1,"enemies":"Jaw Worm","floor":1,"turns":5},{"damage":3,"enemies":"2 Louse","floor":3,"turns":3},{"damage":0,"enemies":"Small Slimes","floor":5,"turns":3},{"damage":14,"enemies":"Exordium Thugs","floor":7,"turns":5},{"damage":13,"enemies":"3 Sentries","floor":10,"turns":13},{"damage":9,"enemies":"Large Slime","floor":11,"turns":6},{"damage":6,"enemies":"Slime Boss","floor":16,"turns":8},{"damage":1,"enemies":"Chosen","floor":18,"turns":3},{"damage":10,"enemies":"Shell Parasite","floor":19,"turns":5},{"damage":13,"enemies":"Masked Bandits","floor":20,"turns":4},{"damage":10,"enemies":"Snake Plant","floor":21,"turns":3},{"damage":2,"enemies":"Colosseum Slavers","floor":24,"turns":4},{"damage":7,"enemies":"Colosseum Nobs","floor":24,"turns":4},{"damage":22,"enemies":"Slavers","floor":29,"turns":5},{"damage":0,"enemies":"Cultist and Chosen","floor":30,"turns":6},{"damage":0,"enemies":"Shelled Parasite and Fungi","floor":31,"turns":4},{"damage":27,"enemies":"Automaton","floor":33,"turns":6},{"damage":23,"enemies":"3 Darklings","floor":35,"turns":4},{"damage":0,"enemies":"Orb Walker","floor":37,"turns":3},{"damage":25,"enemies":"Spire Growth","floor":39,"turns":5},{"damage":0,"enemies":"Giant Head","floor":41,"turns":7},{"damage":30,"enemies":"Mind Bloom Boss Battle","floor":44,"turns":5},{"damage":7,"enemies":"Nemesis","floor":45,"turns":7},{"damage":71,"enemies":"Awakened One","floor":50,"turns":8},{"damage":12,"enemies":"Shield and Spear","floor":54,"turns":4},{"damage":59,"enemies":"The Heart","floor":55,"turns":9}],"seed_played":"-7423664000090216497","potions_obtained":[{"floor":3,"key":"Weak Potion"},{"floor":5,"key":"SkillPotion"},{"floor":7,"key":"Dexterity Potion"},{"floor":16,"key":"Regen Potion"},{"floor":20,"key":"Poison Potion"},{"floor":29,"key":"Strength Potion"},{"floor":30,"key":"PowerPotion"},{"floor":44,"key":"Strength Potion"},{"floor":45,"key":"Block Potion"},{"floor":54,"key":"Ancient Potion"}],"is_trial":false,"path_per_floor":["M","?","M","?","M","R","M","R","T","E","M","$","R","$","R","B",null,"M","M","?","M","T","R","?","R","T","R","$","E","M","M","R","B",null,"M","?","M","T","M","R","E","R","T","?","E","?","T","?","R","B",null,"R","$","E","B",null],"character_chosen":"IRONCLAD","items_purchased":["Rampage+1","Clothesline+1"],"campfire_rested":1,"item_purchase_floors":[12,53],"current_hp_per_floor":[96,89,92,81,87,87,79,79,79,72,69,69,69,69,69,69,96,96,92,85,81,81,81,96,96,96,96,96,80,86,92,92,75,96,79,79,85,85,66,66,72,72,72,67,66,66,66,66,91,38,91,91,91,85,50],"gold":35,"neow_bonus":"TWENTY_PERCENT_HP_BONUS","is_prod":false,"is_daily":false,"chose_seed":false,"campfire_upgraded":10,"win_rate":0,"timestamp":1559318221,"path_taken":["M","?","M","?","M","R","M","R","T","E","?","$","R","$","R","BOSS","M","M","?","M","?","R","?","R","T","R","$","E","M","M","R","BOSS","M","?","M","?","M","R","E","R","T","?","E","?","?","?","R","BOSS","R","$","E","BOSS"],"build_version":"2019-01-23","purchased_purges":2,"victory":true,"max_hp_per_floor":[96,96,96,96,96,96,96,96,96,96,96,96,96,96,96,96,96,96,96,96,96,96,96,96,96,96,96,96,96,96,96,96,96,96,96,91,91,91,91,91,91,91,91,91,91,91,91,91,91,91,91,91,91,91,91],"card_choices":[{"not_picked":["Clash","Entrench"],"picked":"Feel No Pain","floor":1},{"not_picked":["Shrug It Off","Warcry"],"picked":"True Grit","floor":3},{"not_picked":["Perfected Strike","Warcry"],"picked":"True Grit","floor":5},{"not_picked":["Metallicize","Intimidate"],"picked":"Shockwave","floor":7},{"not_picked":["Entrench","Sever Soul"],"picked":"Anger","floor":10},{"not_picked":["Infernal Blade","Battle Trance"],"picked":"Headbutt+1","floor":11},{"not_picked":["Dark Embrace","Impervious"],"picked":"Double Tap","floor":16},{"not_picked":["Sword Boomerang+1","Sever Soul+1","Armaments"],"picked":"SKIP","floor":18},{"not_picked":["Anger+1","Sword Boomerang+1","Cleave+1"],"picked":"SKIP","floor":19},{"not_picked":["Iron Wave+1","Body Slam+1","Clash+1"],"picked":"SKIP","floor":21},{"not_picked":["Sever Soul+1","Armaments","Anger+1"],"picked":"SKIP","floor":29},{"not_picked":["Blood for Blood+1","Anger+1"],"picked":"Battle Trance","floor":30},{"not_picked":["Twin Strike+1","Heavy Blade+1","Perfected Strike+1"],"picked":"SKIP","floor":31},{"not_picked":["Immolate+1","Berserk"],"picked":"Demon Form","floor":33},{"not_picked":[],"picked":"Dual Wield+1","floor":35},{"not_picked":["Carnage+1"],"picked":"SKIP","floor":37},{"not_picked":[],"picked":"Ghostly Armor","floor":39},{"not_picked":["Headbutt+1"],"picked":"SKIP","floor":41},{"not_picked":[],"picked":"Burning Pact+1","floor":45},{"not_picked":["Dual Wield+1"],"picked":"SKIP","floor":54}],"player_experience":1535102,"relics_obtained":[{"floor":9,"key":"Vajra"},{"floor":10,"key":"Molten Egg 2"},{"floor":20,"key":"Red Mask"},{"floor":22,"key":"Meat on the Bone"},{"floor":24,"key":"FossilizedHelix"},{"floor":24,"key":"Pantograph"},{"floor":26,"key":"The Courier"},{"floor":29,"key":"Self Forming Clay"},{"floor":41,"key":"Dodecahedron"},{"floor":43,"key":"Toxic Egg 2"},{"floor":44,"key":"Unceasing Top"},{"floor":45,"key":"Juzu Bracelet"},{"floor":54,"key":"Bag of Marbles"}],"event_choices":[{"cards_removed":["Defend_R"],"damage_healed":0,"gold_gain":0,"player_choice":"Card Removal","damage_taken":7,"max_hp_gain":0,"max_hp_loss":0,"event_name":"Golden Wing","floor":2,"gold_loss":0},{"damage_healed":0,"gold_gain":75,"player_choice":"Gather Gold","damage_taken":11,"max_hp_gain":0,"max_hp_loss":0,"event_name":"World of Goop","floor":4,"gold_loss":0},{"damage_healed":0,"gold_gain":0,"player_choice":"Fought Bandits","damage_taken":0,"max_hp_gain":0,"max_hp_loss":0,"event_name":"Masked Bandits","floor":20,"gold_loss":0},{"damage_healed":0,"gold_gain":0,"player_choice":"Fight","damage_taken":0,"max_hp_gain":0,"max_hp_loss":0,"event_name":"Colosseum","floor":24,"gold_loss":0},{"damage_healed":0,"gold_gain":0,"player_choice":"Fought Nobs","damage_taken":0,"max_hp_gain":0,"max_hp_loss":0,"event_name":"Colosseum","floor":24,"gold_loss":0},{"damage_healed":0,"gold_gain":0,"player_choice":"Max HP","damage_taken":0,"max_hp_gain":0,"max_hp_loss":5,"event_name":"Winding Halls","floor":36,"gold_loss":0},{"damage_healed":0,"gold_gain":0,"player_choice":"Fight","damage_taken":0,"max_hp_gain":0,"max_hp_loss":0,"event_name":"MindBloom","floor":44,"gold_loss":0},{"damage_healed":0,"gold_gain":0,"player_choice":"Memory 1","damage_taken":0,"max_hp_gain":0,"max_hp_loss":0,"event_name":"SensoryStone","floor":46,"gold_loss":0},{"damage_healed":0,"gold_gain":222,"player_choice":"Wore Mask","damage_taken":0,"max_hp_gain":0,"max_hp_loss":0,"event_name":"Tomb of Lord Red Mask","floor":48,"gold_loss":0}],"is_beta":false,"boss_relics":[{"not_picked":["Snecko Eye","Runic Cube"],"picked":"Ectoplasm"},{"not_picked":["Eternal Feather","Black Blood"],"picked":"Busted Crown"}],"items_purged_floors":[12,28],"is_endless":false,"potions_floor_spawned":[3,5,7,16,19,20,29,30,31,44,45,54],"ascension_level":0}