{"gold_per_floor":[14,31,31,56,56,95,95,20,20,39,55,99,117,192,192,192],"floor_reached":16,"playtime":912,"items_purged":["Strike_R"],"score":129,"play_id":"caff82b0-7e31-4f2d-90e9-bccad991de43","local_time":"20190930115924","is_ascension_mode":true,"campfire_choices":[{"data":"Dropkick","floor":7,"key":"SMITH"},{"floor":15,"key":"REST"}],"neow_cost":"NO_GOLD","seed_source_timestamp":1836508904200,"circlet_count":0,"master_deck":["Strike_R","Strike_R","Strike_R","Defend_R","Defend_R","Defend_R","Bash","Spot Weakness","Dropkick+1","Thunderclap","Warcry","Battle Trance+1","Iron Wave"],"relics":["Burning Blood","Golden Idol","Blue Candle","Toxic Egg 2","Frozen Egg 2"],"potions_floor_usage":[6,12,13],"damage_taken":[{"damage":3,"enemies":"Jaw Worm","floor":1,"turns":4},{"damage":4,"enemies":"2 Louse","floor":2,"turns":3},{"damage":12,"enemies":"Small Slimes","floor":4,"turns":3},{"damage":45,"enemies":"3 Sentries","floor":6,"turns":7},{"damage":12,"enemies":"Looter","floor":10,"turns":4},{"damage":13,"enemies":"3 Louse","floor":11,"turns":3},{"damage":10,"enemies":"Gremlin Nob","floor":12,"turns":3},{"damage":0,"enemies":"Blue Slaver","floor":13,"turns":3},{"damage":35,"enemies":"The Guardian","floor":16,"turns":12}],"seed_played":"1704186961743592127","potions_obtained":[{"floor":2,"key":"Poison Potion"},{"floor":10,"key":"Strength Potion"},{"floor":12,"key":"Weak Potion"}],"is_trial":false,"path_per_floor":["M","M","?","M","?","E","R","$","T","M","M","E","M","?","R","B"],"character_chosen":"IRONCLAD","items_purchased":[],"campfire_rested":1,"item_purchase_floors":[],"current_hp_per_floor":[80,80,74,68,73,34,34,34,34,28,21,17,23,12,35,0],"gold":192,"neow_bonus":"REMOVE_TWO","is_prod":false,"is_daily":false,"chose_seed":false,"campfire_upgraded":1,"win_rate":0,"timestamp":1569862764,"path_taken":["M","M","?","M","?","E","R","$","T","M","M","E","M","?","R","BOSS"],"build_version":"2019-07-17","purchased_purges":1,"victory":false,"max_hp_per_floor":[80,80,74,74,79,79,79,79,79,79,79,79,79,79,79,79],"card_choices":[{"not_picked":["Anger","Heavy Blade"],"picked":"Spot Weakness","floor":1},{"not_picked":["Disarm","Iron Wave"],"picked":"Dropkick","floor":2},{"not_picked":["Iron Wave","Heavy Blade"],"picked":"Thunderclap","floor":4},{"not_picked":["Sword Boomerang","Anger"],"picked":"Warcry","floor":6},{"not_picked":["Anger","Blood for Blood","Perfected Strike"],"picked":"SKIP","floor":10},{"not_picked":["Perfected Strike","Havoc+1","Clash"],"picked":"SKIP","floor":11},{"not_picked":["Cleave","Anger"],"picked":"Battle Trance+1","floor":12},{"not_picked":["Heavy Blade","Havoc+1"],"picked":"Iron Wave","floor":13}],"player_experience":228196,"relics_obtained":[{"floor":6,"key":"Blue Candle"},{"floor":9,"key":"Toxic Egg 2"},{"floor":12,"key":"Frozen Egg 2"}],"event_choices":[{"damage_healed":0,"gold_gain":0,"player_choice":"Lose Max HP","damage_taken":0,"relics_obtained":["Golden Idol"],"max_hp_gain":0,"max_hp_loss":6,"event_name":"Golden Idol","floor":3,"gold_loss":0},{"damage_healed":0,"gold_gain":0,"player_choice":"Donut","damage_taken":0,"max_hp_gain":5,"max_hp_loss":0,"event_name":"Big Fish","floor":5,"gold_loss":0},{"damage_healed":0,"gold_gain":75,"player_choice":"Gather Gold","damage_taken":11,"max_hp_gain":0,"max_hp_loss":0,"event_name":"World of Goop","floor":14,"gold_loss":0}],"is_beta":false,"boss_relics":[],"items_purged_floors":[8],"is_endless":false,"potions_floor_spawned":[2,10,12],"killed_by":"The Guardian","ascension_level":3}