{"gold_per_floor":[12,12,29,29,43,43,43,43,43,58,92,108,283,311,311,410,410,429,344,344,357,373,373],"floor_reached":23,"playtime":782,"items_purged":[],"score":231,"play_id":"645f7c19-caff-4610-abf1-0627b73d34bd","local_time":"20190419125547","is_ascension_mode":true,"campfire_choices":[{"data":"Armaments","floor":6,"key":"SMITH"},{"data":"Bash","floor":8,"key":"SMITH"},{"data":"Bloodletting","floor":15,"key":"SMITH"}],"neow_cost":"NO_GOLD","seed_source_timestamp":2313424411721500,"circlet_count":0,"master_deck":["Strike_R","Strike_R","Strike_R","Strike_R","Strike_R","Defend_R","Defend_R","Defend_R","Defend_R","Bash+1","Trip","Metamorphosis+1","Flex","Armaments+1","Bloodletting+1","Thunderclap","Flex","Metallicize","Doubt","Uppercut","Pommel Strike","Flame Barrier","Armaments","Limit Break"],"relics":["Burning Blood","Mummified Hand","Paper Frog","Self Forming Clay","Calipers","Cursed Key","Prayer Wheel"],"potions_floor_usage":[3,14,16,22,23,23],"damage_taken":[{"damage":10,"enemies":"2 Louse","floor":1,"turns":3},{"damage":6,"enemies":"Cultist","floor":3,"turns":4},{"damage":7,"enemies":"Jaw Worm","floor":5,"turns":2},{"damage":10,"enemies":"Looter","floor":10,"turns":3},{"damage":16,"enemies":"Gremlin Nob","floor":11,"turns":3},{"damage":20,"enemies":"Lots of Slimes","floor":12,"turns":4},{"damage":27,"enemies":"3 Sentries","floor":14,"turns":8},{"damage":17,"enemies":"Slime Boss","floor":16,"turns":5},{"damage":25,"enemies":"Shell Parasite","floor":18,"turns":6},{"damage":16,"enemies":"Spheric Guardian","floor":21,"turns":4},{"damage":8,"enemies":"3 Cultists","floor":22,"turns":4},{"damage":78,"enemies":"Gremlin Leader","floor":23,"turns":7}],"seed_played":"784807523312678918","potions_obtained":[{"floor":1,"key":"Swift Potion"},{"floor":5,"key":"SpeedPotion"},{"floor":12,"key":"BloodPotion"},{"floor":14,"key":"Explosive Potion"},{"floor":16,"key":"Explosive Potion"},{"floor":21,"key":"AttackPotion"},{"floor":22,"key":"Swift Potion"}],"is_trial":false,"path_per_floor":["M","?","M","$","M","R","T","R","T","M","E","M","?","E","R","B",null,"M","?","?","M","M","E"],"character_chosen":"IRONCLAD","items_purchased":[],"campfire_rested":0,"item_purchase_floors":[],"current_hp_per_floor":[76,76,76,76,75,75,75,75,75,71,61,47,47,34,34,23,80,61,61,90,80,78,0],"gold":373,"neow_bonus":"RANDOM_COLORLESS_2","is_prod":false,"is_daily":false,"chose_seed":false,"campfire_upgraded":3,"win_rate":0,"timestamp":1555667747,"path_taken":["M","?","M","?","?","R","?","R","T","M","E","M","?","E","R","BOSS","M","?","?","M","?","E"],"build_version":"2019-01-23","purchased_purges":0,"victory":false,"max_hp_per_floor":[80,80,80,80,80,80,80,80,80,80,80,80,80,80,80,80,80,80,80,90,90,90,90],"card_choices":[{"not_picked":["Heavy Blade","Rupture"],"picked":"Flex","floor":1},{"not_picked":["Spot Weakness","Shrug It Off"],"picked":"Armaments","floor":3},{"not_picked":["Burning Pact","Power Through"],"picked":"Bloodletting","floor":5},{"not_picked":["Whirlwind","Pommel Strike"],"picked":"Thunderclap","floor":10},{"not_picked":["Heavy Blade","Fire Breathing"],"picked":"Flex","floor":11},{"not_picked":["Iron Wave","Shrug It Off"],"picked":"Metallicize","floor":12},{"not_picked":["Clothesline","Havoc"],"picked":"Uppercut","floor":14},{"not_picked":["Impervious","Dark Embrace"],"picked":"Exhume","floor":16},{"not_picked":["Sword Boomerang","Anger"],"picked":"Pommel Strike","floor":18},{"not_picked":["Thunderclap","Rampage"],"picked":"Flame Barrier","floor":21},{"not_picked":["Cleave+1","Wild Strike"],"picked":"Armaments","floor":21},{"not_picked":["Body Slam","Reckless Charge"],"picked":"Limit Break","floor":22},{"not_picked":["Armaments","Iron Wave+1","Battle Trance"],"picked":"SKIP","floor":22}],"player_experience":320965,"relics_obtained":[{"floor":7,"key":"Mummified Hand"},{"floor":9,"key":"Paper Frog"},{"floor":11,"key":"Self Forming Clay"},{"floor":14,"key":"Calipers"}],"event_choices":[{"damage_healed":0,"gold_gain":0,"player_choice":"Upgraded","damage_taken":0,"max_hp_gain":0,"max_hp_loss":0,"event_name":"Upgrade Shrine","floor":2,"gold_loss":0,"cards_upgraded":["Metamorphosis"]},{"damage_healed":0,"gold_gain":175,"player_choice":"AGREE","damage_taken":0,"max_hp_gain":0,"max_hp_loss":0,"event_name":"Liars Game","floor":13,"gold_loss":0,"cards_obtained":["Doubt"]},{"damage_healed":0,"gold_gain":0,"player_choice":"Obtained Relic","damage_taken":0,"relics_obtained":["Prayer Wheel"],"max_hp_gain":0,"max_hp_loss":0,"event_name":"Addict","floor":19,"gold_loss":85},{"cards_removed":["Exhume"],"damage_healed":19,"gold_gain":0,"player_choice":"Offered Rare","damage_taken":0,"max_hp_gain":10,"max_hp_loss":0,"event_name":"Bonfire Elementals","floor":20,"gold_loss":0}],"is_beta":false,"boss_relics":[{"not_picked":["Philosopher\u0027s Stone","Velvet Choker"],"picked":"Cursed Key"}],"items_purged_floors":[],"is_endless":false,"potions_floor_spawned":[1,5,12,14,16,21,22],"killed_by":"Gremlin Leader","ascension_level":3}