{"gold_per_floor":[114,114,114,114,114,144,144,163,163,53,65,65,65,78,78,182,182,197,222,30,390,401,401,412,412,493,493,522,522,535,569,569,669,669,686,705,719,735,735,765,775,790,790,804,23,23,49,67,67,67,67,67,67,100,100],"floor_reached":55,"playtime":3676,"items_purged":["Dualcast","Defend_B"],"score":892,"play_id":"7f0b93ec-1377-4699-8669-e73bfe45ec2e","local_time":"20190517225914","is_ascension_mode":false,"campfire_choices":[{"floor":7,"key":"REST"},{"data":"Deadly Poison","floor":12,"key":"SMITH"},{"data":"Barrage","floor":12,"key":"SMITH"},{"data":"Beam Cell","floor":15,"key":"SMITH"},{"data":"Ball Lightning","floor":15,"key":"SMITH"},{"floor":23,"key":"REST"},{"data":"Buffer","floor":25,"key":"SMITH"},{"data":"Hologram","floor":25,"key":"SMITH"},{"data":"Sweeping Beam","floor":27,"key":"SMITH"},{"data":"FTL","floor":27,"key":"SMITH"},{"data":"Cold Snap","floor":29,"key":"SMITH"},{"data":"Defend_B","floor":29,"key":"SMITH"},{"floor":32,"key":"RECALL"},{"data":"Capacitor","floor":49,"key":"SMITH"},{"data":"Coolheaded","floor":49,"key":"SMITH"},{"data":"Electrodynamics","floor":52,"key":"SMITH"},{"data":"Strike_B","floor":52,"key":"SMITH"}],"neow_cost":"NONE","seed_source_timestamp":210116592754081,"circlet_count":0,"master_deck":["Strike_B+1","Strike_B+1","Defend_B+1","Defend_B+1","Ball Lightning+1","Deadly Poison+1","Cold Snap+1","Barrage+1","FTL+1","Beam Cell+1","Buffer+1","Sweeping Beam+1","Hologram+1","Electrodynamics+1","FTL+1","Glacier+1","Coolheaded+1","Barrage+1","Coolheaded+1","ReplayUltimateDefense+1","Thunder Strike+1","Capacitor+1","Steam Power+1","Amplify+1"],"relics":["Ring of the Snake","Gremlin Food","Shuriken","Arrowhead","Sozu","Red Mask","OrangePellets","Singing Bowl","Lantern","Cables","Eternal Feather","Golden Egg","Meat on the Bone","Frozen Eye","Du-Vu Doll","War Paint"],"potions_floor_usage":[19,40],"damage_taken":[{"damage":1,"enemies":"Cultist","floor":1,"turns":4},{"damage":37,"enemies":"3 Sentries","floor":6,"turns":9},{"damage":0,"enemies":"Jaw Worm","floor":8,"turns":4},{"damage":0,"enemies":"Small Slimes","floor":11,"turns":2},{"damage":0,"enemies":"3 Louse","floor":14,"turns":2},{"damage":0,"enemies":"Slime Boss","floor":16,"turns":5},{"damage":0,"enemies":"Spheric Guardian","floor":18,"turns":3},{"damage":0,"enemies":"Masked Bandits","floor":19,"turns":2},{"damage":10,"enemies":"2 Thieves","floor":22,"turns":3},{"damage":0,"enemies":"Centurion and Healer","floor":24,"turns":3},{"damage":0,"enemies":"Replay:Snechameleon","floor":28,"turns":5},{"damage":0,"enemies":"Chosen and Byrds","floor":30,"turns":4},{"damage":0,"enemies":"Gremlin Leader","floor":31,"turns":5},{"damage":20,"enemies":"Collector","floor":33,"turns":7},{"damage":0,"enemies":"3 Shapes","floor":35,"turns":3},{"damage":0,"enemies":"Orb Walker","floor":36,"turns":2},{"damage":0,"enemies":"3 Darklings","floor":37,"turns":3},{"damage":0,"enemies":"Sphere and 2 Shapes","floor":38,"turns":3},{"damage":12,"enemies":"Nemesis","floor":40,"turns":5},{"damage":1,"enemies":"Jaw Worm Horde","floor":41,"turns":4},{"damage":0,"enemies":"Writhing Mass","floor":42,"turns":6},{"damage":0,"enemies":"Sphere and 2 Shapes","floor":44,"turns":4},{"damage":3,"enemies":"Reptomancer","floor":47,"turns":6},{"damage":1,"enemies":"3 Darklings","floor":48,"turns":4},{"damage":0,"enemies":"Time Eater","floor":50,"turns":11},{"damage":21,"enemies":"Shield and Spear","floor":54,"turns":8},{"damage":73,"enemies":"The Heart","floor":55,"turns":6}],"seed_played":"4904219748250308705","potions_obtained":[{"floor":11,"key":"AttackPotion"},{"floor":14,"key":"PowerPotion"}],"is_trial":false,"path_per_floor":["M","?","?","?","?","E","R","M","T","$","M","R","$","M","R","B",null,"M","?","$","?","M","R","M","R","T","R","E","R","M","E","R","B",null,"M","M","M","M","?","E","M","M","T","M","$","?","E","M","R","B",null,"R","$","E","B"],"character_chosen":"DEFECT","items_purchased":["FTL","OrangePellets","Meat on the Bone","Frozen Eye","Coolheaded","ReplayUltimateDefense"],"campfire_rested":2,"item_purchase_floors":[10,20,45,45,45,45],"current_hp_per_floor":[74,74,74,67,60,23,45,45,45,45,45,45,45,45,45,45,75,75,75,75,40,30,52,52,52,52,52,54,54,56,58,58,38,81,83,83,85,87,87,75,76,76,76,76,76,76,73,72,84,84,89,89,89,68,0],"gold":100,"neow_bonus":"REMOVE_CARD","is_prod":false,"is_daily":false,"chose_seed":false,"campfire_upgraded":14,"win_rate":0,"timestamp":1558130354,"path_taken":["M","?","?","?","?","E","R","M","T","?","M","R","?","M","R","BOSS","M","?","$","?","?","R","M","R","T","R","E","R","M","E","R","BOSS","M","M","M","?","?","E","?","M","T","M","$","?","E","M","R","BOSS","R","$","E","BOSS"],"build_version":"2019-01-23","purchased_purges":2,"victory":false,"max_hp_per_floor":[75,75,75,75,75,75,75,75,75,75,75,75,75,75,75,75,75,75,75,75,75,75,75,75,75,75,75,77,77,79,81,81,81,81,83,83,85,87,87,87,89,89,89,89,89,89,89,89,89,89,89,89,89,89,89],"card_choices":[{"not_picked":["Compile Driver","Hologram"],"picked":"Ball Lightning","floor":1},{"not_picked":["Conserve Battery","Time Bomb"],"picked":"Cold Snap","floor":6},{"not_picked":["ReplayGash","Steam"],"picked":"Barrage","floor":8},{"not_picked":["Coolheaded","Chill"],"picked":"Beam Cell","floor":11},{"not_picked":["Stack","Fusion","Steam"],"picked":"SKIP","floor":14},{"not_picked":["Amplify","Meteor Strike"],"picked":"Buffer","floor":16},{"not_picked":["Blizzard+1","Self Repair+1"],"picked":"Sweeping Beam","floor":18},{"not_picked":["Conserve Battery","BasicCrystalCard","ReplayTheSpireMod:Calculation Training"],"picked":"SKIP","floor":22},{"not_picked":["Barrage+1","Sweeping Beam"],"picked":"Hologram","floor":24},{"not_picked":["Hello World+1","Cold Snap","Redo"],"picked":"Singing Bowl","floor":28},{"not_picked":["Redo","BasicCrystalCard","Beam Cell"],"picked":"Singing Bowl","floor":30},{"not_picked":["Cold Snap","Redo","Conserve Battery"],"picked":"Singing Bowl","floor":31},{"not_picked":["Fission","Rainbow"],"picked":"Electrodynamics","floor":33},{"not_picked":["Gash+1","Redo+1","Melter"],"picked":"Singing Bowl","floor":35},{"not_picked":["Turbo","Beam Cell+1"],"picked":"FTL+1","floor":36},{"not_picked":["Turbo+1","Tempest+1","Self Repair+1"],"picked":"Singing Bowl","floor":37},{"not_picked":["Leap","Redo+1","Rip and Tear+1"],"picked":"Singing Bowl","floor":38},{"not_picked":["Consume+1","Buffer"],"picked":"Glacier+1","floor":40},{"not_picked":["BasicCrystalCard+1","Darkness","Leap"],"picked":"Singing Bowl","floor":41},{"not_picked":["Storm+1","Stack+1"],"picked":"Coolheaded","floor":42},{"not_picked":["Conserve Battery+1","Chill"],"picked":"Barrage+1","floor":44},{"not_picked":["Steam+1","BasicCrystalCard+1"],"picked":"Capacitor","floor":47},{"not_picked":["Rip and Tear","Redo"],"picked":"Steam Power+1","floor":48},{"not_picked":["Cold Snap+1","ReplayGash"],"picked":"Amplify","floor":54}],"player_experience":1453128,"relics_obtained":[{"floor":6,"key":"Shuriken"},{"floor":9,"key":"Arrowhead"},{"floor":19,"key":"Red Mask"},{"floor":26,"key":"Singing Bowl"},{"floor":28,"key":"Lantern"},{"floor":31,"key":"Cables"},{"floor":40,"key":"Golden Egg"},{"floor":47,"key":"Du-Vu Doll"},{"floor":54,"key":"War Paint"}],"event_choices":[{"damage_healed":0,"gold_gain":0,"player_choice":"Ignored","damage_taken":0,"max_hp_gain":0,"max_hp_loss":0,"event_name":"Liars Game","floor":3,"gold_loss":0},{"cards_removed":["Strike_B"],"damage_healed":0,"gold_gain":0,"player_choice":"Card Removal","damage_taken":7,"max_hp_gain":0,"max_hp_loss":0,"event_name":"Golden Wing","floor":4,"gold_loss":0},{"damage_healed":0,"gold_gain":0,"player_choice":"Success","damage_taken":7,"relics_obtained":["Gremlin Food"],"max_hp_gain":0,"max_hp_loss":0,"event_name":"Scrap Ooze","floor":5,"gold_loss":0},{"damage_healed":0,"gold_gain":0,"player_choice":"Fought Bandits","damage_taken":0,"max_hp_gain":0,"max_hp_loss":0,"event_name":"Masked Bandits","floor":19,"gold_loss":0},{"damage_healed":0,"gold_gain":360,"player_choice":"GOLD GOLD GOLD GOLD ","damage_taken":35,"max_hp_gain":0,"max_hp_loss":0,"event_name":"Knowing Skull","floor":21,"potions_obtained":[],"gold_loss":0,"cards_obtained":[]},{"damage_healed":0,"gold_gain":0,"player_choice":"Got Potions","damage_taken":0,"max_hp_gain":0,"max_hp_loss":0,"event_name":"Lab","floor":39,"gold_loss":0},{"damage_healed":0,"gold_gain":0,"cards_transformed":["Defend_B"],"player_choice":"Transformed","damage_taken":0,"max_hp_gain":0,"max_hp_loss":0,"event_name":"Transmorgrifier","floor":46,"gold_loss":0,"cards_obtained":["Thunder Strike"]}],"is_beta":false,"boss_relics":[{"not_picked":["Honey Jar","ReplayTheSpireMod:Onyx Gauntlets"],"picked":"Sozu"},{"not_picked":["Abe\u0027s Treasure","Replay:Bronze Core"],"picked":"Eternal Feather"}],"items_purged_floors":[10,45],"is_endless":false,"potions_floor_spawned":[11,14,24,30,31,36,38,40,48],"killed_by":"The Heart","ascension_level":0}