{"gold_per_floor":[117,135,135,148,0,0,35,54,54,74,74],"floor_reached":11,"playtime":586,"items_purged":["Strike_B"],"score":128,"play_id":"23c072f4-9203-4e24-9e66-37b2702d2cd8","local_time":"20191024183135","is_ascension_mode":true,"campfire_choices":[{"floor":6,"key":"REST"}],"neow_cost":"NONE","seed_source_timestamp":989715930251600,"circlet_count":0,"master_deck":["AscendersBane","Strike_B","Strike_B","Strike_B+1","Defend_B","Defend_B","Defend_B","Defend_B","Zap+1","Dualcast","Coolheaded","Glacier","Self Repair","Cold Snap","Heatsinks"],"relics":["Cracked Core","Juzu Bracelet","Bird Faced Urn","Torii","Odd Mushroom"],"potions_floor_usage":[10,11],"damage_taken":[{"damage":4,"enemies":"Jaw Worm","floor":1,"turns":3},{"damage":0,"enemies":"Cultist","floor":2,"turns":3},{"damage":4,"enemies":"2 Louse","floor":4,"turns":2},{"damage":24,"enemies":"3 Sentries","floor":7,"turns":12},{"damage":4,"enemies":"2 Fungi Beasts","floor":8,"turns":5},{"damage":12,"enemies":"The Mushroom Lair","floor":10,"turns":5},{"damage":47,"enemies":"Gremlin Nob","floor":11,"turns":5}],"seed_played":"5855850967887413482","potions_obtained":[{"floor":4,"key":"FearPotion"},{"floor":7,"key":"PowerPotion"},{"floor":10,"key":"SpeedPotion"}],"is_trial":false,"path_per_floor":["M","M","?","M","$","R","E","M","T","?","E"],"character_chosen":"DEFECT","items_purchased":["Self Repair"],"campfire_rested":1,"item_purchase_floors":[5],"current_hp_per_floor":[60,60,39,35,35,56,39,44,44,43,0],"gold":74,"neow_bonus":"RANDOM_COMMON_RELIC","is_prod":false,"is_daily":false,"chose_seed":false,"campfire_upgraded":0,"win_rate":0,"timestamp":1571934695,"path_taken":["M","M","?","M","$","R","E","M","T","?","E"],"build_version":"2019-07-17","purchased_purges":1,"victory":false,"max_hp_per_floor":[71,71,71,71,71,71,71,71,71,71,71],"card_choices":[{"not_picked":["Aggregate","Chaos"],"picked":"Coolheaded","floor":1},{"not_picked":["Blizzard","Stack","Coolheaded"],"picked":"SKIP","floor":2},{"not_picked":["Lockon","FTL"],"picked":"Glacier","floor":4},{"not_picked":["Turbo","Coolheaded"],"picked":"Cold Snap","floor":7},{"not_picked":["Auto Shields","Stack","Cold Snap"],"picked":"SKIP","floor":8},{"not_picked":["Leap","Stack"],"picked":"Heatsinks","floor":10}],"player_experience":331403,"relics_obtained":[{"floor":7,"key":"Bird Faced Urn"},{"floor":9,"key":"Torii"},{"floor":10,"key":"Odd Mushroom"}],"event_choices":[{"damage_healed":0,"gold_gain":0,"player_choice":"Entered Light","damage_taken":21,"max_hp_gain":0,"max_hp_loss":0,"event_name":"Shining Light","floor":3,"gold_loss":0,"cards_upgraded":["Zap","Strike_B"]},{"damage_healed":0,"gold_gain":0,"player_choice":"Fought Mushrooms","damage_taken":0,"max_hp_gain":0,"max_hp_loss":0,"event_name":"Mushrooms","floor":10,"gold_loss":0}],"is_beta":false,"boss_relics":[],"items_purged_floors":[5],"is_endless":false,"potions_floor_spawned":[4,7,10],"killed_by":"Gremlin Nob","ascension_level":15}