{"gold_per_floor":[111,186,200,216,226,226,258,27,54,54],"floor_reached":10,"playtime":351,"items_purged":["Strike_R"],"score":71,"play_id":"80110b60-514d-42b3-b6a2-41c72fbfa209","local_time":"20180721202308","is_ascension_mode":true,"campfire_choices":[{"data":"Barricade","floor":6,"key":"SMITH"}],"neow_cost":"TEN_PERCENT_HP_LOSS","seed_source_timestamp":625500881370624,"circlet_count":0,"master_deck":["Strike_R","Strike_R","Strike_R","Strike_R","Defend_R","Defend_R","Defend_R","Defend_R","Bash","Barricade+1","Thunderclap","Armaments","Pommel Strike","Hemokinesis","Seeing Red"],"relics":["Burning Blood","Centennial Puzzle","Juzu Bracelet","Blood Vial"],"potions_floor_usage":[7,7],"damage_taken":[{"damage":4,"enemies":"Jaw Worm","floor":1,"turns":5},{"damage":3,"enemies":"2 Louse","floor":3,"turns":4},{"damage":17,"enemies":"Cultist","floor":4,"turns":6},{"damage":12,"enemies":"2 Fungi Beasts","floor":5,"turns":5},{"damage":31,"enemies":"Gremlin Nob","floor":7,"turns":3},{"damage":24,"enemies":"Lagavulin","floor":10,"turns":5}],"seed_played":"2752569908640032488","potions_obtained":[{"floor":4,"key":"LiquidBronze"},{"floor":5,"key":"Fire Potion"}],"is_trial":false,"path_per_floor":["M","?","M","M","M","R","E","$","T"],"character_chosen":"IRONCLAD","items_purchased":["Juzu Bracelet"],"campfire_rested":0,"item_purchase_floors":[8],"current_hp_per_floor":[72,61,64,53,47,47,22,22,22,0],"gold":54,"neow_bonus":"THREE_RARE_CARDS","is_prod":false,"is_daily":false,"chose_seed":false,"campfire_upgraded":1,"win_rate":0,"timestamp":1532193788,"path_taken":["M","?","M","M","M","R","E","$","T","E"],"build_version":"2018-07-19v2","purchased_purges":1,"victory":false,"max_hp_per_floor":[72,72,72,72,72,72,72,72,72,72],"card_choices":[{"not_picked":["Berserk","Feed"],"picked":"Barricade","floor":0},{"not_picked":["Clothesline","Pommel Strike"],"picked":"Thunderclap","floor":1},{"not_picked":["Power Through","Pommel Strike"],"picked":"Armaments","floor":3},{"not_picked":["Clothesline","Body Slam"],"picked":"Pommel Strike","floor":4},{"not_picked":["Carnage","Exhume"],"picked":"Hemokinesis","floor":5},{"not_picked":["Warcry","Sever Soul"],"picked":"Seeing Red","floor":7}],"player_experience":155940,"relics_obtained":[{"floor":7,"key":"Centennial Puzzle"},{"floor":9,"key":"Blood Vial"}],"event_choices":[{"event_name":"World of Goop","player_choice":"Gather Gold","floor":2,"damage_taken":0}],"is_beta":false,"boss_relics":[],"items_purged_floors":[8],"is_endless":false,"potions_floor_spawned":[4,5],"killed_by":"Lagavulin","ascension_level":1}