{"gold_per_floor":[119,132,132,82,82,82,113,113,113,113,133,168,168,183,183,288,288,300,312,412,432,447,447,463,463,463,463,183,183,202,202,202,306,306,323,334,76,76],"floor_reached":38,"playtime":1261,"items_purged":["Strike_R","Strike_R"],"score":521,"play_id":"1d9470a3-c8d1-48fc-842f-2cb8c0e5f341","local_time":"20190504202946","is_ascension_mode":true,"campfire_choices":[{"data":"Bash","floor":6,"key":"SMITH"},{"floor":8,"key":"REST"},{"data":"Armaments","floor":10,"key":"SMITH"},{"data":"Thunderclap","floor":13,"key":"SMITH"},{"floor":15,"key":"REST"},{"floor":23,"key":"REST"},{"floor":25,"key":"REST"},{"floor":29,"key":"REST"},{"floor":32,"key":"REST"}],"neow_cost":"TEN_PERCENT_HP_LOSS","seed_source_timestamp":877952841954700,"circlet_count":0,"master_deck":["Defend_R","Bash+1","Armaments+1","Cleave","Thunderclap+1","Whirlwind","Bloodletting+1","Demon Form","Flame Barrier+1","Uppercut","Inflame","Ghostly Armor+1","Rage+1","Shrug It Off+1","Exhume+1","Barricade"],"relics":["Burning Blood","Pocketwatch","Ornamental Fan","Omamori","Fusion Hammer","Calipers","Toxic Egg 2","Pear","War Paint","Black Star"],"potions_floor_usage":[12,16,20,20,20,20,20,20,35,38],"damage_taken":[{"damage":1,"enemies":"Cultist","floor":1,"turns":4},{"damage":13,"enemies":"2 Louse","floor":2,"turns":3},{"damage":41,"enemies":"Lagavulin","floor":7,"turns":8},{"damage":0,"enemies":"Small Slimes","floor":11,"turns":2},{"damage":16,"enemies":"Gremlin Nob","floor":12,"turns":3},{"damage":13,"enemies":"Looter","floor":14,"turns":3},{"damage":29,"enemies":"Hexaghost","floor":16,"turns":8},{"damage":3,"enemies":"3 Byrds","floor":18,"turns":3},{"damage":34,"enemies":"Spheric Guardian","floor":19,"turns":6},{"damage":7,"enemies":"Colosseum Slavers","floor":20,"turns":3},{"damage":27,"enemies":"Colosseum Nobs","floor":20,"turns":5},{"damage":9,"enemies":"Centurion and Healer","floor":21,"turns":5},{"damage":3,"enemies":"3 Cultists","floor":22,"turns":3},{"damage":5,"enemies":"Snecko","floor":24,"turns":6},{"damage":21,"enemies":"Cultist and Chosen","floor":30,"turns":6},{"damage":12,"enemies":"Champ","floor":33,"turns":9},{"damage":48,"enemies":"3 Darklings","floor":35,"turns":5},{"damage":7,"enemies":"Orb Walker","floor":36,"turns":4},{"damage":44,"enemies":"Jaw Worm Horde","floor":38,"turns":2}],"seed_played":"1519596746408309517","potions_obtained":[{"floor":7,"key":"Fire Potion"},{"floor":12,"key":"Poison Potion"},{"floor":14,"key":"LiquidBronze"},{"floor":18,"key":"Poison Potion"},{"floor":19,"key":"EntropicBrew"},{"floor":24,"key":"Poison Potion"},{"floor":33,"key":"FearPotion"},{"floor":35,"key":"Swift Potion"}],"is_trial":false,"path_per_floor":["M","M","?","?","?","R","E","R","T","R","M","E","R","M","R","B",null,"M","M","?","M","M","R","M","R","T","?","$","R","M","?","R","B",null,"M","M","$","M"],"character_chosen":"IRONCLAD","items_purchased":["War Paint","Shrug It Off+1","Barricade"],"campfire_rested":6,"item_purchase_floors":[28,28,37],"current_hp_per_floor":[72,65,58,58,58,58,23,44,44,44,50,40,40,33,54,31,72,72,44,22,19,22,43,44,65,75,59,59,82,67,67,82,76,82,40,39,39,0],"gold":76,"neow_bonus":"REMOVE_TWO","is_prod":false,"is_daily":false,"chose_seed":false,"campfire_upgraded":3,"win_rate":0,"timestamp":1556990986,"path_taken":["M","?","?","?","?","R","E","R","T","R","M","E","R","M","R","BOSS","M","M","?","M","M","R","M","R","T","?","$","R","?","?","R","BOSS","M","?","$","M"],"build_version":"2019-01-23","purchased_purges":2,"victory":false,"max_hp_per_floor":[72,72,72,72,72,72,72,72,72,72,72,72,72,72,72,72,72,72,72,72,72,72,72,72,72,82,82,82,82,82,82,82,82,82,82,82,82,82],"card_choices":[{"not_picked":["Warcry","Wild Strike"],"picked":"Armaments","floor":1},{"not_picked":["Feel No Pain","Warcry","Havoc"],"picked":"SKIP","floor":2},{"not_picked":["Seeing Red","Metallicize"],"picked":"Cleave","floor":7},{"not_picked":["Shrug It Off","Rampage"],"picked":"Thunderclap","floor":11},{"not_picked":["Thunderclap","Heavy Blade"],"picked":"Whirlwind","floor":12},{"not_picked":["Carnage","Dual Wield"],"picked":"Bloodletting","floor":14},{"not_picked":["Berserk","Feed"],"picked":"Demon Form","floor":16},{"not_picked":["Thunderclap","Wild Strike"],"picked":"Flame Barrier","floor":18},{"not_picked":["Cleave","Sentinel"],"picked":"Uppercut","floor":19},{"not_picked":["Clash+1","Burning Pact"],"picked":"Inflame","floor":20},{"not_picked":["Wild Strike","Corruption","Ghostly Armor+1"],"picked":"SKIP","floor":21},{"not_picked":["Wild Strike","Corruption"],"picked":"Ghostly Armor+1","floor":21},{"not_picked":["Corruption+1","Heavy Blade+1","Clothesline"],"picked":"SKIP","floor":22},{"not_picked":["Iron Wave","Flame Barrier+1"],"picked":"Rage+1","floor":24},{"not_picked":["Iron Wave+1","Headbutt","Burning Pact+1"],"picked":"SKIP","floor":30},{"not_picked":["Feed","Immolate"],"picked":"Exhume+1","floor":33},{"not_picked":["Second Wind+1","True Grit+1","Havoc+1"],"picked":"SKIP","floor":35},{"not_picked":["Shrug It Off+1","Burning Pact+1","Second Wind+1"],"picked":"SKIP","floor":36}],"player_experience":343734,"relics_obtained":[{"floor":7,"key":"Pocketwatch"},{"floor":9,"key":"Ornamental Fan"},{"floor":12,"key":"Omamori"},{"floor":20,"key":"Calipers"},{"floor":20,"key":"Toxic Egg 2"},{"floor":26,"key":"Pear"}],"event_choices":[{"cards_removed":["Defend_R"],"damage_healed":0,"gold_gain":0,"player_choice":"Card Removal","damage_taken":7,"max_hp_gain":0,"max_hp_loss":0,"event_name":"Golden Wing","floor":3,"gold_loss":0},{"cards_removed":["Defend_R"],"damage_healed":0,"gold_gain":0,"player_choice":"Card Removal","damage_taken":0,"max_hp_gain":0,"max_hp_loss":0,"event_name":"The Cleric","floor":4,"gold_loss":50},{"cards_removed":["Strike_R"],"damage_healed":0,"gold_gain":0,"player_choice":"Forget","damage_taken":0,"max_hp_gain":0,"max_hp_loss":0,"event_name":"Living Wall","floor":5,"gold_loss":0},{"damage_healed":0,"gold_gain":0,"player_choice":"Fight","damage_taken":0,"max_hp_gain":0,"max_hp_loss":0,"event_name":"Colosseum","floor":20,"gold_loss":0},{"damage_healed":0,"gold_gain":0,"player_choice":"Fought Nobs","damage_taken":0,"max_hp_gain":0,"max_hp_loss":0,"event_name":"Colosseum","floor":20,"gold_loss":0},{"damage_healed":0,"gold_gain":0,"player_choice":"Obtained Book","damage_taken":16,"max_hp_gain":0,"max_hp_loss":0,"event_name":"Cursed Tome","floor":27,"gold_loss":0},{"cards_removed":["Defend_R"],"damage_healed":0,"gold_gain":0,"player_choice":"Card Removal","damage_taken":0,"max_hp_gain":0,"max_hp_loss":0,"event_name":"Wheel of Change","floor":31,"gold_loss":0}],"is_beta":false,"boss_relics":[{"not_picked":["Runic Pyramid","Orrery"],"picked":"Fusion Hammer"},{"not_picked":["Runic Cube","Cursed Key"],"picked":"Black Star"}],"items_purged_floors":[28,37],"is_endless":false,"potions_floor_spawned":[7,12,14,18,19,24,33,35],"killed_by":"Jaw Worm Horde","ascension_level":4}