{"gold_per_floor":[119,44,119,73,86,33,62,62,85,85,105,118,118,129,129,234,234,246,158,169,169],"floor_reached":21,"playtime":518,"items_purged":["Bash"],"score":179,"play_id":"20f4960c-9213-47a0-b5ee-eabdd4bb3929","local_time":"20180720213332","is_ascension_mode":false,"campfire_choices":[{"floor":8,"key":"REST"},{"data":"Flex","floor":10,"key":"SMITH"},{"data":"Heavy Blade","floor":15,"key":"SMITH"}],"neow_cost":"NONE","seed_source_timestamp":543157401865727,"circlet_count":0,"master_deck":["Strike_R","Strike_R","Strike_R","Strike_R","Strike_R","Defend_R","Defend_R","Defend_R","Shrug It Off","Perfected Strike","Flex+1","Thunderclap","Metallicize","Heavy Blade+1","Exhume","Sentinel","Inflame","True Grit","Burning Pact"],"relics":["Busted Crown","Happy Flower","Strawberry","Philosopher\u0027s Stone"],"potions_floor_usage":[14,16,16,16],"damage_taken":[{"damage":4,"enemies":"Small Slimes","floor":1,"turns":4},{"damage":5,"enemies":"Jaw Worm","floor":5,"turns":3},{"damage":28,"enemies":"Gremlin Nob","floor":7,"turns":5},{"damage":6,"enemies":"Cultist","floor":11,"turns":3},{"damage":13,"enemies":"Red Slaver","floor":12,"turns":2},{"damage":1,"enemies":"Gremlin Gang","floor":14,"turns":4},{"damage":20,"enemies":"Hexaghost","floor":16,"turns":9},{"damage":18,"enemies":"Shell Parasite","floor":18,"turns":5},{"damage":65,"enemies":"3 Byrds","floor":20,"turns":7},{"damage":17,"enemies":"Snecko","floor":21,"turns":2}],"seed_played":"-1511034229605613247","potions_obtained":[{"floor":1,"key":"Dexterity Potion"},{"floor":7,"key":"EssenceOfSteel"},{"floor":11,"key":"Energy Potion"},{"floor":14,"key":"AttackPotion"}],"is_trial":false,"path_per_floor":["M","$","?","$","M","$","E","R","T","R","M","M","?","M","R","B",null,"M","$","M"],"character_chosen":"IRONCLAD","items_purchased":["Shrug It Off","Flex","Inflame","True Grit"],"campfire_rested":1,"item_purchase_floors":[4,6,19,19],"current_hp_per_floor":[76,76,65,65,60,60,32,56,63,63,57,44,44,43,43,23,87,69,69,4,0],"gold":169,"neow_bonus":"BOSS_RELIC","is_prod":false,"is_daily":false,"chose_seed":false,"campfire_upgraded":2,"win_rate":0.0,"timestamp":1532111612,"path_taken":["M","$","?","$","M","?","E","R","T","R","?","?","?","M","R","BOSS","M","$","M","M"],"build_version":"2018-07-19v2","purchased_purges":1,"victory":false,"max_hp_per_floor":[80,80,80,80,80,80,80,80,87,87,87,87,87,87,87,87,87,87,87,87,87],"card_choices":[{"not_picked":["Entrench"],"picked":"SKIP","floor":1},{"not_picked":[],"picked":"Perfected Strike","floor":5},{"not_picked":[],"picked":"Thunderclap","floor":7},{"not_picked":["Havoc"],"picked":"SKIP","floor":11},{"not_picked":["Shockwave"],"picked":"SKIP","floor":12},{"not_picked":[],"picked":"Heavy Blade","floor":14},{"not_picked":[],"picked":"Exhume","floor":16},{"not_picked":[],"picked":"Sentinel","floor":18},{"not_picked":[],"picked":"Burning Pact","floor":20}],"player_experience":122228,"relics_obtained":[{"floor":7,"key":"Happy Flower"},{"floor":9,"key":"Strawberry"}],"event_choices":[{"event_name":"World of Goop","player_choice":"Gather Gold","floor":3,"damage_taken":0},{"event_name":"Living Wall","player_choice":"Change","floor":13,"damage_taken":0}],"is_beta":false,"boss_relics":[{"not_picked":["Coffee Dripper","Lizard Tail"],"picked":"Philosopher\u0027s Stone"}],"items_purged_floors":[2],"is_endless":false,"potions_floor_spawned":[1,7,11,14],"killed_by":"Snecko","ascension_level":0}