{"gold_per_floor":[17,17,92,105,120,120,48,87,87,125,125,146,166,201,201,329,329,350,371,67,85,85,128,154,166,178,228,260,272,284,342,354,492,504,536,567,160,179,204,240,240,240,240,276,301,301,325,53,53,53,53,53,14,49,49],"floor_reached":56,"playtime":7935,"items_purged":["Strike_R","Strike_R","Decay"],"score":1292,"play_id":"7d06883e-6169-47ba-96f9-9ff41c20f3b7","local_time":"20190911223244","is_ascension_mode":false,"campfire_choices":[{"data":"Spot Weakness","floor":11,"key":"SMITH"},{"data":"Metallicize","floor":15,"key":"SMITH"},{"data":"Barricade","floor":25,"key":"SMITH"},{"data":"Disarm","floor":29,"key":"SMITH"},{"floor":32,"key":"REST"},{"data":"Dual Wield","floor":41,"key":"SMITH"},{"floor":46,"key":"RECALL"},{"data":"Whirlwind","floor":49,"key":"SMITH"},{"data":"Flame Barrier","floor":52,"key":"SMITH"}],"neow_cost":"NO_GOLD","seed_source_timestamp":292589261083800,"circlet_count":0,"master_deck":["Strike_R","Defend_R","Defend_R+1","Defend_R+1","Defend_R","Bash","Spot Weakness+1","Sword Boomerang","Shockwave","Whirlwind+1","Barricade+1","Disarm+1","Metallicize+1","Dual Wield+1","Reaper+1","Shrug It Off","Headbutt+1","Entrench+1","Shrug It Off+1","Flame Barrier+1","Necronomicurse","Impervious","Battle Trance","Feel No Pain+1","Battle Trance","Armaments+1","Berserk+1","Sword Boomerang+1","True Grit+1","Spot Weakness","Offering"],"relics":["Burning Blood","Golden Idol","The Courier","PreservedInsect","Mummified Hand","War Paint","Black Star","Letter Opener","Juzu Bracelet","MawBank","Meat on the Bone","Frozen Egg 2","Whetstone","Necronomicon","Oddly Smooth Stone","Cursed Key","Chemical X","TungstenRod","Lizard Tail","Potion Belt","Singing Bowl","Sundial","Anchor","Gremlin Horn","Art of War"],"potions_floor_usage":[8,12,13,16,27,39,40,54,55,55,55,55],"damage_taken":[{"damage":2,"enemies":"Small Slimes","floor":1,"turns":5},{"damage":13,"enemies":"Jaw Worm","floor":4,"turns":6},{"damage":1,"enemies":"Cultist","floor":5,"turns":3},{"damage":18,"enemies":"Gremlin Nob","floor":8,"turns":4},{"damage":18,"enemies":"3 Sentries","floor":10,"turns":3},{"damage":3,"enemies":"Exordium Thugs","floor":12,"turns":4},{"damage":2,"enemies":"Large Slime","floor":13,"turns":5},{"damage":6,"enemies":"Lagavulin","floor":14,"turns":8},{"damage":14,"enemies":"Hexaghost","floor":16,"turns":11},{"damage":16,"enemies":"Spheric Guardian","floor":18,"turns":10},{"damage":0,"enemies":"3 Byrds","floor":19,"turns":7},{"damage":16,"enemies":"Centurion and Healer","floor":21,"turns":6},{"damage":28,"enemies":"Book of Stabbing","floor":23,"turns":8},{"damage":35,"enemies":"Cultist and Chosen","floor":24,"turns":10},{"damage":33,"enemies":"Gremlin Leader","floor":27,"turns":7},{"damage":19,"enemies":"Snake Plant","floor":28,"turns":6},{"damage":26,"enemies":"Collector","floor":33,"turns":16},{"damage":33,"enemies":"3 Darklings","floor":35,"turns":6},{"damage":1,"enemies":"Orb Walker","floor":36,"turns":3},{"damage":0,"enemies":"Sphere and 2 Shapes","floor":38,"turns":5},{"damage":6,"enemies":"Maw","floor":39,"turns":9},{"damage":3,"enemies":"Giant Head","floor":40,"turns":9},{"damage":0,"enemies":"Nemesis","floor":44,"turns":5},{"damage":3,"enemies":"Writhing Mass","floor":45,"turns":8},{"damage":6,"enemies":"3 Darklings","floor":47,"turns":2},{"damage":10,"enemies":"Awakened One","floor":50,"turns":11},{"damage":10,"enemies":"Shield and Spear","floor":54,"turns":6},{"damage":50,"enemies":"The Heart","floor":55,"turns":6}],"seed_played":"2118543521684534443","potions_obtained":[{"floor":1,"key":"Energy Potion"},{"floor":4,"key":"Energy Potion"},{"floor":10,"key":"Block Potion"},{"floor":12,"key":"Poison Potion"},{"floor":18,"key":"Fruit Juice"},{"floor":23,"key":"BloodPotion"},{"floor":28,"key":"Regen Potion"},{"floor":33,"key":"PowerPotion"},{"floor":39,"key":"PowerPotion"},{"floor":40,"key":"Fire Potion"},{"floor":47,"key":"AttackPotion"},{"floor":54,"key":"Strength Potion"}],"is_trial":false,"path_per_floor":["M","?","?","M","M","?","$","E","T","E","R","M","M","E","R","B",null,"M","M","$","M","?","E","M","R","T","E","M","R","?","T","R","B",null,"M","M","$","M","M","E","R","T","T","E","M","R","M","$","R","B",null,"R","$","E","B",null],"character_chosen":"IRONCLAD","items_purchased":["Whirlwind","Letter Opener","Headbutt","Chemical X","Feel No Pain+1","Battle Trance","TungstenRod","Spot Weakness","Anchor","Strength Potion"],"campfire_rested":1,"item_purchase_floors":[7,20,20,37,37,37,37,48,48,53],"current_hp_per_floor":[80,60,49,42,47,73,73,61,61,49,49,52,56,56,56,48,80,78,80,80,77,77,63,43,43,43,48,57,57,41,41,65,80,80,80,80,80,80,85,85,85,85,85,85,85,85,87,87,87,87,87,87,87,83,79],"gold":49,"neow_bonus":"REMOVE_TWO","is_prod":false,"is_daily":false,"chose_seed":false,"campfire_upgraded":7,"win_rate":0,"timestamp":1568237564,"path_taken":["M","?","?","M","M","?","?","E","T","E","R","M","M","E","R","BOSS","M","M","$","M","?","E","M","R","T","E","M","R","?","?","R","BOSS","M","M","$","M","M","E","R","?","T","E","M","R","M","?","R","BOSS","R","$","E","BOSS"],"build_version":"2019-09-10","purchased_purges":3,"victory":true,"max_hp_per_floor":[80,80,80,80,80,80,80,80,80,80,80,80,80,80,80,80,80,80,80,80,80,80,80,80,80,80,80,80,80,80,80,80,80,80,80,80,80,80,85,85,85,85,85,85,85,85,87,87,87,87,87,87,87,87,87],"card_choices":[{"not_picked":["Clothesline","Dual Wield"],"picked":"Spot Weakness","floor":1},{"not_picked":["Feel No Pain","Carnage"],"picked":"Sword Boomerang","floor":4},{"not_picked":["Pummel","Searing Blow"],"picked":"Shockwave","floor":5},{"not_picked":["Burning Pact","Spot Weakness","Perfected Strike"],"picked":"SKIP","floor":8},{"not_picked":["Havoc","Clothesline"],"picked":"Barricade","floor":10},{"not_picked":["Blood for Blood","Body Slam"],"picked":"Disarm","floor":12},{"not_picked":["Blood for Blood","Battle Trance"],"picked":"Metallicize","floor":13},{"not_picked":["Combust","Clash"],"picked":"Dual Wield","floor":14},{"not_picked":["Feed","Brutality"],"picked":"Reaper","floor":16},{"not_picked":["Clothesline","Pommel Strike","Sword Boomerang"],"picked":"SKIP","floor":18},{"not_picked":["Iron Wave","Body Slam"],"picked":"Shrug It Off","floor":19},{"not_picked":["Armaments+1","Body Slam","Rampage"],"picked":"SKIP","floor":21},{"not_picked":["Spot Weakness+1","Searing Blow+1"],"picked":"Entrench+1","floor":23},{"not_picked":["Armaments+1","Clothesline"],"picked":"Shrug It Off+1","floor":24},{"not_picked":["Iron Wave","Rampage"],"picked":"Flame Barrier","floor":27},{"not_picked":["Dark Embrace+1","Clothesline+1","Heavy Blade"],"picked":"SKIP","floor":28},{"not_picked":["Exhume","Dark Embrace+1"],"picked":"Impervious","floor":33},{"not_picked":["Headbutt","Fire Breathing+1"],"picked":"Battle Trance","floor":35},{"not_picked":["Burning Pact","Twin Strike","Sever Soul"],"picked":"SKIP","floor":36},{"not_picked":["Burning Pact","Flex+1"],"picked":"Armaments+1","floor":38},{"not_picked":["Cleave","Headbutt","Sword Boomerang+1"],"picked":"SKIP","floor":39},{"not_picked":["Flex+1","Fire Breathing+1"],"picked":"Berserk+1","floor":40},{"not_picked":["Battle Trance","Wild Strike+1"],"picked":"Sword Boomerang+1","floor":44},{"not_picked":["Feel No Pain+1","Intimidate"],"picked":"True Grit+1","floor":45},{"not_picked":["Whirlwind","Clothesline","Pommel Strike"],"picked":"Singing Bowl","floor":47},{"not_picked":["Clothesline+1","Havoc+1"],"picked":"Offering","floor":54}],"player_experience":1445037,"relics_obtained":[{"floor":8,"key":"The Courier"},{"floor":9,"key":"PreservedInsect"},{"floor":10,"key":"Mummified Hand"},{"floor":14,"key":"War Paint"},{"floor":23,"key":"Juzu Bracelet"},{"floor":23,"key":"MawBank"},{"floor":26,"key":"Meat on the Bone"},{"floor":27,"key":"Frozen Egg 2"},{"floor":27,"key":"Whetstone"},{"floor":30,"key":"Necronomicon"},{"floor":31,"key":"Oddly Smooth Stone"},{"floor":40,"key":"Lizard Tail"},{"floor":40,"key":"Potion Belt"},{"floor":44,"key":"Singing Bowl"},{"floor":44,"key":"Sundial"},{"floor":54,"key":"Gremlin Horn"},{"floor":54,"key":"Art of War"}],"event_choices":[{"damage_healed":0,"gold_gain":0,"player_choice":"Take Damage","damage_taken":20,"relics_obtained":["Golden Idol"],"max_hp_gain":0,"max_hp_loss":0,"event_name":"Golden Idol","floor":2,"gold_loss":0},{"damage_healed":0,"gold_gain":75,"player_choice":"Gather Gold","damage_taken":11,"max_hp_gain":0,"max_hp_loss":0,"event_name":"World of Goop","floor":3,"gold_loss":0},{"damage_healed":26,"gold_gain":0,"player_choice":"Banana","damage_taken":0,"max_hp_gain":0,"max_hp_loss":0,"event_name":"Big Fish","floor":6,"gold_loss":0},{"damage_healed":0,"gold_gain":0,"player_choice":"Ignored","damage_taken":0,"max_hp_gain":0,"max_hp_loss":0,"event_name":"The Mausoleum","floor":22,"gold_loss":0},{"damage_healed":0,"gold_gain":0,"player_choice":"Obtained Book","damage_taken":16,"max_hp_gain":0,"max_hp_loss":0,"event_name":"Cursed Tome","floor":30,"gold_loss":0}],"is_beta":true,"boss_relics":[{"not_picked":["Runic Dome","Pandora\u0027s Box"],"picked":"Black Star"},{"not_picked":["Mark of Pain","Empty Cage"],"picked":"Cursed Key"}],"items_purged_floors":[20,37,48],"is_endless":false,"potions_floor_spawned":[1,4,10,12,18,23,28,33,36,39,40,47,54],"ascension_level":0}