{"gold_per_floor":[16,16,16,16,16,16,36,57,108,108,33,66,66,89,89,219,219,233,248,248,173,219,219,255,255,255,291,341,364,364,388,388,388],"floor_reached":33,"playtime":1153,"items_purged":["Regret"],"score":323,"play_id":"3190a766-6646-4c43-a610-a11298141195","local_time":"20190419142743","is_ascension_mode":true,"campfire_choices":[{"data":"Uppercut","floor":6,"key":"SMITH"},{"data":"Armaments","floor":15,"key":"SMITH"},{"data":"Offering","floor":23,"key":"SMITH"},{"data":"Flame Barrier","floor":25,"key":"SMITH"},{"data":"Second Wind","floor":32,"key":"SMITH"}],"neow_cost":"NO_GOLD","seed_source_timestamp":2318569678035200,"circlet_count":0,"master_deck":["Defend_R","Defend_R","Defend_R","Bash+1","Uppercut+1","Clothesline","Spot Weakness","Armaments+1","Offering+1","Anger+1","Sentinel+1","Anger+1","Flame Barrier+1","Thunderclap","Seeing Red","Second Wind+1"],"relics":["Burning Blood","Golden Idol","StoneCalendar","Anchor","Strawberry","Juzu Bracelet","Astrolabe","Nilry\u0027s Codex","Lantern","Nunchaku","Oddly Smooth Stone","Ancient Tea Set"],"potions_floor_usage":[12,19,24,24,33,33],"damage_taken":[{"damage":6,"enemies":"2 Louse","floor":1,"turns":4},{"damage":3,"enemies":"Jaw Worm","floor":7,"turns":3},{"damage":11,"enemies":"Small Slimes","floor":8,"turns":3},{"damage":40,"enemies":"Lagavulin","floor":12,"turns":6},{"damage":10,"enemies":"Gremlin Gang","floor":14,"turns":5},{"damage":19,"enemies":"Slime Boss","floor":16,"turns":11},{"damage":12,"enemies":"2 Thieves","floor":18,"turns":4},{"damage":7,"enemies":"Shell Parasite","floor":19,"turns":3},{"damage":30,"enemies":"Gremlin Leader","floor":24,"turns":7},{"damage":8,"enemies":"Slavers","floor":27,"turns":4},{"damage":6,"enemies":"Snake Plant","floor":29,"turns":4},{"damage":6,"enemies":"Snecko","floor":31,"turns":3},{"damage":53,"enemies":"Champ","floor":33,"turns":9}],"seed_played":"7919158858463602149","potions_obtained":[{"floor":7,"key":"BloodPotion"},{"floor":14,"key":"Swift Potion"},{"floor":16,"key":"Weak Potion"},{"floor":18,"key":"AttackPotion"},{"floor":27,"key":"EssenceOfSteel"},{"floor":31,"key":"Explosive Potion"}],"is_trial":false,"path_per_floor":["M","$","?","?","?","R","M","M","T","?","$","E","?","M","R","B",null,"M","M","?","?","T","R","E","R","T","E","?","M","?","M","R","B"],"character_chosen":"IRONCLAD","items_purchased":[],"campfire_rested":0,"item_purchase_floors":[],"current_hp_per_floor":[80,80,60,57,57,57,60,55,62,62,62,36,36,32,32,19,87,81,80,64,64,64,64,40,40,40,38,38,38,38,38,38,0],"gold":388,"neow_bonus":"REMOVE_TWO","is_prod":false,"is_daily":false,"chose_seed":false,"campfire_upgraded":5,"win_rate":0,"timestamp":1555673263,"path_taken":["M","$","?","?","?","R","M","M","T","?","$","E","?","M","R","BOSS","M","M","?","?","?","R","E","R","T","E","?","M","?","M","R","BOSS"],"build_version":"2019-01-23","purchased_purges":1,"victory":false,"max_hp_per_floor":[80,80,80,80,80,80,80,80,87,87,87,87,87,87,87,87,87,87,87,87,87,87,87,87,87,87,87,87,87,87,87,87,87],"card_choices":[{"not_picked":["Armaments","Hemokinesis"],"picked":"Uppercut","floor":1},{"not_picked":["Havoc","Anger"],"picked":"Flex","floor":7},{"not_picked":["Wild Strike","Limit Break"],"picked":"Clothesline","floor":8},{"not_picked":["Fire Breathing","Disarm"],"picked":"Spot Weakness","floor":12},{"not_picked":["Pommel Strike","Twin Strike"],"picked":"Armaments","floor":14},{"not_picked":["Brutality","Feed"],"picked":"Offering","floor":16},{"not_picked":["Clash","Body Slam+1"],"picked":"Flame Barrier","floor":18},{"not_picked":["Perfected Strike","Clothesline"],"picked":"Thunderclap","floor":19},{"not_picked":["Sword Boomerang","Cleave"],"picked":"Warcry","floor":24},{"not_picked":["Sword Boomerang","Flame Barrier+1"],"picked":"Seeing Red","floor":27},{"not_picked":["Headbutt","Flex","Body Slam"],"picked":"SKIP","floor":29},{"not_picked":["Evolve","Thunderclap"],"picked":"Second Wind","floor":31}],"player_experience":326031,"relics_obtained":[{"floor":9,"key":"Strawberry"},{"floor":12,"key":"Juzu Bracelet"},{"floor":20,"key":"Nilry\u0027s Codex"},{"floor":22,"key":"Lantern"},{"floor":24,"key":"Nunchaku"},{"floor":26,"key":"Oddly Smooth Stone"},{"floor":27,"key":"Ancient Tea Set"}],"event_choices":[{"damage_healed":0,"gold_gain":0,"player_choice":"Take Damage","damage_taken":20,"relics_obtained":["Golden Idol"],"max_hp_gain":0,"max_hp_loss":0,"event_name":"Golden Idol","floor":3,"gold_loss":0},{"damage_healed":0,"gold_gain":0,"player_choice":"Success","damage_taken":3,"relics_obtained":["StoneCalendar"],"max_hp_gain":0,"max_hp_loss":0,"event_name":"Scrap Ooze","floor":4,"gold_loss":0},{"damage_healed":0,"gold_gain":0,"player_choice":"Box","damage_taken":0,"relics_obtained":["Anchor"],"max_hp_gain":0,"max_hp_loss":0,"event_name":"Big Fish","floor":5,"gold_loss":0,"cards_obtained":["Regret"]},{"damage_healed":0,"gold_gain":0,"player_choice":"Upgraded","damage_taken":0,"max_hp_gain":0,"max_hp_loss":0,"event_name":"Upgrade Shrine","floor":10,"gold_loss":0,"cards_upgraded":["Bash"]},{"cards_removed":["Strike_R"],"damage_healed":0,"gold_gain":0,"player_choice":"Forget","damage_taken":0,"max_hp_gain":0,"max_hp_loss":0,"event_name":"Living Wall","floor":13,"gold_loss":0},{"damage_healed":0,"gold_gain":0,"player_choice":"Obtained Book","damage_taken":16,"max_hp_gain":0,"max_hp_loss":0,"event_name":"Cursed Tome","floor":20,"gold_loss":0},{"cards_removed":["Flex"],"damage_healed":0,"gold_gain":0,"player_choice":"Gave Gold","damage_taken":0,"max_hp_gain":0,"max_hp_loss":0,"event_name":"Beggar","floor":21,"gold_loss":75},{"damage_healed":0,"gold_gain":100,"player_choice":"Bet on Murderer","damage_taken":0,"max_hp_gain":0,"max_hp_loss":0,"event_name":"The Joust","floor":28,"gold_loss":50},{"cards_removed":["Warcry"],"damage_healed":0,"gold_gain":0,"player_choice":"Card Removal","damage_taken":0,"max_hp_gain":0,"max_hp_loss":0,"event_name":"Wheel of Change","floor":30,"gold_loss":0}],"is_beta":false,"boss_relics":[{"not_picked":["Philosopher\u0027s Stone","Orrery"],"picked":"Astrolabe"}],"items_purged_floors":[11],"is_endless":false,"potions_floor_spawned":[7,14,16,18,27,31],"killed_by":"Champ","ascension_level":3}