{"gold_per_floor":[114,126,126,126,126,147,191,191,191,235,249,239,239,20,20,149,149,164,185,185,39,64,97,97,131,131,131,80,105,128,142,142,262,262,278,1277,578,592,34,34,78,78,146,182,182,203,242,267,267,267,267,267,114,155,155],"floor_reached":56,"playtime":3600,"items_purged":["Accuracy","Eviscerate","Sucker Punch"],"score":1537,"play_id":"07e45516-b472-4db8-a0c5-f4489f284913","local_time":"20190815205007","is_ascension_mode":true,"campfire_choices":[{"data":"Footwork","floor":13,"key":"SMITH"},{"data":"Caltrops","floor":15,"key":"SMITH"},{"data":"Well Laid Plans","floor":24,"key":"SMITH"},{"data":"1","floor":27,"key":"LIFT"},{"data":"2","floor":32,"key":"LIFT"},{"data":"3","floor":40,"key":"LIFT"},{"floor":45,"key":"REST"},{"floor":49,"key":"RECALL"},{"floor":52,"key":"REST"}],"neow_cost":"NONE","seed_source_timestamp":39707893825800,"circlet_count":0,"master_deck":["Survivor","Neutralize+1","Quick Slash","Caltrops+1","Flying Knee","Footwork+1","Cloak And Dagger","Backflip","Dagger Spray","Footwork","Good Instincts","Doppelganger","Calculated Gamble","Flying Knee","Blur","Wraith Form v2","Blade Dance","Poisoned Stab","Calculated Gamble+1","Well Laid Plans+1","Escape Plan","Outmaneuver+1","Deflect","Deflect","Flechettes","After Image","Flechettes+1","Noxious Fumes","Riddle With Holes","Backflip","Acrobatics","Escape Plan","Dodge and Roll+1"],"relics":["Ring of the Snake","Golden Idol","Pantograph","Bottled Flame","Sundial","Omamori","Pandora\u0027s Box","Ninja Scroll","Pear","Girya","Fusion Hammer","ClockworkSouvenir","Happy Flower","Singing Bowl","Letter Opener","Blood Vial","Bag of Marbles","Incense Burner","Darkstone Periapt","Bronze Scales","Mercury Hourglass"],"potions_floor_usage":[10,16,23,23,29,30,41,55,55,55],"damage_taken":[{"damage":5,"enemies":"Jaw Worm","floor":1,"turns":6},{"damage":0,"enemies":"2 Louse","floor":2,"turns":3},{"damage":0,"enemies":"Cultist","floor":6,"turns":3},{"damage":32,"enemies":"3 Sentries","floor":7,"turns":10},{"damage":15,"enemies":"Lagavulin","floor":10,"turns":8},{"damage":0,"enemies":"2 Fungi Beasts","floor":11,"turns":4},{"damage":4,"enemies":"Exordium Thugs","floor":12,"turns":6},{"damage":0,"enemies":"The Guardian","floor":16,"turns":11},{"damage":1,"enemies":"Spheric Guardian","floor":18,"turns":6},{"damage":1,"enemies":"3 Byrds","floor":19,"turns":1},{"damage":10,"enemies":"Snecko","floor":22,"turns":5},{"damage":20,"enemies":"Gremlin Leader","floor":23,"turns":7},{"damage":9,"enemies":"Book of Stabbing","floor":25,"turns":7},{"damage":12,"enemies":"Chosen and Byrds","floor":29,"turns":7},{"damage":0,"enemies":"Centurion and Healer","floor":30,"turns":6},{"damage":21,"enemies":"Snake Plant","floor":31,"turns":5},{"damage":15,"enemies":"Automaton","floor":33,"turns":10},{"damage":0,"enemies":"Orb Walker","floor":35,"turns":4},{"damage":18,"enemies":"3 Darklings","floor":38,"turns":5},{"damage":4,"enemies":"Nemesis","floor":41,"turns":5},{"damage":35,"enemies":"Giant Head","floor":44,"turns":8},{"damage":0,"enemies":"Spire Growth","floor":46,"turns":5},{"damage":12,"enemies":"Reptomancer","floor":47,"turns":5},{"damage":0,"enemies":"Maw","floor":48,"turns":6},{"damage":7,"enemies":"Donu and Deca","floor":50,"turns":9},{"damage":12,"enemies":"Shield and Spear","floor":54,"turns":5},{"damage":17,"enemies":"The Heart","floor":55,"turns":10}],"seed_played":"-8666144664947792554","potions_obtained":[{"floor":6,"key":"GamblersBrew"},{"floor":12,"key":"Fire Potion"},{"floor":19,"key":"Explosive Potion"},{"floor":20,"key":"GhostInAJar"},{"floor":23,"key":"Block Potion"},{"floor":30,"key":"Fruit Juice"},{"floor":33,"key":"GhostInAJar"},{"floor":38,"key":"Fire Potion"},{"floor":44,"key":"Poison Potion"}],"is_trial":false,"path_per_floor":["M","M","?","?","?","M","E","T","T","E","M","M","R","$","R","B",null,"M","M","?","$","M","E","R","E","T","R","$","M","M","M","R","B",null,"M","?","$","M","$","R","E","?","T","E","R","M","E","M","R","B",null,"R","$","E","B",null],"character_chosen":"THE_SILENT","items_purchased":["Footwork","Good Instincts","Strength Potion","Well Laid Plans","Deflect","ClockworkSouvenir","Happy Flower","Singing Bowl","Letter Opener","Blood Vial","Riddle With Holes","Bronze Scales"],"campfire_rested":2,"item_purchase_floors":[14,14,14,21,28,37,37,37,39,39,39,53],"current_hp_per_floor":[65,65,65,70,70,70,38,38,38,23,23,19,19,19,19,44,70,69,68,68,68,58,38,38,39,39,39,39,27,32,11,11,21,85,85,85,85,67,67,67,67,67,67,34,60,62,54,56,56,76,89,89,89,77,72],"gold":155,"neow_bonus":"REMOVE_CARD","is_prod":false,"is_daily":false,"chose_seed":false,"campfire_upgraded":3,"win_rate":0,"timestamp":1565898607,"path_taken":["M","M","?","?","?","M","E","?","T","E","M","?","R","$","R","BOSS","M","M","?","$","M","E","R","E","T","R","?","M","?","?","R","BOSS","M","?","$","M","$","R","E","?","T","E","R","M","E","M","R","BOSS","R","$","E","BOSS"],"build_version":"2019-07-17","purchased_purges":3,"victory":true,"max_hp_per_floor":[70,70,65,70,70,70,70,70,70,70,70,70,70,70,70,70,70,70,70,70,70,70,70,70,80,80,80,80,80,85,85,85,85,85,85,85,85,85,85,85,87,87,87,87,87,87,89,89,89,89,89,89,89,89,89],"card_choices":[{"not_picked":["Bane","Riddle With Holes"],"picked":"Quick Slash","floor":1},{"not_picked":["Underhanded Strike","Blade Dance"],"picked":"Caltrops","floor":2},{"not_picked":["Setup","Slice"],"picked":"Flying Knee","floor":6},{"not_picked":["Quick Slash","Accuracy"],"picked":"Footwork","floor":7},{"not_picked":["Sucker Punch","Dagger Throw"],"picked":"Cloak And Dagger","floor":10},{"not_picked":["Deadly Poison","Reflex"],"picked":"Backflip","floor":11},{"not_picked":["Outmaneuver","Bullet Time"],"picked":"Dagger Spray","floor":12},{"not_picked":["Venomology","Phantasmal Killer"],"picked":"Doppelganger","floor":16},{"not_picked":["Choke","Bane","Poisoned Stab+1"],"picked":"SKIP","floor":18},{"not_picked":["Terror","Quick Slash+1"],"picked":"Calculated Gamble+1","floor":19},{"not_picked":["Footwork","Dagger Spray"],"picked":"Escape Plan","floor":22},{"not_picked":["Dagger Spray","Terror"],"picked":"Outmaneuver+1","floor":23},{"not_picked":["Deadly Poison","Flying Knee","Eviscerate"],"picked":"SKIP","floor":25},{"not_picked":["Poisoned Stab","Prepared"],"picked":"Deflect","floor":29},{"not_picked":["Flying Knee","Bouncing Flask"],"picked":"Flechettes","floor":30},{"not_picked":["Deadly Poison","Dash","Eviscerate+1"],"picked":"SKIP","floor":31},{"not_picked":["A Thousand Cuts","Tools of the Trade"],"picked":"After Image","floor":33},{"not_picked":["Outmaneuver","Infinite Blades"],"picked":"Flechettes+1","floor":35},{"not_picked":["Deflect","Endless Agony+1"],"picked":"Noxious Fumes","floor":38},{"not_picked":["Dagger Spray","Poisoned Stab+1","Night Terror"],"picked":"Singing Bowl","floor":41},{"not_picked":["Eviscerate","Catalyst"],"picked":"Backflip","floor":44},{"not_picked":["Finisher+1","Cloak And Dagger+1"],"picked":"Acrobatics","floor":46},{"not_picked":["Choke+1","Noxious Fumes+1","Prepared+1"],"picked":"Singing Bowl","floor":47},{"not_picked":["Unload","Masterful Stab"],"picked":"Escape Plan","floor":48},{"not_picked":["Footwork+1","Choke+1"],"picked":"Dodge and Roll+1","floor":54}],"player_experience":1790485,"relics_obtained":[{"floor":7,"key":"Pantograph"},{"floor":8,"key":"Bottled Flame"},{"floor":9,"key":"Sundial"},{"floor":10,"key":"Omamori"},{"floor":23,"key":"Ninja Scroll"},{"floor":25,"key":"Pear"},{"floor":26,"key":"Girya"},{"floor":41,"key":"Bag of Marbles"},{"floor":44,"key":"Incense Burner"},{"floor":47,"key":"Darkstone Periapt"},{"floor":54,"key":"Mercury Hourglass"}],"event_choices":[{"damage_healed":0,"gold_gain":0,"player_choice":"Lose Max HP","damage_taken":0,"relics_obtained":["Golden Idol"],"max_hp_gain":0,"max_hp_loss":5,"event_name":"Golden Idol","floor":3,"gold_loss":0},{"damage_healed":0,"gold_gain":0,"player_choice":"Donut","damage_taken":0,"max_hp_gain":5,"max_hp_loss":0,"event_name":"Big Fish","floor":4,"gold_loss":0},{"damage_healed":0,"gold_gain":0,"player_choice":"Grow","damage_taken":0,"max_hp_gain":0,"max_hp_loss":0,"event_name":"Living Wall","floor":5,"gold_loss":0,"cards_upgraded":["Neutralize"]},{"damage_healed":0,"gold_gain":0,"player_choice":"Got Potions","damage_taken":0,"max_hp_gain":0,"max_hp_loss":0,"event_name":"Lab","floor":20,"gold_loss":0},{"damage_healed":0,"gold_gain":999,"player_choice":"Gold","damage_taken":0,"max_hp_gain":0,"max_hp_loss":0,"event_name":"MindBloom","floor":36,"gold_loss":0,"cards_obtained":["Normality","Normality"]},{"damage_healed":0,"gold_gain":0,"player_choice":"Ignored","damage_taken":0,"max_hp_gain":0,"max_hp_loss":0,"event_name":"NoteForYourself","floor":42,"gold_loss":0}],"is_beta":false,"boss_relics":[{"not_picked":["Ring of the Serpent","Runic Dome"],"picked":"Pandora\u0027s Box"},{"not_picked":["White Beast Statue","Eternal Feather"],"picked":"Fusion Hammer"}],"items_purged_floors":[21,37,39],"is_endless":false,"potions_floor_spawned":[6,12,19,23,30,33,38,44,46],"ascension_level":4}