{"gold_per_floor":[118,393,404,414,434,434,452,485,508,540,558,575,575,243,243,340,340,340,13,13,13,13,13],"floor_reached":23,"playtime":1066,"items_purged":["Regret","Thunderclap"],"score":281,"play_id":"71afa8de-7f35-4a4a-8897-ea2434a2f876","local_time":"20190924211807","is_ascension_mode":true,"campfire_choices":[{"data":"Bash","floor":6,"key":"SMITH"},{"floor":13,"key":"REST"},{"data":"Havoc","floor":15,"key":"SMITH"}],"neow_cost":"NONE","seed_source_timestamp":1052383490864000,"circlet_count":0,"master_deck":["Defend_R","Defend_R","Defend_R","Defend_R","Bash+1","Metallicize","Flex","Battle Trance","Dropkick","Demon Form","Inflame","Sentinel","Havoc+1","Shrug It Off","Reaper","Armaments","Evolve","Bite","Bite","Bite","Bite","Bite","Shrug It Off","Shockwave"],"relics":["Burning Blood","Red Skull","Bag of Marbles","Vajra","Omamori","Ectoplasm","PreservedInsect"],"potions_floor_usage":[8,8,8,22],"damage_taken":[{"damage":6,"enemies":"2 Louse","floor":1,"turns":2},{"damage":13,"enemies":"Cultist","floor":3,"turns":5},{"damage":7,"enemies":"Small Slimes","floor":4,"turns":4},{"damage":14,"enemies":"Looter","floor":5,"turns":3},{"damage":17,"enemies":"Blue Slaver","floor":7,"turns":5},{"damage":5,"enemies":"Gremlin Nob","floor":8,"turns":3},{"damage":36,"enemies":"Lagavulin","floor":10,"turns":4},{"damage":10,"enemies":"Exordium Wildlife","floor":11,"turns":3},{"damage":14,"enemies":"Red Slaver","floor":12,"turns":2},{"damage":7,"enemies":"The Guardian","floor":16,"turns":9},{"damage":28,"enemies":"Chosen","floor":18,"turns":6},{"damage":19,"enemies":"3 Byrds","floor":21,"turns":8},{"damage":41,"enemies":"Sentry and Sphere","floor":22,"turns":7},{"damage":46,"enemies":"Book of Stabbing","floor":23,"turns":5}],"seed_played":"7993143589940143084","potions_obtained":[{"floor":1,"key":"Explosive Potion"},{"floor":5,"key":"Strength Potion"},{"floor":7,"key":"Block Potion"},{"floor":12,"key":"Dexterity Potion"},{"floor":16,"key":"EssenceOfSteel"},{"floor":21,"key":"Swift Potion"},{"floor":22,"key":"GamblersBrew"}],"is_trial":false,"path_per_floor":["M","?","M","M","M","R","M","E","T","E","M","M","R","$","R","B",null,"M","$","?","M","M","E"],"character_chosen":"IRONCLAD","items_purchased":["Omamori","Shrug It Off","SteroidPotion","PreservedInsect","Evolve"],"campfire_rested":1,"item_purchase_floors":[14,14,14,19,19],"current_hp_per_floor":[88,88,81,80,72,72,61,62,62,32,28,20,46,46,46,45,77,65,65,61,61,38,0],"gold":13,"neow_bonus":"TEN_PERCENT_HP_BONUS","is_prod":false,"is_daily":false,"chose_seed":false,"campfire_upgraded":2,"win_rate":0,"timestamp":1569349087,"path_taken":["M","?","M","M","M","R","M","E","T","E","M","M","R","$","R","BOSS","M","$","?","M","M","E"],"build_version":"2019-07-17","purchased_purges":2,"victory":false,"max_hp_per_floor":[88,88,88,88,88,88,88,88,88,88,88,88,88,88,88,88,88,88,88,61,61,61,61],"card_choices":[{"not_picked":["Corruption","Wild Strike"],"picked":"Metallicize","floor":1},{"not_picked":["Infernal Blade","Bloodletting"],"picked":"Thunderclap","floor":3},{"not_picked":["Rampage","Anger"],"picked":"Flex","floor":4},{"not_picked":["Clothesline","Searing Blow"],"picked":"Battle Trance","floor":5},{"not_picked":["Havoc","Flex"],"picked":"Dropkick","floor":7},{"not_picked":["Cleave","Body Slam"],"picked":"Demon Form","floor":8},{"not_picked":["Cleave","Dual Wield"],"picked":"Inflame","floor":10},{"not_picked":["Clothesline","Combust"],"picked":"Sentinel","floor":11},{"not_picked":["Bloodletting","Seeing Red"],"picked":"Havoc","floor":12},{"not_picked":["Berserk","Juggernaut"],"picked":"Reaper","floor":16},{"not_picked":["Clothesline","Headbutt+1"],"picked":"Armaments","floor":18},{"not_picked":["Clash","Anger"],"picked":"Shrug It Off","floor":21},{"not_picked":["Wild Strike","Heavy Blade"],"picked":"Shockwave","floor":22}],"player_experience":360412,"relics_obtained":[{"floor":8,"key":"Red Skull"},{"floor":9,"key":"Bag of Marbles"},{"floor":10,"key":"Vajra"}],"event_choices":[{"damage_healed":0,"gold_gain":275,"player_choice":"Desecrate","damage_taken":0,"max_hp_gain":0,"max_hp_loss":0,"event_name":"Golden Shrine","floor":2,"gold_loss":0,"cards_obtained":["Regret"]},{"damage_healed":0,"gold_gain":0,"player_choice":"Became a vampire","damage_taken":0,"max_hp_gain":0,"max_hp_loss":27,"event_name":"Vampires","floor":20,"gold_loss":0,"cards_obtained":["Bite","Bite","Bite","Bite","Bite"]}],"is_beta":false,"boss_relics":[{"not_picked":["Fusion Hammer","Astrolabe"],"picked":"Ectoplasm"}],"items_purged_floors":[14,19],"is_endless":false,"potions_floor_spawned":[1,5,7,12,16,21,22],"killed_by":"Book of Stabbing","ascension_level":5}