{"gold_per_floor":[365,315,315,335,352,352,387,398,398,398],"floor_reached":10,"playtime":346,"items_purged":[],"score":68,"play_id":"07989462-907b-4327-9ea4-52a74719ecc1","local_time":"20180721103738","is_ascension_mode":false,"campfire_choices":[{"data":"Fiend Fire","floor":6,"key":"SMITH"}],"neow_cost":"CURSE","seed_source_timestamp":590375868608000,"circlet_count":0,"master_deck":["Strike_R","Strike_R","Strike_R","Strike_R","Strike_R","Defend_R","Defend_R","Defend_R","Defend_R","Bash","Power Through","Dual Wield","Fiend Fire+1","Combust","Spot Weakness","Burning Pact"],"relics":["Burning Blood","Darkstone Periapt","Gremlin Horn"],"potions_floor_usage":[7,10,10],"damage_taken":[{"damage":6,"enemies":"2 Louse","floor":1,"turns":4},{"damage":0,"enemies":"Small Slimes","floor":4,"turns":2},{"damage":10,"enemies":"Cultist","floor":5,"turns":4},{"damage":43,"enemies":"Lagavulin","floor":7,"turns":7},{"damage":29,"enemies":"Blue Slaver","floor":8,"turns":6},{"damage":12,"enemies":"Gremlin Nob","floor":10,"turns":4}],"seed_played":"5082815062354041459","potions_obtained":[{"floor":1,"key":"Weak Potion"},{"floor":5,"key":"LiquidBronze"},{"floor":8,"key":"SpeedPotion"}],"is_trial":false,"path_per_floor":["M","?","?","M","M","R","E","M","T"],"character_chosen":"IRONCLAD","items_purchased":[],"campfire_rested":0,"item_purchase_floors":[],"current_hp_per_floor":[80,80,80,80,76,76,39,16,16,4],"gold":398,"neow_bonus":"TWO_FIFTY_GOLD","is_prod":false,"is_daily":false,"chose_seed":false,"campfire_upgraded":1,"win_rate":0.0,"timestamp":1532158658,"path_taken":["M","?","?","M","M","R","E","M","T","E"],"build_version":"2018-07-19v2","purchased_purges":0,"victory":false,"max_hp_per_floor":[80,80,80,80,80,80,80,80,80,80],"card_choices":[{"not_picked":["Inflame","True Grit"],"picked":"Power Through","floor":1},{"not_picked":["Rage","Metallicize"],"picked":"Combust","floor":4},{"not_picked":["Pummel","Twin Strike"],"picked":"Spot Weakness","floor":5},{"not_picked":["Clothesline","Searing Blow"],"picked":"Burning Pact","floor":7},{"not_picked":["Perfected Strike","Anger","Rampage"],"picked":"SKIP","floor":8}],"player_experience":125816,"relics_obtained":[{"floor":7,"key":"Darkstone Periapt"},{"floor":9,"key":"Gremlin Horn"}],"event_choices":[{"event_name":"The Cleric","player_choice":"Card Removal","floor":2,"damage_taken":0},{"event_name":"Match and Keep!","player_choice":"2 cards matched","floor":3,"damage_taken":0}],"is_beta":false,"boss_relics":[],"items_purged_floors":[],"is_endless":false,"potions_floor_spawned":[1,5,8],"killed_by":"Gremlin Nob","ascension_level":0}