{"gold_per_floor":[13,32,32,49,65,94,108,135,135,235,235,253,253,270,270,373,373,389,389,8,24,24,56,56,56,104,104,27,27,41,41,41,139,139,159,15,26,26,42,68,68,68,68,85,96,110,110,128,128,128,128,128,1,26,26],"floor_reached":55,"playtime":12065,"items_purged":["White Noise"],"score":763,"play_id":"1e53ecb2-61e4-4359-8a61-d5751d3b1715","local_time":"20191025004844","is_ascension_mode":true,"campfire_choices":[{"floor":11.0,"key":"RECALL"},{"floor":15.0,"key":"REST"},{"data":"Zap","floor":25.0,"key":"SMITH"},{"data":"Biased Cognition","floor":27.0,"key":"SMITH"},{"floor":29.0,"key":"REST"},{"data":"White Noise","floor":32.0,"key":"SMITH"},{"data":"Cold Snap","floor":41,"key":"SMITH"},{"data":"Buffer","floor":47,"key":"SMITH"},{"floor":49,"key":"REST"},{"data":"Auto Shields","floor":52,"key":"SMITH"}],"neow_cost":"NO_GOLD","seed_source_timestamp":351577672880100,"circlet_count":0,"master_deck":["Zap+1","Dualcast","Defragment+1","Reboot","White Noise+1","Cold Snap","Melter","Auto Shields+1","FTL","Cold Snap","Go for the Eyes","Buffer+1","Ball Lightning","Rip and Tear","Force Field","Reboot","Heatsinks","Machine Learning","Cold Snap+1","Hologram","Coolheaded+1","Biased Cognition+1","Self Repair","Cold Snap+1","Machine Learning","Blizzard+1","Discovery","Cold Snap+1","Force Field","Defragment+1","Go for the Eyes"],"special_seed":0,"relics":["Cracked Core","Kunai","Mercury Hourglass","Pandora\u0027s Box","Enchiridion","Lee\u0027s Waffle","Regal Pillow","Mango","Potion Belt","Runic Pyramid","DataDisk","Question Card","Singing Bowl","Anchor"],"potions_floor_usage":[46,50],"damage_taken":[{"damage":4.0,"enemies":"Jaw Worm","floor":1.0,"turns":4.0},{"damage":0.0,"enemies":"Cultist","floor":2.0,"turns":3.0},{"damage":13.0,"enemies":"Small Slimes","floor":4.0,"turns":3.0},{"damage":9.0,"enemies":"Looter","floor":5.0,"turns":4.0},{"damage":1.0,"enemies":"Lagavulin","floor":6.0,"turns":6.0},{"damage":3.0,"enemies":"Exordium Wildlife","floor":7.0,"turns":4.0},{"damage":18.0,"enemies":"3 Sentries","floor":8.0,"turns":9.0},{"damage":7.0,"enemies":"Red Slaver","floor":12.0,"turns":3.0},{"damage":1.0,"enemies":"3 Louse","floor":14.0,"turns":3.0},{"damage":24.0,"enemies":"Slime Boss","floor":16.0,"turns":11.0},{"damage":38.0,"enemies":"2 Thieves","floor":18.0,"turns":4.0},{"damage":0.0,"enemies":"Chosen","floor":21.0,"turns":4.0},{"damage":29.0,"enemies":"Slavers","floor":23.0,"turns":7.0},{"damage":16.0,"enemies":"Shelled Parasite and Fungi","floor":30.0,"turns":5.0},{"damage":32.0,"enemies":"Collector","floor":33.0,"turns":12.0},{"damage":0.0,"enemies":"3 Shapes","floor":35.0,"turns":3.0},{"damage":4.0,"enemies":"Orb Walker","floor":37.0,"turns":4.0},{"damage":20.0,"enemies":"3 Darklings","floor":39.0,"turns":4.0},{"damage":15,"enemies":"Reptomancer","floor":40,"turns":8},{"damage":0,"enemies":"Writhing Mass","floor":44,"turns":7},{"damage":0,"enemies":"Spire Growth","floor":45,"turns":7},{"damage":0,"enemies":"3 Darklings","floor":46,"turns":5},{"damage":16,"enemies":"4 Shapes","floor":48,"turns":3},{"damage":94,"enemies":"Time Eater","floor":50,"turns":18},{"damage":36,"enemies":"Shield and Spear","floor":54,"turns":7},{"damage":75,"enemies":"The Heart","floor":55,"turns":3}],"seed_played":"-5065627513277221215","potions_obtained":[{"floor":2.0,"key":"AttackPotion"},{"floor":4.0,"key":"FocusPotion"},{"floor":6.0,"key":"Swift Potion"},{"floor":14.0,"key":"Energy Potion"},{"floor":16.0,"key":"EssenceOfSteel"},{"floor":18.0,"key":"Block Potion"},{"floor":30.0,"key":"SpeedPotion"},{"floor":33.0,"key":"Weak Potion"},{"floor":45,"key":"SkillPotion"},{"floor":46,"key":"Dexterity Potion"}],"is_trial":false,"path_per_floor":["M","M","$","M","M","E","M","E","T","?","R","M","?","M","R","B",null,"M","?","$","M","$","E","?","R","T","R","$","R","M","$","R","B",null,"M","$","M","?","M","E","R","?","T","M","M","M","R","M","R","B",null,"R","$","E","B"],"character_chosen":"DEFECT","items_purchased":["Hologram","Lee\u0027s Waffle","Regal Pillow","Self Repair","DataDisk","Go for the Eyes"],"campfire_rested":3,"item_purchase_floors":[20,20,20,28,36,53],"current_hp_per_floor":[71,71,71,58,49,48,45,27,27,27,27,20,20,19,41,17,75,37,21,82,82,82,67,67,67,67,67,67,96,80,80,80,55,96,96,96,96,96,83,75,75,75,75,84,91,91,91,77,100,13,100,100,100,73,0],"gold":26,"neow_bonus":"TRANSFORM_TWO_CARDS","is_prod":false,"is_daily":false,"chose_seed":false,"campfire_upgraded":6,"win_rate":0,"timestamp":1571986124,"path_taken":["M","M","$","M","M","E","M","E","T","?","R","?","?","?","R","BOSS","M","?","$","M","$","E","?","R","T","R","?","R","M","$","R","BOSS","M","$","M","?","M","E","R","?","T","M","M","M","R","?","R","BOSS","R","$","E","BOSS"],"build_version":"2019-07-17","purchased_purges":1,"victory":false,"max_hp_per_floor":[75,75,75,75,75,75,75,75,75,75,75,75,75,75,75,75,75,75,75,82,82,82,96,96,96,96,96,96,96,96,96,96,96,96,96,96,96,96,96,96,96,96,96,98,98,98,98,100,100,100,100,100,100,102,102],"card_choices":[{"not_picked":["Stack","Lockon"],"picked":"Coolheaded","floor":1.0},{"not_picked":["Chaos","Steam"],"picked":"White Noise","floor":2.0},{"not_picked":["Redo","Barrage"],"picked":"White Noise","floor":4.0},{"not_picked":["Steam","Darkness"],"picked":"Cold Snap","floor":5.0},{"not_picked":["Thunder Strike","Consume"],"picked":"Melter","floor":6.0},{"not_picked":["Compile Driver","Sweeping Beam"],"picked":"Auto Shields","floor":7.0},{"not_picked":["Force Field","Streamline"],"picked":"FTL","floor":8.0},{"not_picked":["Beam Cell","Turbo"],"picked":"Cold Snap","floor":12.0},{"not_picked":["Beam Cell","Force Field"],"picked":"Go for the Eyes","floor":14.0},{"not_picked":["Rainbow","Fission"],"picked":"Buffer","floor":16.0},{"not_picked":["Compile Driver","Rebound"],"picked":"Cold Snap","floor":18.0},{"not_picked":["Leap","Turbo"],"picked":"Coolheaded+1","floor":21.0},{"not_picked":["Leap","Thunder Strike"],"picked":"Biased Cognition","floor":23.0},{"not_picked":["FTL+1","Sweeping Beam"],"picked":"Cold Snap+1","floor":30.0},{"not_picked":["Rainbow","Multi-Cast"],"picked":"Machine Learning","floor":33.0},{"not_picked":["Redo+1","Turbo+1"],"picked":"Blizzard+1","floor":35.0},{"not_picked":["Turbo","Chaos+1","Steam"],"picked":"SKIP","floor":37.0},{"not_picked":["HandOfGreed","Magnetism"],"picked":"Discovery","floor":38.0},{"not_picked":["Darkness+1","Steam"],"picked":"Cold Snap+1","floor":39.0},{"not_picked":["Rebound","Fission","Compile Driver"],"picked":"SKIP","floor":40},{"not_picked":["Steam","Sweeping Beam","Gash","Barrage"],"picked":"Singing Bowl","floor":44},{"not_picked":["Streamline","Redo","Hologram+1"],"picked":"Force Field","floor":45},{"not_picked":["Compile Driver","Machine Learning","Coolheaded"],"picked":"Defragment+1","floor":46},{"not_picked":["Steam","Gash","BootSequence+1","Lockon+1"],"picked":"Singing Bowl","floor":48},{"not_picked":["Steam Power","Redo+1","BootSequence","Hologram"],"picked":"Singing Bowl","floor":54}],"player_experience":475691,"relics_obtained":[{"floor":6.0,"key":"Kunai"},{"floor":8.0,"key":"Mercury Hourglass"},{"floor":19.0,"key":"Enchiridion"},{"floor":23.0,"key":"Mango"},{"floor":26.0,"key":"Potion Belt"},{"floor":40,"key":"Question Card"},{"floor":43,"key":"Singing Bowl"},{"floor":54,"key":"Anchor"}],"event_choices":[{"damage_healed":0.0,"max_hp_gain":0.0,"max_hp_loss":0.0,"gold_gain":100.0,"event_name":"Wheel of Change","player_choice":"Gold","floor":10.0,"gold_loss":0.0,"damage_taken":0.0},{"damage_healed":0.0,"max_hp_gain":0.0,"max_hp_loss":0.0,"gold_gain":0.0,"event_name":"Upgrade Shrine","player_choice":"Upgraded","floor":13.0,"gold_loss":0.0,"damage_taken":0.0,"cards_upgraded":["Defragment"]},{"damage_healed":0.0,"max_hp_gain":0.0,"max_hp_loss":0.0,"gold_gain":0.0,"event_name":"Cursed Tome","player_choice":"Obtained Book","floor":19.0,"gold_loss":0.0,"damage_taken":16.0},{"damage_healed":0.0,"max_hp_gain":0.0,"max_hp_loss":0.0,"gold_gain":0.0,"event_name":"The Mausoleum","player_choice":"Ignored","floor":24.0,"gold_loss":0.0,"damage_taken":0.0},{"damage_healed":0.0,"max_hp_gain":0.0,"max_hp_loss":0.0,"gold_gain":0.0,"event_name":"SensoryStone","player_choice":"Memory 1","floor":38.0,"gold_loss":0.0,"damage_taken":0.0},{"cards_removed":["Coolheaded"],"damage_healed":0,"gold_gain":0,"player_choice":"Purged","damage_taken":0,"max_hp_gain":0,"max_hp_loss":0,"event_name":"Purifier","floor":42,"gold_loss":0}],"is_beta":false,"boss_relics":[{"not_picked":["Philosopher\u0027s Stone","Cursed Key"],"picked":"Pandora\u0027s Box"},{"not_picked":["Runic Dome","Fusion Hammer"],"picked":"Runic Pyramid"}],"items_purged_floors":[53],"is_endless":false,"potions_floor_spawned":[2,4,6,14,16,18,30,33,45,46],"killed_by":"The Heart","ascension_level":1}