{"gold_per_floor":[119,138,157,307,14,45,62,62,87,113,124,144,144,144,144,220,220,234,37,37,53,69,97,97,114,114,114,124,124,24,38,38,110,110,130,130,142,79,92,92,92,109,109,109,109,128,145,162,162,162],"floor_reached":51,"playtime":4364,"items_purged":["Doubt","Strike_B","Decay"],"score":1239,"play_id":"bf70e5a3-8e2c-4bdf-b265-58d2e41c8ed0","local_time":"20191025165411","is_ascension_mode":true,"campfire_choices":[{"data":"Zap","floor":8.0,"key":"SMITH"},{"data":"Go for the Eyes","floor":13.0,"key":"SMITH"},{"data":"Go for the Eyes","floor":15.0,"key":"SMITH"},{"data":"Self Repair","floor":27.0,"key":"SMITH"},{"data":"Defragment","floor":29.0,"key":"SMITH"},{"floor":32.0,"key":"REST"},{"data":"Seek","floor":40.0,"key":"SMITH"},{"floor":45.0,"key":"REST"},{"floor":49,"key":"REST"}],"neow_cost":"NONE","seed_source_timestamp":0,"circlet_count":0,"master_deck":["AscendersBane","Strike_B","Strike_B","Defend_B","Defend_B","Defend_B","Defend_B","Zap+1","Dualcast","Go for the Eyes+1","Melter","Self Repair+1","Conserve Battery","Go for the Eyes+1","Lockon","Electrodynamics","Darkness","Cold Snap","Steam","Creative AI","Glacier","Defragment+1","White Noise+1","Loop","Seek+1","Glacier","Reinforced Body+1","Loop","Chill+1"],"special_seed":0,"relics":["Cracked Core","Membership Card","Lantern","Orichalcum","Dream Catcher","Philosopher\u0027s Stone","Calipers","Ancient Tea Set","Symbiotic Virus","Inserter","Ginger"],"potions_floor_usage":[47,50],"damage_taken":[{"damage":4.0,"enemies":"Jaw Worm","floor":1.0,"turns":4.0},{"damage":0.0,"enemies":"Small Slimes","floor":2.0,"turns":3.0},{"damage":1.0,"enemies":"Cultist","floor":3.0,"turns":3.0},{"damage":25.0,"enemies":"3 Sentries","floor":6.0,"turns":9.0},{"damage":0.0,"enemies":"Gremlin Gang","floor":7.0,"turns":4.0},{"damage":19.0,"enemies":"Gremlin Nob","floor":10.0,"turns":5.0},{"damage":0.0,"enemies":"Blue Slaver","floor":11.0,"turns":3.0},{"damage":5.0,"enemies":"2 Fungi Beasts","floor":12.0,"turns":3.0},{"damage":29.0,"enemies":"Slime Boss","floor":16.0,"turns":9.0},{"damage":0.0,"enemies":"Spheric Guardian","floor":18.0,"turns":3.0},{"damage":13.0,"enemies":"Chosen","floor":21.0,"turns":5.0},{"damage":0.0,"enemies":"Sentry and Sphere","floor":22.0,"turns":3.0},{"damage":36.0,"enemies":"Book of Stabbing","floor":23.0,"turns":5.0},{"damage":11.0,"enemies":"3 Cultists","floor":25.0,"turns":3.0},{"damage":3.0,"enemies":"Snecko","floor":28.0,"turns":7.0},{"damage":13.0,"enemies":"Snake Plant","floor":31.0,"turns":4.0},{"damage":37.0,"enemies":"Champ","floor":33.0,"turns":12.0},{"damage":18.0,"enemies":"3 Shapes","floor":35.0,"turns":5.0},{"damage":4.0,"enemies":"Orb Walker","floor":37.0,"turns":4.0},{"damage":13.0,"enemies":"Spire Growth","floor":39.0,"turns":4.0},{"damage":41.0,"enemies":"Jaw Worm Horde","floor":42.0,"turns":5.0},{"damage":19.0,"enemies":"3 Darklings","floor":46.0,"turns":6.0},{"damage":34,"enemies":"Spire Growth","floor":47,"turns":10},{"damage":4,"enemies":"4 Shapes","floor":48,"turns":7},{"damage":0,"enemies":"Donu and Deca","floor":50,"turns":14}],"seed_played":"-459448644264006439","potions_obtained":[{"floor":1.0,"key":"LiquidBronze"},{"floor":2.0,"key":"EssenceOfSteel"},{"floor":12.0,"key":"AttackPotion"},{"floor":23.0,"key":"GamblersBrew"},{"floor":33.0,"key":"FearPotion"},{"floor":35.0,"key":"Energy Potion"},{"floor":47,"key":"Ancient Potion"}],"is_trial":false,"path_per_floor":["M","M","M","?","$","E","M","R","T","E","M","M","R","?","R","B",null,"M","$","$","M","M","E","?","M","T","R","M","R","$","M","R","B",null,"M","?","M","$","M","R","?","M","T","?","R","M","M","M","R","B",null],"character_chosen":"DEFECT","items_purchased":["Membership Card","Self Repair","Conserve Battery","Calipers","Glacier","Defragment","EntropicBrew"],"campfire_rested":3,"item_purchase_floors":[5,5,5,19,19,19,30],"current_hp_per_floor":[67,67,66,66,66,48,55,55,55,43,50,45,45,45,45,16,63,70,70,70,57,57,28,28,24,24,24,31,31,31,18,41,14,62,54,54,60,60,57,57,57,26,26,26,48,39,15,21,43,53],"gold":162,"neow_bonus":"TEN_PERCENT_HP_BONUS","is_prod":false,"is_daily":false,"chose_seed":false,"campfire_upgraded":6,"win_rate":0,"timestamp":1572015251,"path_taken":["M","M","M","?","$","E","M","R","T","E","M","M","R","?","R","BOSS","M","?","$","?","M","E","?","M","T","R","M","R","$","M","R","BOSS","M","?","M","$","?","R","?","M","T","?","R","M","M","M","R","BOSS"],"build_version":"2019-07-17","purchased_purges":3,"victory":true,"max_hp_per_floor":[78,78,78,78,78,78,78,78,78,78,78,78,78,78,78,78,78,78,78,78,78,78,78,78,78,78,78,78,78,78,78,78,78,78,78,78,78,78,78,78,74,74,74,74,74,74,74,74,74,74],"card_choices":[{"not_picked":["Force Field","Streamline"],"picked":"Go for the Eyes","floor":1.0},{"not_picked":["Stack","Streamline","Sweeping Beam"],"picked":"SKIP","floor":2.0},{"not_picked":["Force Field","Recycle"],"picked":"Melter","floor":3.0},{"not_picked":["Beam Cell","Redo"],"picked":"Go for the Eyes","floor":6.0},{"not_picked":["Tempest","Auto Shields"],"picked":"Lockon","floor":7.0},{"not_picked":["Conserve Battery","Coolheaded"],"picked":"Electrodynamics","floor":10.0},{"not_picked":["Streamline","Steam"],"picked":"Darkness","floor":11.0},{"not_picked":["Hologram","Steam"],"picked":"Cold Snap","floor":12.0},{"not_picked":["Electrodynamics","Machine Learning"],"picked":"Creative AI","floor":16.0},{"not_picked":["Rebound","Turbo","Go for the Eyes"],"picked":"SKIP","floor":18.0},{"not_picked":["Hologram","Go for the Eyes"],"picked":"White Noise+1","floor":21.0},{"not_picked":["Cold Snap","FTL","Streamline"],"picked":"SKIP","floor":22.0},{"not_picked":["Double Energy","Redo","Hyperbeam"],"picked":"SKIP","floor":23.0},{"not_picked":["Coolheaded","Gash","Steam"],"picked":"SKIP","floor":25.0},{"not_picked":["Coolheaded","Gash"],"picked":"Steam","floor":25.0},{"not_picked":["Darkness","Tempest+1","Stack"],"picked":"SKIP","floor":28.0},{"not_picked":["Turbo+1","Sweeping Beam","Go for the Eyes"],"picked":"SKIP","floor":31.0},{"not_picked":["All For One","Thunder Strike"],"picked":"Seek","floor":33.0},{"not_picked":["Storm","Rebound","Gash"],"picked":"SKIP","floor":35.0},{"not_picked":["Hologram","Scrape","Chaos"],"picked":"SKIP","floor":37.0},{"not_picked":["Lockon","Conserve Battery"],"picked":"Glacier","floor":39.0},{"not_picked":["Turbo","Consume","Compile Driver"],"picked":"SKIP","floor":42.0},{"not_picked":["Cold Snap","Streamline"],"picked":"Reinforced Body+1","floor":45.0},{"not_picked":["FTL","Barrage"],"picked":"Loop","floor":46.0},{"not_picked":["Streamline","Consume"],"picked":"Chill+1","floor":47},{"not_picked":["Melter+1","Storm","Electrodynamics"],"picked":"SKIP","floor":48}],"player_experience":335415,"relics_obtained":[{"floor":6.0,"key":"Lantern"},{"floor":9.0,"key":"Orichalcum"},{"floor":10.0,"key":"Dream Catcher"},{"floor":23.0,"key":"Ancient Tea Set"},{"floor":26.0,"key":"Symbiotic Virus"},{"floor":43.0,"key":"Ginger"}],"event_choices":[{"damage_healed":0.0,"max_hp_gain":0.0,"max_hp_loss":0.0,"gold_gain":150.0,"event_name":"Liars Game","player_choice":"AGREE","floor":4.0,"gold_loss":0.0,"damage_taken":0.0,"cards_obtained":["Doubt"]},{"damage_healed":0.0,"max_hp_gain":0.0,"max_hp_loss":0.0,"gold_gain":0.0,"cards_transformed":["Strike_B"],"event_name":"Transmorgrifier","player_choice":"Transformed","floor":14.0,"gold_loss":0.0,"damage_taken":0.0,"cards_obtained":["Steam"]},{"damage_healed":0.0,"max_hp_gain":0.0,"max_hp_loss":0.0,"gold_gain":0.0,"event_name":"The Library","player_choice":"Read","floor":24.0,"gold_loss":0.0,"damage_taken":0.0,"cards_obtained":["Loop"]},{"damage_healed":0.0,"max_hp_gain":0.0,"max_hp_loss":0.0,"gold_gain":0.0,"event_name":"Wheel of Change","player_choice":"Cursed","floor":36.0,"gold_loss":0.0,"damage_taken":0.0,"cards_obtained":["Decay"]},{"damage_healed":0.0,"max_hp_gain":0.0,"max_hp_loss":4.0,"gold_gain":0.0,"event_name":"Winding Halls","player_choice":"Max HP","floor":41.0,"gold_loss":0.0,"damage_taken":0.0},{"cards_removed":["Steam"],"damage_healed":0.0,"max_hp_gain":0.0,"max_hp_loss":0.0,"gold_gain":0.0,"event_name":"Falling","player_choice":"Removed Skill","floor":44.0,"gold_loss":0.0,"damage_taken":0.0}],"is_beta":false,"boss_relics":[{"not_picked":["Black Star","Lizard Tail"],"picked":"Philosopher\u0027s Stone"},{"not_picked":["Empty Cage","Tiny House"],"picked":"Inserter"}],"items_purged_floors":[5,30,38],"is_endless":false,"potions_floor_spawned":[1,2,12,18,21,23,33,35,42,47],"ascension_level":15}