{"gold_per_floor":[118,118,141,141,41,56,89,89,89,115,85,100,131,155,155,251,251,271,95,95,95,114,184,184,224,297,341,341,36,60,78,78,171,171,192,525,545,545,251,282,282,309,309,309,309,1,21,32,32,32,32,32,32,60,60],"floor_reached":56,"playtime":3274,"items_purged":["Strike_G","Strike_G","Doubt","Parasite"],"score":2002,"play_id":"e4b853e6-e83c-43f0-96a3-0c1b4411dd87","local_time":"20191026174954","is_ascension_mode":true,"campfire_choices":[{"floor":8.0,"key":"REST"},{"floor":15.0,"key":"REST"},{"data":"Normality","floor":24.0,"key":"PURGE"},{"floor":28.0,"key":"REST"},{"floor":32.0,"key":"DIG"},{"floor":41.0,"key":"REST"},{"data":"Regret","floor":44.0,"key":"PURGE"},{"floor":49.0,"key":"RECALL"},{"floor":52.0,"key":"DIG"}],"neow_cost":"NONE","seed_source_timestamp":0,"circlet_count":0,"master_deck":["AscendersBane","Survivor","Neutralize","Underhanded Strike","Backflip","Poisoned Stab","Dagger Throw","Deadly Poison","Cloak And Dagger","Glass Knife","Bouncing Flask","Dash","Corpse Explosion","Leg Sweep","Noxious Fumes","Bite","Bite","Bite","Bite","Bite","Noxious Fumes","Leg Sweep","Wraith Form v2+1","Apotheosis+1","Wraith Form v2+1","Catalyst","Flying Knee","Tools of the Trade+1","Masterful Stab","Deflect","Catalyst","Wraith Form v2+1","Caltrops+1","Footwork+1","Concentrate"],"special_seed":0,"relics":["Cursed Key","Peace Pipe","Pocketwatch","Odd Mushroom","Potion Belt","Black Star","Blood Vial","Tiny Chest","Shovel","Frozen Egg 2","Singing Bowl","Bottled Lightning","Vajra","Ginger","Pandora\u0027s Box","Du-Vu Doll","Snake Skull","Centennial Puzzle","The Courier","Anchor","Gremlin Horn","Dead Branch","Dodecahedron","Happy Flower","Pear"],"potions_floor_usage":[55],"damage_taken":[{"damage":3.0,"enemies":"Jaw Worm","floor":1.0,"turns":5.0},{"damage":0.0,"enemies":"2 Louse","floor":3.0,"turns":3.0},{"damage":0.0,"enemies":"Cultist","floor":6.0,"turns":4.0},{"damage":43.0,"enemies":"Lagavulin","floor":7.0,"turns":14.0},{"damage":17.0,"enemies":"The Mushroom Lair","floor":10.0,"turns":6.0},{"damage":0.0,"enemies":"Exordium Wildlife","floor":12.0,"turns":3.0},{"damage":12.0,"enemies":"Gremlin Nob","floor":13.0,"turns":4.0},{"damage":5.0,"enemies":"Large Slime","floor":14.0,"turns":4.0},{"damage":27.0,"enemies":"The Guardian","floor":16.0,"turns":9.0},{"damage":10.0,"enemies":"Shell Parasite","floor":18.0,"turns":6.0},{"damage":16.0,"enemies":"Spheric Guardian","floor":22.0,"turns":4.0},{"damage":36.0,"enemies":"Slavers","floor":23.0,"turns":9.0},{"damage":10.0,"enemies":"Gremlin Leader","floor":25.0,"turns":6.0},{"damage":20.0,"enemies":"Book of Stabbing","floor":27.0,"turns":6.0},{"damage":0.0,"enemies":"3 Cultists","floor":30.0,"turns":2.0},{"damage":0.0,"enemies":"Snecko","floor":31.0,"turns":4.0},{"damage":15.0,"enemies":"Champ","floor":33.0,"turns":12.0},{"damage":4.0,"enemies":"3 Darklings","floor":35.0,"turns":4.0},{"damage":11.0,"enemies":"Orb Walker","floor":37.0,"turns":4.0},{"damage":55.0,"enemies":"Nemesis","floor":40.0,"turns":7.0},{"damage":17.0,"enemies":"Reptomancer","floor":42.0,"turns":7.0},{"damage":2.0,"enemies":"Transient","floor":47.0,"turns":5.0},{"damage":0.0,"enemies":"Sphere and 2 Shapes","floor":48.0,"turns":4.0},{"damage":64.0,"enemies":"Awakened One","floor":50.0,"turns":9.0},{"damage":7.0,"enemies":"Shield and Spear","floor":54.0,"turns":7.0},{"damage":71,"enemies":"The Heart","floor":55,"turns":10}],"seed_played":"5705141826880009935","potions_obtained":[{"floor":3.0,"key":"Fruit Juice"},{"floor":10.0,"key":"Energy Potion"},{"floor":11.0,"key":"Block Potion"},{"floor":11.0,"key":"Swift Potion"},{"floor":14.0,"key":"LiquidBronze"},{"floor":16.0,"key":"Fire Potion"},{"floor":23.0,"key":"Fire Potion"},{"floor":31.0,"key":"Block Potion"},{"floor":37.0,"key":"EntropicBrew"},{"floor":40.0,"key":"Weak Potion"},{"floor":47.0,"key":"FairyPotion"}],"is_trial":false,"path_per_floor":["M","?","M","?","$","M","E","R","T","?","?","M","E","M","R","B",null,"M","$","?","?","M","E","R","E","T","E","R","$","M","M","R","B",null,"M","?","M","T","$","E","R","E","T","R","?","$","M","M","R","B",null,"R","$","E","B",null],"character_chosen":"THE_SILENT","items_purchased":["Poisoned Stab","Noxious Fumes","Apotheosis","Snake Skull","Dead Branch","Caltrops+1"],"campfire_rested":4,"item_purchase_floors":[5,19,29,39,46,46],"current_hp_per_floor":[60,60,60,65,65,70,27,49,49,32,32,32,20,15,37,10,59,49,49,49,49,41,17,17,19,19,3,18,18,28,40,40,56,56,56,56,53,53,53,5,22,15,15,15,15,15,26,34,34,9,47,47,47,64,1],"gold":60,"neow_bonus":"BOSS_RELIC","is_prod":false,"is_daily":false,"chose_seed":false,"campfire_upgraded":0,"win_rate":0,"timestamp":1572137394,"path_taken":["M","?","M","?","$","M","E","R","T","?","?","?","E","M","R","BOSS","M","$","?","?","M","E","R","E","T","E","R","$","M","M","R","BOSS","M","?","M","?","$","E","R","E","T","R","?","$","M","M","R","BOSS","R","$","E","BOSS"],"build_version":"2019-07-17","purchased_purges":4,"victory":true,"max_hp_per_floor":[70,65,65,70,70,75,75,75,75,75,75,75,75,75,75,75,75,75,75,52,52,52,52,52,52,52,52,52,52,54,56,56,56,56,56,56,58,58,55,57,57,57,57,57,57,57,57,59,59,59,59,59,59,69,69],"card_choices":[{"not_picked":["Acrobatics","Blade Dance"],"picked":"Underhanded Strike","floor":1.0},{"not_picked":["Blade Dance","PiercingWail"],"picked":"Backflip","floor":3.0},{"not_picked":["Underhanded Strike","Flying Knee"],"picked":"Dagger Throw","floor":6.0},{"not_picked":["Underhanded Strike","Accuracy"],"picked":"Deadly Poison","floor":7.0},{"not_picked":["Poisoned Stab","Bane"],"picked":"Cloak And Dagger","floor":10.0},{"not_picked":["Flying Knee","Deflect"],"picked":"Glass Knife","floor":12.0},{"not_picked":["Quick Slash","Predator"],"picked":"Bouncing Flask","floor":13.0},{"not_picked":["Underhanded Strike","All Out Attack"],"picked":"Dash","floor":14.0},{"not_picked":["After Image","A Thousand Cuts"],"picked":"Corpse Explosion","floor":16.0},{"not_picked":["Accuracy","Eviscerate"],"picked":"Leg Sweep","floor":18.0},{"not_picked":["Blur","Quick Slash","Flying Knee"],"picked":"SKIP","floor":22.0},{"not_picked":["Cloak And Dagger","Distraction"],"picked":"Leg Sweep","floor":23.0},{"not_picked":["Setup","Bane","Slice"],"picked":"SKIP","floor":25.0},{"not_picked":["Backstab","Skewer"],"picked":"Wraith Form v2+1","floor":27.0},{"not_picked":["Bane","Riddle With Holes","Finisher"],"picked":"Singing Bowl","floor":30.0},{"not_picked":["Prepared","Dagger Spray+1","Underhanded Strike"],"picked":"Singing Bowl","floor":31.0},{"not_picked":["Phantasmal Killer","Unload"],"picked":"Wraith Form v2+1","floor":33.0},{"not_picked":["Skewer","Deadly Poison+1"],"picked":"Catalyst","floor":35.0},{"not_picked":["Skewer","Blade Dance+1","Underhanded Strike"],"picked":"Singing Bowl","floor":37.0},{"not_picked":["Backflip","Poisoned Stab","Blade Dance"],"picked":"Singing Bowl","floor":40.0},{"not_picked":["Deadly Poison","Heel Hook"],"picked":"Wraith Form v2+1","floor":42.0},{"not_picked":["Poisoned Stab","Masterful Stab+1"],"picked":"Footwork+1","floor":47.0},{"not_picked":["Deadly Poison","Acrobatics","Catalyst"],"picked":"Singing Bowl","floor":48.0},{"not_picked":["Slice","Skewer"],"picked":"Concentrate","floor":54.0}],"player_experience":479690,"relics_obtained":[{"floor":7.0,"key":"Peace Pipe"},{"floor":9.0,"key":"Pocketwatch"},{"floor":10.0,"key":"Odd Mushroom"},{"floor":13.0,"key":"Potion Belt"},{"floor":23.0,"key":"Blood Vial"},{"floor":23.0,"key":"Tiny Chest"},{"floor":25.0,"key":"Shovel"},{"floor":25.0,"key":"Frozen Egg 2"},{"floor":26.0,"key":"Singing Bowl"},{"floor":27.0,"key":"Bottled Lightning"},{"floor":27.0,"key":"Vajra"},{"floor":32.0,"key":"Ginger"},{"floor":38.0,"key":"Du-Vu Doll"},{"floor":40.0,"key":"Centennial Puzzle"},{"floor":40.0,"key":"The Courier"},{"floor":42.0,"key":"Anchor"},{"floor":42.0,"key":"Gremlin Horn"},{"floor":52.0,"key":"Dodecahedron"},{"floor":54.0,"key":"Happy Flower"},{"floor":54.0,"key":"Pear"}],"event_choices":[{"damage_healed":0.0,"max_hp_gain":0.0,"max_hp_loss":5.0,"gold_gain":0.0,"event_name":"Golden Idol","player_choice":"Lose Max HP","floor":2.0,"gold_loss":0.0,"damage_taken":0.0,"relics_obtained":["Golden Idol"]},{"damage_healed":0.0,"max_hp_gain":5.0,"max_hp_loss":0.0,"gold_gain":0.0,"event_name":"Big Fish","player_choice":"Donut","floor":4.0,"gold_loss":0.0,"damage_taken":0.0},{"damage_healed":0.0,"max_hp_gain":0.0,"max_hp_loss":0.0,"gold_gain":0.0,"event_name":"Mushrooms","player_choice":"Fought Mushrooms","floor":10.0,"gold_loss":0.0,"damage_taken":0.0},{"damage_healed":0.0,"max_hp_gain":0.0,"max_hp_loss":0.0,"gold_gain":0.0,"event_name":"The Woman in Blue","player_choice":"Bought 2 Potions","floor":11.0,"gold_loss":0.0,"damage_taken":0.0},{"damage_healed":0.0,"max_hp_gain":0.0,"max_hp_loss":23.0,"gold_gain":0.0,"event_name":"Vampires","player_choice":"Became a vampire","floor":20.0,"gold_loss":0.0,"damage_taken":0.0,"cards_obtained":["Bite","Bite","Bite","Bite","Bite"]},{"damage_healed":0.0,"max_hp_gain":0.0,"max_hp_loss":0.0,"gold_gain":0.0,"event_name":"The Library","player_choice":"Read","floor":21.0,"gold_loss":0.0,"damage_taken":0.0,"cards_obtained":["Noxious Fumes"]},{"damage_healed":0.0,"max_hp_gain":0.0,"max_hp_loss":0.0,"gold_gain":333.0,"event_name":"The Moai Head","player_choice":"Gave Idol","floor":36.0,"relics_lost":["Golden Idol"],"gold_loss":0.0,"damage_taken":0.0},{"damage_healed":0.0,"max_hp_gain":0.0,"max_hp_loss":0.0,"gold_gain":0.0,"event_name":"Accursed Blacksmith","player_choice":"Forge","floor":45.0,"gold_loss":0.0,"damage_taken":0.0,"cards_upgraded":["Apotheosis"]}],"is_beta":false,"boss_relics":[{"not_picked":["Coffee Dripper","HoveringKite"],"picked":"Black Star"},{"not_picked":["Sozu","Runic Pyramid"],"picked":"Pandora\u0027s Box"}],"items_purged_floors":[5,19,29,39],"is_endless":false,"potions_floor_spawned":[3,10,14,16,23,31,37,40,47],"ascension_level":13}