{"gold_per_floor":[115,215,52,69,69,69,96,96,119,137,164,177,30,48,48,152,152,163,163,7,20,31,31],"floor_reached":23,"playtime":877,"items_purged":["Strike_B","Pain"],"score":237,"play_id":"48c253a7-815e-4449-8dff-fa97dba41a92","local_time":"20190917171028","is_ascension_mode":true,"campfire_choices":[{"data":"Defragment","floor":6,"key":"SMITH"},{"data":"Loop","floor":15,"key":"SMITH"}],"neow_cost":"NONE","seed_source_timestamp":226938075951800,"circlet_count":0,"master_deck":["Strike_B","Strike_B","Strike_B","Defend_B","Defend_B","Defend_B","Defend_B","Zap","Dualcast","Rebound","Sweeping Beam","Chill","Defragment+1","Ball Lightning","Capacitor","Loop+1","Cold Snap","Genetic Algorithm","Echo Form","Skim+1","Leap","BootSequence"],"relics":["Cracked Core","NeowsBlessing","Letter Opener","WarpedTongs","Akabeko","Art of War","Black Star","MutagenicStrength","Runic Capacitor"],"potions_floor_usage":[18,23],"damage_taken":[{"damage":0,"enemies":"2 Louse","floor":1,"turns":1},{"damage":0,"enemies":"Cultist","floor":4,"turns":1},{"damage":0,"enemies":"Gremlin Nob","floor":7,"turns":1},{"damage":0,"enemies":"Jaw Worm","floor":10,"turns":1},{"damage":12,"enemies":"Lagavulin","floor":11,"turns":5},{"damage":15,"enemies":"Gremlin Gang","floor":12,"turns":4},{"damage":0,"enemies":"3 Louse","floor":14,"turns":1},{"damage":16,"enemies":"Hexaghost","floor":16,"turns":8},{"damage":15,"enemies":"Shell Parasite","floor":18,"turns":7},{"damage":24,"enemies":"2 Thieves","floor":21,"turns":3},{"damage":11,"enemies":"Centurion and Healer","floor":22,"turns":7},{"damage":30,"enemies":"Book of Stabbing","floor":23,"turns":5}],"seed_played":"-2142925806782789139","potions_obtained":[{"floor":11,"key":"Ancient Potion"},{"floor":14,"key":"Block Potion"},{"floor":16,"key":"GamblersBrew"}],"is_trial":false,"path_per_floor":["M","?","$","M","?","R","E","?","T","M","E","M","$","M","R","B",null,"M","?","$","M","M","E"],"character_chosen":"DEFECT","items_purchased":["Sweeping Beam","Chill","Cold Snap","Runic Capacitor"],"campfire_rested":0,"item_purchase_floors":[3,3,13,20],"current_hp_per_floor":[75,75,75,75,80,80,80,80,80,80,68,53,53,53,53,37,80,65,65,65,41,30,0],"gold":31,"neow_bonus":"THREE_ENEMY_KILL","is_prod":false,"is_daily":false,"chose_seed":false,"campfire_upgraded":2,"win_rate":0,"timestamp":1568736628,"path_taken":["M","?","?","?","?","R","E","?","T","M","E","?","$","M","R","BOSS","M","?","$","M","M","E"],"build_version":"2019-09-16v2","purchased_purges":2,"victory":false,"max_hp_per_floor":[75,75,75,75,80,80,80,80,80,80,80,80,80,80,80,80,80,80,80,80,80,80,80],"card_choices":[{"not_picked":["Steam","Reprogram"],"picked":"Rebound","floor":1},{"not_picked":["Leap","Go for the Eyes"],"picked":"Defragment","floor":4},{"not_picked":["Barrage","Machine Learning"],"picked":"Ball Lightning","floor":7},{"not_picked":["Sweeping Beam","BootSequence"],"picked":"Capacitor","floor":10},{"not_picked":["Gash","Blizzard","Stack"],"picked":"SKIP","floor":11},{"not_picked":["Compile Driver","Scrape"],"picked":"Loop","floor":12},{"not_picked":["Conserve Battery","Chill"],"picked":"Genetic Algorithm","floor":14},{"not_picked":["Core Surge","Meteor Strike"],"picked":"Echo Form","floor":16},{"not_picked":["Sweeping Beam","Ball Lightning"],"picked":"Skim+1","floor":18},{"not_picked":["Beam Cell","Streamline"],"picked":"Leap","floor":21},{"not_picked":["Leap","Ball Lightning"],"picked":"BootSequence","floor":22}],"player_experience":1520451,"relics_obtained":[{"floor":7,"key":"Letter Opener"},{"floor":9,"key":"Akabeko"},{"floor":11,"key":"Art of War"}],"event_choices":[{"damage_healed":0,"gold_gain":100,"player_choice":"Pray","damage_taken":0,"max_hp_gain":0,"max_hp_loss":0,"event_name":"Golden Shrine","floor":2,"gold_loss":0},{"damage_healed":0,"gold_gain":0,"player_choice":"Donut","damage_taken":0,"max_hp_gain":5,"max_hp_loss":0,"event_name":"Big Fish","floor":5,"gold_loss":0},{"damage_healed":0,"gold_gain":0,"player_choice":"Rummage","damage_taken":0,"relics_obtained":["WarpedTongs"],"max_hp_gain":0,"max_hp_loss":0,"event_name":"Accursed Blacksmith","floor":8,"gold_loss":0,"cards_obtained":["Pain"]},{"damage_healed":0,"gold_gain":0,"player_choice":"Inject Mutagens","damage_taken":0,"relics_obtained":["MutagenicStrength"],"max_hp_gain":0,"max_hp_loss":0,"event_name":"Drug Dealer","floor":19,"gold_loss":0}],"is_beta":true,"boss_relics":[{"not_picked":["Philosopher\u0027s Stone","Tiny House"],"picked":"Black Star"}],"items_purged_floors":[3,13],"is_endless":false,"potions_floor_spawned":[11,14,16],"killed_by":"Book of Stabbing","ascension_level":1}