{"gold_per_floor":[210,62,80,94,111,111,142,156,182,208,208,225,225,225,225,225],"floor_reached":16,"playtime":858,"items_purged":["Defend_R"],"score":137,"play_id":"c76f4038-07a6-43ac-b406-4fbe8d5fc152","local_time":"20180720194050","is_ascension_mode":false,"campfire_choices":[{"data":"Uppercut","floor":6,"key":"SMITH"},{"data":"Iron Wave","floor":11,"key":"SMITH"},{"floor":15,"key":"REST"}],"neow_cost":"NONE","seed_source_timestamp":536055013180415,"circlet_count":0,"master_deck":["Strike_R","Strike_R","Strike_R+1","Strike_R","Strike_R+1","Defend_R","Defend_R","Defend_R+1","Iron Wave+1","Evolve","Uppercut+1","Shrug It Off","Iron Wave+1","Bloodletting","Iron Wave","Hemokinesis","Seeing Red"],"relics":["Burning Blood","Pen Nib","Whetstone","Happy Flower"],"potions_floor_usage":[7],"damage_taken":[{"damage":6,"enemies":"Jaw Worm","floor":1,"turns":3},{"damage":16,"enemies":"2 Louse","floor":3,"turns":4},{"damage":0,"enemies":"Small Slimes","floor":4,"turns":3},{"damage":6,"enemies":"Blue Slaver","floor":5,"turns":4},{"damage":28,"enemies":"Lagavulin","floor":7,"turns":7},{"damage":15,"enemies":"Looter","floor":8,"turns":3},{"damage":3,"enemies":"Gremlin Nob","floor":10,"turns":3},{"damage":3,"enemies":"Large Slime","floor":12,"turns":3},{"damage":53,"enemies":"The Guardian","floor":16,"turns":10}],"seed_played":"-6845982888371301360","potions_obtained":[{"floor":3,"key":"Weak Potion"},{"floor":5,"key":"EssenceOfSteel"}],"is_trial":false,"path_per_floor":["M","$","M","M","M","R","E","M","T","E","R","M","?","?","R"],"character_chosen":"IRONCLAD","items_purchased":["Evolve"],"campfire_rested":1,"item_purchase_floors":[2],"current_hp_per_floor":[80,80,70,76,76,76,54,45,45,48,48,51,44,28,52,0],"gold":225,"neow_bonus":"HUNDRED_GOLD","is_prod":false,"is_daily":false,"chose_seed":false,"campfire_upgraded":2,"win_rate":0.0,"timestamp":1532104850,"path_taken":["M","$","M","M","M","R","E","M","T","E","R","M","?","?","R","BOSS"],"build_version":"2018-07-19v2","purchased_purges":1,"victory":false,"max_hp_per_floor":[80,80,80,80,80,80,80,80,80,80,80,80,80,80,80,80],"card_choices":[{"not_picked":["Flame Barrier","Fire Breathing"],"picked":"Iron Wave","floor":1},{"not_picked":["Warcry","Rupture"],"picked":"Uppercut","floor":3},{"not_picked":["Pommel Strike","Armaments"],"picked":"Shrug It Off","floor":4},{"not_picked":["Feed","Burning Pact"],"picked":"Iron Wave","floor":5},{"not_picked":["Shockwave","Entrench"],"picked":"Bloodletting","floor":7},{"not_picked":["Clash","Pommel Strike"],"picked":"Iron Wave","floor":8},{"not_picked":["True Grit","Warcry"],"picked":"Hemokinesis","floor":10},{"not_picked":["Rampage","Warcry"],"picked":"Seeing Red","floor":12}],"player_experience":119631,"relics_obtained":[{"floor":7,"key":"Pen Nib"},{"floor":9,"key":"Whetstone"},{"floor":10,"key":"Happy Flower"}],"event_choices":[{"event_name":"Golden Wing","player_choice":"Card Removal","floor":13,"damage_taken":0},{"event_name":"Shining Light","player_choice":"Entered Light","floor":14,"damage_taken":0}],"is_beta":false,"boss_relics":[],"items_purged_floors":[2],"is_endless":false,"potions_floor_spawned":[3,5],"killed_by":"The Guardian","ascension_level":0}