{"gold_per_floor":[112,62,62,62,2,15,15,29,53,84,137,167,203,234,246,388,400,426,452,464,500,45,45,81,81],"floor_reached":25,"playtime":1334,"items_purged":["Regret","Defend_R"],"score":236,"play_id":"53b7f770-b56a-428e-975b-9a467f34638f","local_time":"20180722000836","is_ascension_mode":true,"campfire_choices":[{"data":"Cleave","floor":7,"key":"SMITH"},{"data":"Flex","floor":15,"key":"SMITH"},{"data":"Apotheosis","floor":23,"key":"SMITH"}],"neow_cost":"NONE","seed_source_timestamp":638046076252928,"circlet_count":0,"master_deck":["Strike_R","Strike_R","Strike_R","Strike_R","Defend_R","Defend_R","Defend_R","Bash","Cleave+1","Injury","Sword Boomerang","Infernal Blade","True Grit","Headbutt","Armaments","Inflame","Flex+1","Impervious","Iron Wave+1","Shrug It Off","Apotheosis+1","Flex"],"relics":["Burning Blood","Ancient Tea Set","Golden Idol","The Courier","MawBank","Potion Belt","Snecko Eye","Juzu Bracelet","Tiny Chest","Vajra"],"potions_floor_usage":[11,11,18],"damage_taken":[{"damage":7,"enemies":"2 Louse","floor":1,"turns":3},{"damage":3,"enemies":"Jaw Worm","floor":6,"turns":4},{"damage":0,"enemies":"Cultist","floor":8,"turns":2},{"damage":13,"enemies":"Red Slaver","floor":10,"turns":2},{"damage":9,"enemies":"Lagavulin","floor":11,"turns":6},{"damage":17,"enemies":"Blue Slaver","floor":12,"turns":3},{"damage":0,"enemies":"Gremlin Gang","floor":13,"turns":3},{"damage":3,"enemies":"Looter","floor":14,"turns":2},{"damage":59,"enemies":"Slime Boss","floor":16,"turns":12},{"damage":28,"enemies":"Shell Parasite","floor":18,"turns":4},{"damage":8,"enemies":"3 Byrds","floor":19,"turns":5},{"damage":7,"enemies":"Snecko","floor":21,"turns":6},{"damage":36,"enemies":"Slavers","floor":24,"turns":5},{"damage":31,"enemies":"Snake Plant","floor":25,"turns":3}],"seed_played":"-8098791681071695190","potions_obtained":[{"floor":6,"key":"PowerPotion"},{"floor":10,"key":"GamblersBrew"},{"floor":13,"key":"SmokeBomb"},{"floor":16,"key":"AttackPotion"},{"floor":19,"key":"SteroidPotion"}],"is_trial":false,"path_per_floor":["M","?","?","?","$","M","R","M","T","M","E","M","M","M","R","B",null,"M","M","?","M","$","R","E"],"character_chosen":"IRONCLAD","items_purchased":["Apotheosis","Juzu Bracelet","Tiny Chest"],"campfire_rested":0,"item_purchase_floors":[22,22,22],"current_hp_per_floor":[79,79,79,79,79,80,80,80,80,73,70,59,65,68,68,15,80,58,56,48,56,56,56,26,0],"gold":81,"neow_bonus":"RANDOM_COMMON_RELIC","is_prod":false,"is_daily":false,"chose_seed":false,"campfire_upgraded":3,"win_rate":0,"timestamp":1532207316,"path_taken":["M","?","?","?","$","M","R","M","T","M","E","M","M","M","R","BOSS","M","M","?","M","$","R","E","M"],"build_version":"2018-07-19v2","purchased_purges":2,"victory":false,"max_hp_per_floor":[80,80,80,80,80,80,80,80,80,80,80,80,80,80,80,80,80,80,80,80,80,80,80,80,80],"card_choices":[{"not_picked":["Wild Strike","Evolve"],"picked":"Cleave","floor":1},{"not_picked":["Pommel Strike","Bloodletting"],"picked":"Sword Boomerang","floor":6},{"not_picked":["Ghostly Armor","True Grit"],"picked":"Infernal Blade","floor":8},{"not_picked":["Cleave","Headbutt"],"picked":"True Grit","floor":10},{"not_picked":["Anger","Carnage"],"picked":"Headbutt","floor":11},{"not_picked":["Shrug It Off","Carnage"],"picked":"Armaments","floor":12},{"not_picked":["Rage","Heavy Blade"],"picked":"Inflame","floor":13},{"not_picked":["Impervious","Perfected Strike"],"picked":"Flex","floor":14},{"not_picked":["Brutality","Bludgeon"],"picked":"Impervious","floor":16},{"not_picked":["Havoc","Second Wind","Twin Strike"],"picked":"SKIP","floor":18},{"not_picked":["Burning Pact","Entrench"],"picked":"Iron Wave+1","floor":19},{"not_picked":["Burning Pact","Combust+1"],"picked":"Shrug It Off","floor":21},{"not_picked":["Iron Wave","Sentinel"],"picked":"Flex","floor":24}],"player_experience":163975,"relics_obtained":[{"floor":9,"key":"MawBank"},{"floor":11,"key":"Potion Belt"},{"floor":24,"key":"Vajra"}],"event_choices":[{"event_name":"The Cleric","player_choice":"Card Removal","floor":2,"damage_taken":0},{"event_name":"Golden Idol","player_choice":"Take Wound","floor":3,"damage_taken":0},{"event_name":"Big Fish","player_choice":"Box","floor":4,"damage_taken":0},{"event_name":"Knowing Skull","player_choice":"","floor":20,"damage_taken":0}],"is_beta":false,"boss_relics":[{"not_picked":["Ectoplasm","Fusion Hammer"],"picked":"Snecko Eye"}],"items_purged_floors":[5,22],"is_endless":false,"potions_floor_spawned":[6,10,13,16,19],"killed_by":"Snake Plant","ascension_level":1}