{"gold_per_floor":[113,113,128,138,13,44,44,72,72,72,102,120,100,114,114,219,219,234,53,53,28,48,80,80,99,151,151,241,258,292,90,90,185,185,196,213,233,251,263,292,292,324,394,394,409,421,456,67,67,67,67,67,17,46,46],"floor_reached":55,"playtime":6180,"items_purged":["Strike_B","Strike_B"],"score":1128,"play_id":"4158435e-a2da-44d4-bf8f-d12f7f844a09","local_time":"20191011185208","is_ascension_mode":true,"campfire_choices":[{"data":"Zap","floor":7.0,"key":"SMITH"},{"data":"Dualcast","floor":10.0,"key":"SMITH"},{"floor":15.0,"key":"REST"},{"data":"Genetic Algorithm","floor":24.0,"key":"SMITH"},{"data":"Coolheaded","floor":27.0,"key":"SMITH"},{"floor":32.0,"key":"REST"},{"data":"Buffer","floor":41.0,"key":"SMITH"},{"data":"Self Repair","floor":44.0,"key":"SMITH"},{"floor":49.0,"key":"RECALL"},{"data":"Seek","floor":52.0,"key":"SMITH"}],"neow_cost":"NONE","seed_source_timestamp":0,"circlet_count":0,"master_deck":["Strike_B+1","Strike_B+1","Defend_B","Defend_B","Defend_B","Defend_B","Zap+1","Dualcast+1","Coolheaded+1","Doom and Gloom","Cold Snap","Static Discharge","Glacier","Consume","Ball Lightning","Genetic Algorithm+1","Core Surge","Go for the Eyes+1","Defragment+1","Turbo","Consume+1","Conserve Battery","Compile Driver","Self Repair+1","Multi-Cast","Machine Learning","Compile Driver","Hologram","Echo Form","Leap+1","Buffer+1","Go for the Eyes+1","Recycle+1","Seek+1","Double Energy+1","Loop","Seek","Stack"],"special_seed":0,"relics":["Cracked Core","Whetstone","FaceOfCleric","Blood Vial","Mango","Pear","Singing Bowl","Inserter","Symbiotic Virus","Art of War","Philosopher\u0027s Stone","Ancient Tea Set","FossilizedHelix","Shuriken","Molten Egg 2","Lee\u0027s Waffle","Lantern"],"potions_floor_usage":[55],"damage_taken":[{"damage":3.0,"enemies":"2 Louse","floor":1.0,"turns":2.0},{"damage":0.0,"enemies":"Cultist","floor":3.0,"turns":3.0},{"damage":0.0,"enemies":"Small Slimes","floor":4.0,"turns":2.0},{"damage":18.0,"enemies":"Gremlin Nob","floor":6.0,"turns":4.0},{"damage":18.0,"enemies":"3 Sentries","floor":8.0,"turns":6.0},{"damage":13.0,"enemies":"Lagavulin","floor":11.0,"turns":10.0},{"damage":13.0,"enemies":"Exordium Thugs","floor":12.0,"turns":5.0},{"damage":18.0,"enemies":"Gremlin Gang","floor":14.0,"turns":3.0},{"damage":32.0,"enemies":"Slime Boss","floor":16.0,"turns":9.0},{"damage":2.0,"enemies":"Spheric Guardian","floor":18.0,"turns":4.0},{"damage":3.0,"enemies":"2 Thieves","floor":22.0,"turns":4.0},{"damage":19.0,"enemies":"Book of Stabbing","floor":23.0,"turns":7.0},{"damage":0.0,"enemies":"Centurion and Healer","floor":25.0,"turns":7.0},{"damage":13.0,"enemies":"Snake Plant","floor":29.0,"turns":3.0},{"damage":46.0,"enemies":"Slavers","floor":30.0,"turns":4.0},{"damage":0.0,"enemies":"Champ","floor":33.0,"turns":17.0},{"damage":20.0,"enemies":"3 Shapes","floor":35.0,"turns":3.0},{"damage":23.0,"enemies":"3 Darklings","floor":36.0,"turns":7.0},{"damage":37.0,"enemies":"Sphere and 2 Shapes","floor":37.0,"turns":6.0},{"damage":17.0,"enemies":"Transient","floor":38.0,"turns":5.0},{"damage":4.0,"enemies":"Spire Growth","floor":39.0,"turns":4.0},{"damage":2.0,"enemies":"Giant Head","floor":40.0,"turns":11.0},{"damage":37.0,"enemies":"Reptomancer","floor":42.0,"turns":8.0},{"damage":0.0,"enemies":"Maw","floor":45.0,"turns":9.0},{"damage":15.0,"enemies":"Jaw Worm Horde","floor":46.0,"turns":6.0},{"damage":40.0,"enemies":"Nemesis","floor":47.0,"turns":12.0},{"damage":35.0,"enemies":"Awakened One","floor":50.0,"turns":16.0},{"damage":84.0,"enemies":"Shield and Spear","floor":54.0,"turns":10.0},{"damage":82,"enemies":"The Heart","floor":55,"turns":9}],"seed_played":"5732868656325840145","potions_obtained":[{"floor":4.0,"key":"Fruit Juice"},{"floor":6.0,"key":"Dexterity Potion"},{"floor":12.0,"key":"SteroidPotion"},{"floor":13.0,"key":"Weak Potion"},{"floor":18.0,"key":"Weak Potion"},{"floor":25.0,"key":"Strength Potion"},{"floor":30.0,"key":"FocusPotion"},{"floor":36.0,"key":"PowerPotion"},{"floor":38.0,"key":"Block Potion"},{"floor":39.0,"key":"Swift Potion"},{"floor":40.0,"key":"SpeedPotion"},{"floor":45.0,"key":"Dexterity Potion"},{"floor":47.0,"key":"FocusPotion"},{"floor":54.0,"key":"EssenceOfSteel"}],"is_trial":false,"path_per_floor":["M","?","M","M","$","E","R","E","T","R","E","M","?","M","R","B",null,"M","$","?","$","M","E","R","M","T","R","?","M","E","$","R","B",null,"M","M","M","M","M","E","R","E","T","R","M","M","E","$","R","B",null,"R","$","E","B"],"character_chosen":"DEFECT","items_purchased":["Strength Potion","Defragment","Turbo","Block Potion","Multi-Cast","Lee\u0027s Waffle","Loop","Seek","Stack"],"campfire_rested":2,"item_purchase_floors":[5,19,21,31,31,48,48,48,53],"current_hp_per_floor":[72,72,73,74,74,62,62,61,71,71,61,51,51,36,69,40,94,95,95,95,95,97,81,81,84,84,84,62,52,9,9,45,55,105,95,82,55,50,56,71,71,51,51,51,64,62,35,140,140,126,137,137,137,78,0],"gold":46,"neow_bonus":"RANDOM_COMMON_RELIC","is_prod":false,"is_daily":false,"chose_seed":false,"campfire_upgraded":7,"win_rate":0,"timestamp":1570845128,"path_taken":["M","?","?","?","?","E","R","E","T","R","E","M","?","M","R","BOSS","M","$","?","?","?","E","R","M","T","R","?","M","E","$","R","BOSS","M","M","?","?","?","E","R","E","T","R","M","M","E","$","R","BOSS","R","$","E","BOSS"],"build_version":"2019-07-17","purchased_purges":2,"victory":false,"max_hp_per_floor":[75,75,76,77,77,83,83,98,108,108,109,110,110,111,111,112,112,113,113,113,113,116,117,117,118,118,118,118,119,120,120,120,121,121,122,123,124,127,128,129,129,130,130,130,131,132,133,140,140,141,141,141,141,144,144],"card_choices":[{"not_picked":["Stack","Reprogram"],"picked":"Coolheaded","floor":1.0},{"not_picked":["Gash","Streamline"],"picked":"Doom and Gloom","floor":3.0},{"not_picked":["Chaos","Go for the Eyes"],"picked":"Cold Snap","floor":4.0},{"not_picked":["Steam","Gash"],"picked":"Static Discharge","floor":6.0},{"not_picked":["Beam Cell","Barrage"],"picked":"Glacier","floor":8.0},{"not_picked":["Melter","Force Field"],"picked":"Consume","floor":11.0},{"not_picked":["Hologram","Aggregate"],"picked":"Ball Lightning","floor":12.0},{"not_picked":["Gash","Fission"],"picked":"Genetic Algorithm","floor":14.0},{"not_picked":["Rainbow","Thunder Strike"],"picked":"Core Surge","floor":16.0},{"not_picked":["Fusion","Rebound+1"],"picked":"Go for the Eyes+1","floor":18.0},{"not_picked":["Glacier","Static Discharge","Rebound+1"],"picked":"Singing Bowl","floor":22.0},{"not_picked":["Steam+1","Go for the Eyes+1"],"picked":"Consume+1","floor":23.0},{"not_picked":["Hello World","Leap"],"picked":"Conserve Battery","floor":25.0},{"not_picked":["BootSequence+1","Melter"],"picked":"Compile Driver","floor":29.0},{"not_picked":["Scrape","Defragment"],"picked":"Self Repair","floor":30.0},{"not_picked":["All For One","Amplify"],"picked":"Machine Learning","floor":33.0},{"not_picked":["Cold Snap+1","Gash"],"picked":"Compile Driver","floor":35.0},{"not_picked":["Scrape","Turbo+1"],"picked":"Hologram","floor":36.0},{"not_picked":["Turbo","Go for the Eyes"],"picked":"Echo Form","floor":37.0},{"not_picked":["Compile Driver","Sunder","Genetic Algorithm"],"picked":"Singing Bowl","floor":38.0},{"not_picked":["Beam Cell","Steam+1"],"picked":"Leap+1","floor":39.0},{"not_picked":["Leap","Gash"],"picked":"Buffer","floor":40.0},{"not_picked":["Cold Snap+1","Reprogram+1"],"picked":"Go for the Eyes+1","floor":42.0},{"not_picked":["Lockon","Capacitor+1"],"picked":"Recycle+1","floor":45.0},{"not_picked":["Redo","Fusion"],"picked":"Seek","floor":46.0},{"not_picked":["Hologram+1","Reboot"],"picked":"Double Energy+1","floor":47.0},{"not_picked":["Genetic Algorithm+1","Lockon+1","Capacitor"],"picked":"Singing Bowl","floor":54.0}],"player_experience":286739,"relics_obtained":[{"floor":6.0,"key":"Blood Vial"},{"floor":8.0,"key":"Mango"},{"floor":9.0,"key":"Pear"},{"floor":11.0,"key":"Singing Bowl"},{"floor":23.0,"key":"Symbiotic Virus"},{"floor":30.0,"key":"Art of War"},{"floor":40.0,"key":"Ancient Tea Set"},{"floor":42.0,"key":"FossilizedHelix"},{"floor":43.0,"key":"Shuriken"},{"floor":47.0,"key":"Molten Egg 2"},{"floor":54.0,"key":"Lantern"}],"event_choices":[{"damage_healed":0.0,"max_hp_gain":0.0,"max_hp_loss":0.0,"gold_gain":0.0,"event_name":"FaceTrader","player_choice":"Trade","floor":2.0,"gold_loss":0.0,"damage_taken":0.0,"relics_obtained":["FaceOfCleric"]},{"damage_healed":0.0,"max_hp_gain":0.0,"max_hp_loss":0.0,"gold_gain":0.0,"event_name":"The Woman in Blue","player_choice":"Bought 1 Potion","floor":13.0,"gold_loss":0.0,"damage_taken":0.0},{"damage_healed":0.0,"max_hp_gain":0.0,"max_hp_loss":0.0,"gold_gain":0.0,"event_name":"Upgrade Shrine","player_choice":"Upgraded","floor":20.0,"gold_loss":0.0,"damage_taken":0.0,"cards_upgraded":["Defragment"]},{"damage_healed":0.0,"max_hp_gain":0.0,"max_hp_loss":0.0,"gold_gain":90.0,"event_name":"Knowing Skull","player_choice":"GOLD ","floor":28.0,"potions_obtained":[],"gold_loss":0.0,"damage_taken":22.0,"cards_obtained":[]}],"is_beta":false,"boss_relics":[{"not_picked":["Astrolabe","Runic Dome"],"picked":"Inserter"},{"not_picked":["Pandora\u0027s Box","White Beast Statue"],"picked":"Philosopher\u0027s Stone"}],"items_purged_floors":[5,19],"is_endless":false,"potions_floor_spawned":[4,6,12,14,18,25,30,36,38,39,40,45,47,54],"killed_by":"The Heart","ascension_level":5}