{"gold_per_floor":[110,120,134,59,74,99,99,128,155,185,256,256,269,12,12,110,110,130,141,21,97,97,97,107,57,83,96,96,127,139,139,139,242,242,260,276,376,326,326,337,364,364,364,391,391,391,422,189,189,189],"floor_reached":51,"playtime":4466,"items_purged":["Regret","Strike_B","Strike_B","Strike_B","Strike_B+1","Go for the Eyes"],"score":1114,"play_id":"50887f39-dea2-4dd2-b519-98ee22a384d9","local_time":"20191009000134","is_ascension_mode":true,"campfire_choices":[{"floor":7.0,"key":"REST"},{"floor":15.0,"key":"REST"},{"data":"Biased Cognition","floor":23.0,"key":"SMITH"},{"data":"Zap","floor":28.0,"key":"SMITH"},{"data":"Turbo","floor":32,"key":"SMITH"},{"data":"Self Repair","floor":42,"key":"SMITH"},{"data":"Mind Blast","floor":45,"key":"SMITH"},{"data":"Defragment","floor":49,"key":"SMITH"}],"neow_cost":"CURSE","seed_source_timestamp":7788113147200,"circlet_count":0,"master_deck":["Defend_B+1","Defend_B+1","Defend_B+1","Defend_B+1","Zap+1","Dualcast","Core Surge","Glacier+1","Rebound+1","Creative AI","BootSequence","Echo Form","Steam+1","Melter","Biased Cognition+1","Undo","Heatsinks+1","Self Repair+1","Skim","Electrodynamics","Go for the Eyes","Turbo+1","Reboot","Loop+1","Mind Blast+1","Go for the Eyes+1","Seek","Defragment+1"],"special_seed":0,"relics":["Cracked Core","Gremlin Horn","Smiling Mask","Orichalcum","Bag of Preparation","Runic Capacitor","Sozu","Question Card","Anchor","Juzu Bracelet","Whetstone","Busted Crown","Turnip","PreservedInsect","Pantograph","Bottled Flame","Pear"],"potions_floor_usage":[50,50],"damage_taken":[{"damage":0.0,"enemies":"Small Slimes","floor":1.0,"turns":2.0},{"damage":4.0,"enemies":"Jaw Worm","floor":2.0,"turns":3.0},{"damage":2.0,"enemies":"Cultist","floor":3.0,"turns":3.0},{"damage":15.0,"enemies":"Large Slime","floor":5.0,"turns":7.0},{"damage":21.0,"enemies":"Lagavulin","floor":6.0,"turns":10.0},{"damage":19.0,"enemies":"Gremlin Nob","floor":8.0,"turns":5.0},{"damage":10.0,"enemies":"3 Sentries","floor":10.0,"turns":7.0},{"damage":0.0,"enemies":"Blue Slaver","floor":13.0,"turns":3.0},{"damage":0.0,"enemies":"The Guardian","floor":16.0,"turns":13.0},{"damage":6.0,"enemies":"Shell Parasite","floor":18.0,"turns":5.0},{"damage":0.0,"enemies":"Spheric Guardian","floor":19.0,"turns":1.0},{"damage":0.0,"enemies":"Centurion and Healer","floor":24.0,"turns":10.0},{"damage":0.0,"enemies":"Snake Plant","floor":27.0,"turns":4.0},{"damage":11.0,"enemies":"Slavers","floor":29.0,"turns":5.0},{"damage":0,"enemies":"Chosen and Byrds","floor":30,"turns":4},{"damage":16,"enemies":"Collector","floor":33,"turns":8},{"damage":0,"enemies":"3 Shapes","floor":35,"turns":4},{"damage":14,"enemies":"3 Darklings","floor":36,"turns":4},{"damage":0,"enemies":"Mind Bloom Boss Battle","floor":37,"turns":4},{"damage":8,"enemies":"Sphere and 2 Shapes","floor":40,"turns":3},{"damage":9,"enemies":"Reptomancer","floor":41,"turns":6},{"damage":0,"enemies":"Giant Head","floor":44,"turns":7},{"damage":7,"enemies":"Reptomancer","floor":47,"turns":5},{"damage":31,"enemies":"Awakened One","floor":50,"turns":11}],"seed_played":"-5191358168566563547","potions_obtained":[{"floor":1.0,"key":"Energy Potion"},{"floor":3.0,"key":"AttackPotion"},{"floor":8.0,"key":"Ancient Potion"},{"floor":13.0,"key":"Regen Potion"}],"is_trial":false,"path_per_floor":["M","M","M","$","M","E","R","E","T","E","?","?","M","$","R","B",null,"M","M","$","T","?","R","M","$","T","M","R","E","M","?","R","B",null,"M","M","?","$","?","M","E","R","T","E","R","?","E","$","R","B",null],"character_chosen":"DEFECT","items_purchased":["Runic Capacitor","Self Repair","Seek","Defragment"],"campfire_rested":2,"item_purchase_floors":[14,20,48,48],"current_hp_per_floor":[68,64,62,62,47,26,48,29,29,19,19,4,4,4,26,26,63,57,57,57,57,57,57,64,64,64,71,71,67,74,74,74,65,73,75,68,68,68,68,60,58,58,58,75,75,75,85,85,85,68],"gold":189,"neow_bonus":"THREE_RARE_CARDS","is_prod":false,"is_daily":false,"chose_seed":false,"campfire_upgraded":6,"win_rate":0,"timestamp":1570572094,"path_taken":["M","M","M","$","M","E","R","E","T","E","?","?","M","?","R","BOSS","M","M","$","?","?","R","M","$","T","M","R","E","M","?","R","BOSS","M","M","?","$","?","M","E","R","T","E","R","?","E","$","R","BOSS"],"build_version":"2019-07-17","purchased_purges":6,"victory":true,"max_hp_per_floor":[75,75,75,75,75,75,75,75,75,75,75,75,75,75,75,75,75,75,75,75,75,75,75,75,75,75,75,75,75,75,75,75,75,75,75,75,75,75,75,75,75,75,75,75,75,75,85,85,85,85],"card_choices":[{"not_picked":["Buffer","Meteor Strike"],"picked":"Core Surge","floor":0.0},{"not_picked":["Steam Power","Compile Driver"],"picked":"Glacier","floor":1.0},{"not_picked":["Rebound","Scrape"],"picked":"Go for the Eyes","floor":2.0},{"not_picked":["Streamline","Stack"],"picked":"Rebound","floor":3.0},{"not_picked":["Rebound","Glacier"],"picked":"Creative AI","floor":5.0},{"not_picked":["Coolheaded","Leap"],"picked":"BootSequence","floor":6.0},{"not_picked":["Loop","Cold Snap"],"picked":"Echo Form","floor":8.0},{"not_picked":["Streamline","Sweeping Beam"],"picked":"Steam","floor":10.0},{"not_picked":["Sweeping Beam","Barrage"],"picked":"Melter","floor":13.0},{"not_picked":["Core Surge","Reboot"],"picked":"Biased Cognition","floor":16.0},{"not_picked":["Redo","Ball Lightning"],"picked":"Undo","floor":18.0},{"not_picked":["Compile Driver","Conserve Battery"],"picked":"Heatsinks+1","floor":19.0},{"not_picked":["Chaos","Tempest","Turbo"],"picked":"Skim","floor":24.0},{"not_picked":["Auto Shields","Loop","Conserve Battery"],"picked":"Electrodynamics","floor":27.0},{"not_picked":["Rebound","Barrage+1","Ball Lightning"],"picked":"Go for the Eyes","floor":29},{"not_picked":["White Noise","Gash+1","Redo"],"picked":"Turbo","floor":30},{"not_picked":["Core Surge","Machine Learning","Thunder Strike"],"picked":"Reboot","floor":33},{"not_picked":["Barrage","Rebound"],"picked":"SKIP","floor":35},{"not_picked":["Beam Cell","Cold Snap+1"],"picked":"SKIP","floor":36},{"not_picked":["Go for the Eyes+1"],"picked":"Loop+1","floor":37},{"not_picked":["Secret Weapon"],"picked":"Mind Blast","floor":39},{"not_picked":["Compile Driver+1"],"picked":"Go for the Eyes+1","floor":40},{"not_picked":["Conserve Battery","Go for the Eyes"],"picked":"SKIP","floor":41},{"not_picked":["Gash","Steam"],"picked":"SKIP","floor":44},{"not_picked":["Ball Lightning","Gash"],"picked":"SKIP","floor":47}],"player_experience":212431,"relics_obtained":[{"floor":6.0,"key":"Gremlin Horn"},{"floor":8.0,"key":"Smiling Mask"},{"floor":9.0,"key":"Orichalcum"},{"floor":10.0,"key":"Bag of Preparation"},{"floor":21.0,"key":"Question Card"},{"floor":26.0,"key":"Juzu Bracelet"},{"floor":29,"key":"Whetstone"},{"floor":37,"key":"Turnip"},{"floor":41,"key":"PreservedInsect"},{"floor":43,"key":"Pantograph"},{"floor":44,"key":"Bottled Flame"},{"floor":47,"key":"Pear"}],"event_choices":[{"damage_healed":0.0,"max_hp_gain":0.0,"max_hp_loss":0.0,"gold_gain":71.0,"event_name":"Golden Wing","player_choice":"Gained Gold","floor":11.0,"gold_loss":0.0,"damage_taken":0.0},{"damage_healed":0.0,"max_hp_gain":0.0,"max_hp_loss":0.0,"gold_gain":0.0,"event_name":"Shining Light","player_choice":"Entered Light","floor":12.0,"gold_loss":0.0,"damage_taken":15.0,"cards_upgraded":["Steam","Glacier"]},{"damage_healed":0.0,"max_hp_gain":0.0,"max_hp_loss":0.0,"gold_gain":0.0,"event_name":"The Mausoleum","player_choice":"Opened","floor":22.0,"gold_loss":0.0,"damage_taken":0.0,"relics_obtained":["Anchor"]},{"damage_healed":0,"gold_gain":0,"player_choice":"Simplicity","damage_taken":0,"max_hp_gain":0,"max_hp_loss":0,"event_name":"Back to Basics","floor":31,"gold_loss":0,"cards_upgraded":["Defend_B","Defend_B","Defend_B","Defend_B"]},{"damage_healed":0,"gold_gain":0,"player_choice":"Fight","damage_taken":0,"max_hp_gain":0,"max_hp_loss":0,"event_name":"MindBloom","floor":37,"gold_loss":0},{"damage_healed":0,"gold_gain":0,"player_choice":"Memory 1","damage_taken":0,"max_hp_gain":0,"max_hp_loss":0,"event_name":"SensoryStone","floor":39,"gold_loss":0},{"damage_healed":0,"gold_gain":0,"player_choice":"Ignored","damage_taken":0,"max_hp_gain":0,"max_hp_loss":0,"event_name":"Tomb of Lord Red Mask","floor":46,"gold_loss":0}],"is_beta":false,"boss_relics":[{"not_picked":["White Beast Statue","Ectoplasm"],"picked":"Sozu"},{"not_picked":["Velvet Choker","FrozenCore"],"picked":"Busted Crown"}],"items_purged_floors":[4,14,20,25,38,48],"is_endless":false,"potions_floor_spawned":[1,3,8,13,18,19,33,35,37,41],"ascension_level":8}