{"gold_per_floor":[117,217,237,19,94,94,109,109,135,135,82,82,125,138,138,261,261,274,315,9,9,32,32,70,93,93,93,109,128,128,48,48,177,177,191,215,233,233,102,145,145,203,278,278,14,39,39,58,58,58],"floor_reached":50,"playtime":2342,"items_purged":["Defend_R","Corruption","Defend_R"],"score":587,"play_id":"5c163d75-a091-4506-a2d0-c0568f516abc","local_time":"20190924231146","is_ascension_mode":true,"campfire_choices":[{"data":"Perfected Strike","floor":6.0,"key":"SMITH"},{"data":"Perfected Strike","floor":8.0,"key":"SMITH"},{"data":"Good Instincts","floor":15.0,"key":"SMITH"},{"data":"Perfected Strike","floor":23.0,"key":"SMITH"},{"data":"Iron Wave","floor":27.0,"key":"SMITH"},{"data":"Cleave","floor":30.0,"key":"SMITH"},{"data":"Armaments","floor":32.0,"key":"SMITH"},{"floor":41.0,"key":"REST"},{"data":"Perfected Strike","floor":44.0,"key":"SMITH"},{"data":"Demon Form","floor":47.0,"key":"SMITH"},{"floor":49.0,"key":"RECALL"}],"neow_cost":"NONE","seed_source_timestamp":0,"circlet_count":0,"master_deck":["Strike_R","Strike_R","Strike_R","Strike_R","Defend_R","Bash","Perfected Strike+1","Shrug It Off","Perfected Strike+1","Cleave+1","Good Instincts+1","Pommel Strike","Perfected Strike+1","Wild Strike","Demon Form+1","Armaments+1","Iron Wave+1","True Grit+1","Headbutt+1","Perfected Strike+1","Ghostly Armor","Pommel Strike","Dual Wield","Cleave+1","Wild Strike","Warcry","Havoc+1","Warcry+1"],"special_seed":0,"relics":["Burning Blood","Orichalcum","Golden Idol","Gremlin Horn","Busted Crown","Red Mask","Thread and Needle","Ancient Tea Set","The Courier","Ice Cream","Empty Cage","Vajra","Unceasing Top","Prayer Wheel"],"potions_floor_usage":[50,50],"damage_taken":[{"damage":6.0,"enemies":"Jaw Worm","floor":1.0,"turns":4.0},{"damage":5.0,"enemies":"Cultist","floor":3.0,"turns":4.0},{"damage":7.0,"enemies":"Small Slimes","floor":7.0,"turns":2.0},{"damage":25.0,"enemies":"3 Sentries","floor":13.0,"turns":6.0},{"damage":1.0,"enemies":"Looter","floor":14.0,"turns":2.0},{"damage":48.0,"enemies":"The Guardian","floor":16.0,"turns":7.0},{"damage":6.0,"enemies":"Chosen","floor":18.0,"turns":2.0},{"damage":9.0,"enemies":"Masked Bandits","floor":19.0,"turns":3.0},{"damage":1.0,"enemies":"Spheric Guardian","floor":22.0,"turns":3.0},{"damage":9.0,"enemies":"Book of Stabbing","floor":24.0,"turns":4.0},{"damage":14.0,"enemies":"Snake Plant","floor":25.0,"turns":3.0},{"damage":0.0,"enemies":"Cultist and Chosen","floor":28.0,"turns":3.0},{"damage":0.0,"enemies":"Centurion and Healer","floor":29.0,"turns":2.0},{"damage":45.0,"enemies":"Champ","floor":33.0,"turns":8.0},{"damage":0.0,"enemies":"Orb Walker","floor":35.0,"turns":2.0},{"damage":11.0,"enemies":"3 Darklings","floor":36.0,"turns":3.0},{"damage":0.0,"enemies":"Jaw Worm Horde","floor":37.0,"turns":4.0},{"damage":45.0,"enemies":"Nemesis","floor":40.0,"turns":7.0},{"damage":0.0,"enemies":"2 Orb Walkers","floor":42.0,"turns":2.0},{"damage":1.0,"enemies":"Spire Growth","floor":46.0,"turns":3.0},{"damage":10.0,"enemies":"Sphere and 2 Shapes","floor":48.0,"turns":4.0},{"damage":92,"enemies":"Awakened One","floor":50,"turns":8}],"seed_played":"-629782443743635114","potions_obtained":[{"floor":13.0,"key":"EntropicBrew"},{"floor":19.0,"key":"FearPotion"},{"floor":24.0,"key":"SkillPotion"},{"floor":28.0,"key":"Explosive Potion"},{"floor":29.0,"key":"Block Potion"},{"floor":36.0,"key":"Strength Potion"},{"floor":37.0,"key":"LiquidBronze"},{"floor":48.0,"key":"SteroidPotion"}],"is_trial":false,"path_per_floor":["M","?","M","$","?","R","M","R","T","?","$","?","E","M","R","B",null,"M","?","$","?","M","R","E","M","T","R","M","M","R","$","R","B",null,"M","M","M","?","$","E","R","?","T","R","$","M","R","M","R","B"],"character_chosen":"IRONCLAD","items_purchased":["Cleave","Good Instincts","Pommel Strike","Thread and Needle","Dual Wield","Prayer Wheel","Warcry"],"campfire_rested":1,"item_purchase_floors":[4,4,11,20,39,45,45],"current_hp_per_floor":[80,80,80,80,69,69,68,68,68,68,68,68,49,54,54,12,74,74,71,71,71,74,74,71,63,63,63,69,74,74,74,74,35,74,74,69,74,74,74,35,57,63,63,63,63,68,68,64,64,0],"gold":58,"neow_bonus":"THREE_CARDS","is_prod":false,"is_daily":false,"chose_seed":false,"campfire_upgraded":9,"win_rate":0,"timestamp":1569391906,"path_taken":["M","?","?","$","?","R","M","R","T","?","$","?","E","M","R","BOSS","M","?","$","?","M","R","E","M","T","R","M","M","R","?","R","BOSS","M","M","M","?","$","E","R","?","T","R","$","?","R","M","R","BOSS"],"build_version":"2019-07-17","purchased_purges":3,"victory":false,"max_hp_per_floor":[80,80,80,80,80,80,80,80,80,80,80,74,74,74,74,74,74,74,74,74,74,74,74,74,74,74,74,74,74,74,74,74,74,74,74,74,74,74,74,74,74,74,74,74,74,74,74,74,74,74],"card_choices":[{"not_picked":["True Grit","Iron Wave"],"picked":"Perfected Strike","floor":0.0},{"not_picked":["Intimidate","Feel No Pain"],"picked":"Shrug It Off","floor":1.0},{"not_picked":["True Grit","Havoc"],"picked":"Perfected Strike","floor":3.0},{"not_picked":["Warcry","Flex"],"picked":"Corruption","floor":7.0},{"not_picked":["Pommel Strike","Headbutt"],"picked":"Perfected Strike","floor":13.0},{"not_picked":["Hemokinesis","Power Through"],"picked":"Wild Strike","floor":14.0},{"not_picked":["Exhume","Immolate"],"picked":"Demon Form","floor":16.0},{"not_picked":["Clothesline"],"picked":"SKIP","floor":18.0},{"not_picked":[],"picked":"Armaments","floor":19.0},{"not_picked":[],"picked":"Iron Wave","floor":22.0},{"not_picked":["Clash"],"picked":"SKIP","floor":24.0},{"not_picked":["Anger"],"picked":"SKIP","floor":25.0},{"not_picked":[],"picked":"True Grit+1","floor":28.0},{"not_picked":[],"picked":"Headbutt+1","floor":29.0},{"not_picked":[],"picked":"Perfected Strike","floor":35.0},{"not_picked":[],"picked":"Ghostly Armor","floor":36.0},{"not_picked":[],"picked":"Pommel Strike","floor":37.0},{"not_picked":[],"picked":"Cleave+1","floor":40.0},{"not_picked":[],"picked":"Wild Strike","floor":42.0},{"not_picked":[],"picked":"Havoc+1","floor":46.0},{"not_picked":["Fire Breathing"],"picked":"SKIP","floor":46.0},{"not_picked":[],"picked":"Warcry+1","floor":48.0},{"not_picked":["Combust+1"],"picked":"SKIP","floor":48.0}],"player_experience":180025,"relics_obtained":[{"floor":9.0,"key":"Orichalcum"},{"floor":13.0,"key":"Gremlin Horn"},{"floor":19.0,"key":"Red Mask"},{"floor":24.0,"key":"The Courier"},{"floor":26.0,"key":"Ice Cream"},{"floor":40.0,"key":"Vajra"},{"floor":42.0,"key":"Unceasing Top"}],"event_choices":[{"damage_healed":0.0,"max_hp_gain":0.0,"max_hp_loss":0.0,"gold_gain":100.0,"event_name":"Golden Shrine","player_choice":"Pray","floor":2.0,"gold_loss":0.0,"damage_taken":0.0},{"damage_healed":0.0,"max_hp_gain":0.0,"max_hp_loss":0.0,"gold_gain":75.0,"event_name":"World of Goop","player_choice":"Gather Gold","floor":5.0,"gold_loss":0.0,"damage_taken":11.0},{"damage_healed":0.0,"max_hp_gain":0.0,"max_hp_loss":0.0,"gold_gain":0.0,"cards_transformed":["Defend_R"],"event_name":"Living Wall","player_choice":"Change","floor":10.0,"gold_loss":0.0,"damage_taken":0.0,"cards_obtained":["Combust"]},{"damage_healed":0.0,"max_hp_gain":0.0,"max_hp_loss":6.0,"gold_gain":0.0,"event_name":"Golden Idol","player_choice":"Lose Max HP","floor":12.0,"gold_loss":0.0,"damage_taken":0.0,"relics_obtained":["Golden Idol"]},{"damage_healed":0.0,"max_hp_gain":0.0,"max_hp_loss":0.0,"gold_gain":0.0,"event_name":"Masked Bandits","player_choice":"Fought Bandits","floor":19.0,"gold_loss":0.0,"damage_taken":0.0},{"damage_healed":0.0,"max_hp_gain":0.0,"max_hp_loss":0.0,"gold_gain":0.0,"event_name":"The Mausoleum","player_choice":"Opened","floor":21.0,"gold_loss":0.0,"damage_taken":0.0,"relics_obtained":["Ancient Tea Set"],"cards_obtained":["Writhe"]},{"cards_removed":["Strike_R"],"damage_healed":0.0,"max_hp_gain":0.0,"max_hp_loss":0.0,"gold_gain":0.0,"event_name":"Falling","player_choice":"Removed Attack","floor":38.0,"gold_loss":0.0,"damage_taken":0.0},{"damage_healed":0.0,"max_hp_gain":0.0,"max_hp_loss":0.0,"gold_gain":0.0,"event_name":"Mysterious Sphere","player_choice":"Fight","floor":42.0,"gold_loss":0.0,"damage_taken":0.0}],"is_beta":false,"boss_relics":[{"not_picked":["White Beast Statue","Astrolabe"],"picked":"Busted Crown"},{"not_picked":["Runic Dome","Orrery"],"picked":"Empty Cage"}],"items_purged_floors":[4,31,39],"is_endless":false,"potions_floor_spawned":[13,19,24,28,29,36,37,48],"killed_by":"Awakened One","ascension_level":2}