{"gold_per_floor":[369,379,379,395,11,11,11,55,55,20,38,52,52,86,86,214,214,228,27,27,27,40,40,53,72,98,98,121,152,80,96,96,220,220,234,234,234,134,134,134,169,169,221,234,234,250,250,250,250,250],"floor_reached":51,"playtime":2034,"items_purged":["Strike_B","Reprogram+1"],"score":703,"play_id":"5927d56d-0521-4bdd-a1e4-117a9fc6c0ce","local_time":"20190524152450","is_ascension_mode":false,"campfire_choices":[{"data":"Zap","floor":7,"key":"SMITH"},{"data":"Defragment","floor":15,"key":"SMITH"},{"data":"Buffer","floor":23,"key":"SMITH"},{"data":"Coolheaded","floor":27,"key":"SMITH"},{"floor":32,"key":"REST"},{"data":"Hologram","floor":40,"key":"SMITH"},{"data":"Hologram","floor":45,"key":"SMITH"},{"data":"Loop","floor":47,"key":"SMITH"},{"data":"Glacier","floor":49,"key":"SMITH"}],"neow_cost":"PERCENT_DAMAGE","seed_source_timestamp":236216803641210,"circlet_count":0,"master_deck":["Defend_B","Zap+1","Dualcast","Sweeping Beam+1","Coolheaded+1","Hologram+1","Defragment+1","Loop+1","Ball Lightning","Ball Lightning","Buffer+1","Loop+1","Hello World+1","Cold Snap","Defragment+1","Hologram+1","Glacier+1","FTL+1","Double Energy","BootSequence","Compile Driver+1","Leap+1","Electrodynamics"],"relics":["Cracked Core","Golden Idol","Dead Branch","Cables","Shuriken","Pen Nib","Anchor","Astrolabe","DollysMirror","Dream Catcher","Whetstone","Snecko Eye","Torii","DataDisk"],"potions_floor_usage":[8,14,29,29,33,41,50],"damage_taken":[{"damage":1,"enemies":"Cultist","floor":1,"turns":3},{"damage":0,"enemies":"Small Slimes","floor":2,"turns":3},{"damage":4,"enemies":"Jaw Worm","floor":4,"turns":4},{"damage":17,"enemies":"Lagavulin","floor":8,"turns":6},{"damage":2,"enemies":"Large Slime","floor":11,"turns":4},{"damage":6,"enemies":"3 Louse","floor":12,"turns":2},{"damage":16,"enemies":"3 Sentries","floor":14,"turns":5},{"damage":5,"enemies":"The Guardian","floor":16,"turns":8},{"damage":20,"enemies":"Shell Parasite","floor":18,"turns":4},{"damage":1,"enemies":"Spheric Guardian","floor":22,"turns":3},{"damage":0,"enemies":"Snecko","floor":24,"turns":4},{"damage":0,"enemies":"Chosen and Byrds","floor":25,"turns":6},{"damage":0,"enemies":"Snake Plant","floor":28,"turns":4},{"damage":24,"enemies":"Slavers","floor":29,"turns":4},{"damage":0,"enemies":"Snecko","floor":31,"turns":3},{"damage":21,"enemies":"Automaton","floor":33,"turns":9},{"damage":0,"enemies":"Orb Walker","floor":35,"turns":3},{"damage":4,"enemies":"Reptomancer","floor":41,"turns":6},{"damage":0,"enemies":"3 Shapes","floor":44,"turns":4},{"damage":0,"enemies":"Maw","floor":46,"turns":6},{"damage":24,"enemies":"Awakened One","floor":50,"turns":13}],"seed_played":"-8451305240710962696","potions_obtained":[{"floor":2,"key":"Fire Potion"},{"floor":8,"key":"GamblersBrew"},{"floor":12,"key":"Regen Potion"},{"floor":18,"key":"Fire Potion"},{"floor":25,"key":"LiquidBronze"},{"floor":33,"key":"Swift Potion"},{"floor":35,"key":"SpeedPotion"},{"floor":44,"key":"Strength Potion"}],"is_trial":false,"path_per_floor":["M","M","?","M","$","?","R","E","T","?","M","M","?","E","R","B",null,"M","$","?","$","M","R","M","M","T","R","M","E","$","M","R","B",null,"M","?","?","$","?","R","E","?","T","M","R","M","R","?","R","B",null],"character_chosen":"DEFECT","items_purchased":["Dead Branch","DollysMirror","EssenceOfSteel"],"campfire_rested":1,"item_purchase_floors":[5,19,30],"current_hp_per_floor":[53,53,53,49,49,42,42,25,25,42,40,34,27,25,25,20,69,49,49,49,49,48,48,48,48,48,48,48,24,24,24,44,23,69,69,66,66,66,66,66,62,62,62,62,62,62,62,62,62,38],"gold":250,"neow_bonus":"TWO_FIFTY_GOLD","is_prod":false,"is_daily":false,"chose_seed":false,"campfire_upgraded":8,"win_rate":0,"timestamp":1558707890,"path_taken":["M","?","?","M","$","?","R","E","T","?","M","M","?","E","R","BOSS","M","$","?","?","M","R","M","M","T","R","M","E","$","M","R","BOSS","M","?","?","$","?","R","E","?","T","?","R","M","R","?","R","BOSS"],"build_version":"2019-01-23","purchased_purges":2,"victory":true,"max_hp_per_floor":[75,75,69,69,69,69,69,69,69,69,69,69,69,69,69,69,69,69,69,69,69,69,69,69,69,69,69,69,69,69,69,69,69,69,69,66,66,66,66,66,66,66,66,66,66,66,66,66,66,66],"card_choices":[{"not_picked":["Hologram","Turbo"],"picked":"Sweeping Beam","floor":1},{"not_picked":["Redo","Storm"],"picked":"Coolheaded","floor":2},{"not_picked":["Recycle","Double Energy"],"picked":"Hologram","floor":4},{"not_picked":["Barrage","Redo"],"picked":"Defragment","floor":8},{"not_picked":["Go for the Eyes","Redo"],"picked":"Loop","floor":11},{"not_picked":["Leap","Coolheaded"],"picked":"Ball Lightning","floor":12},{"not_picked":["Coolheaded","Cold Snap"],"picked":"Ball Lightning","floor":14},{"not_picked":["Thunder Strike","Hyperbeam"],"picked":"Buffer","floor":16},{"not_picked":["Rebound","Leap"],"picked":"Cold Snap","floor":18},{"not_picked":["Reprogram+1","Go for the Eyes"],"picked":"Glacier","floor":22},{"not_picked":["Beam Cell","Turbo"],"picked":"FTL","floor":24},{"not_picked":["Aggregate","Core Surge"],"picked":"Double Energy","floor":25},{"not_picked":["Streamline+1","Darkness","Hello World+1"],"picked":"SKIP","floor":28},{"not_picked":["Reinforced Body","Rip and Tear","Cold Snap"],"picked":"SKIP","floor":29},{"not_picked":["Scrape","Stack","Streamline"],"picked":"SKIP","floor":31},{"not_picked":["Conserve Battery","Coolheaded"],"picked":"BootSequence","floor":32},{"not_picked":["Rainbow","Reboot"],"picked":"Machine Learning","floor":33},{"not_picked":["Streamline+1","FTL","Compile Driver"],"picked":"SKIP","floor":35},{"not_picked":["Chill","Redo"],"picked":"Compile Driver+1","floor":41},{"not_picked":["Beam Cell+1","Go for the Eyes+1"],"picked":"Leap+1","floor":44},{"not_picked":["Lockon","Rip and Tear+1"],"picked":"Electrodynamics","floor":46}],"player_experience":1490583,"relics_obtained":[{"floor":8,"key":"Shuriken"},{"floor":9,"key":"Pen Nib"},{"floor":14,"key":"Anchor"},{"floor":26,"key":"Dream Catcher"},{"floor":29,"key":"Whetstone"},{"floor":41,"key":"Torii"},{"floor":43,"key":"DataDisk"}],"event_choices":[{"damage_healed":0,"gold_gain":0,"player_choice":"Lose Max HP","damage_taken":0,"relics_obtained":["Golden Idol"],"max_hp_gain":0,"max_hp_loss":6,"event_name":"Golden Idol","floor":3,"gold_loss":0},{"damage_healed":0,"gold_gain":0,"player_choice":"Success","damage_taken":7,"relics_obtained":["Cables"],"max_hp_gain":0,"max_hp_loss":0,"event_name":"Scrap Ooze","floor":6,"gold_loss":0},{"damage_healed":17,"gold_gain":0,"player_choice":"Healed","damage_taken":0,"max_hp_gain":0,"max_hp_loss":0,"event_name":"The Cleric","floor":10,"gold_loss":35},{"cards_removed":["Strike_B"],"damage_healed":0,"gold_gain":0,"player_choice":"Card Removal","damage_taken":7,"max_hp_gain":0,"max_hp_loss":0,"event_name":"Golden Wing","floor":13,"gold_loss":0},{"damage_healed":0,"gold_gain":0,"cards_transformed":["Defend_B"],"player_choice":"Transformed","damage_taken":0,"max_hp_gain":0,"max_hp_loss":0,"event_name":"Transmorgrifier","floor":20,"gold_loss":0,"cards_obtained":["Hologram"]},{"damage_healed":0,"gold_gain":0,"player_choice":"Max HP","damage_taken":0,"max_hp_gain":0,"max_hp_loss":3,"event_name":"Winding Halls","floor":36,"gold_loss":0},{"damage_healed":0,"gold_gain":0,"player_choice":"Ignored","damage_taken":0,"max_hp_gain":0,"max_hp_loss":0,"event_name":"Mysterious Sphere","floor":37,"gold_loss":0},{"cards_removed":["Machine Learning"],"damage_healed":0,"gold_gain":0,"player_choice":"Removed Power","damage_taken":0,"max_hp_gain":0,"max_hp_loss":0,"event_name":"Falling","floor":39,"gold_loss":0},{"damage_healed":0,"gold_gain":0,"player_choice":"Ignored","damage_taken":0,"max_hp_gain":0,"max_hp_loss":0,"event_name":"Tomb of Lord Red Mask","floor":42,"gold_loss":0},{"cards_removed":["Defend_B"],"damage_healed":0,"gold_gain":0,"player_choice":"Purged","damage_taken":0,"max_hp_gain":0,"max_hp_loss":0,"event_name":"Purifier","floor":48,"gold_loss":0}],"is_beta":false,"boss_relics":[{"not_picked":["Velvet Choker","Calling Bell"],"picked":"Astrolabe"},{"not_picked":["White Beast Statue","Black Star"],"picked":"Snecko Eye"}],"items_purged_floors":[5,38],"is_endless":false,"potions_floor_spawned":[2,8,12,18,25,28,33,35,44],"ascension_level":0}