{"gold_per_floor":[114,4,4,22,45,45,81,81,81,31,46,65,35,35],"floor_reached":14,"playtime":1149,"items_purged":["Defend_G"],"score":108,"play_id":"f5005267-9ffa-483f-80ce-89e519fb3e57","local_time":"20190918210923","is_ascension_mode":true,"campfire_choices":[{"data":"Neutralize","floor":6,"key":"SMITH"},{"data":"Caltrops","floor":8,"key":"SMITH"}],"neow_cost":"NONE","seed_source_timestamp":181531024395800,"circlet_count":0,"master_deck":["Strike_G","Strike_G","Strike_G","Defend_G","Defend_G","Defend_G","Defend_G","Survivor","Neutralize+1","Caltrops+1","Well Laid Plans","Bouncing Flask","Acrobatics","Deflect"],"relics":["Ring of the Snake","Golden Idol","Darkstone Periapt","The Courier"],"potions_floor_usage":[7,7,14],"damage_taken":[{"damage":13,"enemies":"Jaw Worm","floor":1,"turns":9},{"damage":0,"enemies":"2 Louse","floor":4,"turns":4},{"damage":0,"enemies":"Cultist","floor":5,"turns":4},{"damage":26,"enemies":"3 Sentries","floor":7,"turns":11},{"damage":10,"enemies":"Exordium Thugs","floor":11,"turns":4},{"damage":4,"enemies":"Large Slime","floor":12,"turns":6},{"damage":20,"enemies":"Gremlin Nob","floor":14,"turns":3}],"seed_played":"-5992692596576525924","potions_obtained":[{"floor":4,"key":"PowerPotion"},{"floor":5,"key":"AttackPotion"},{"floor":12,"key":"FearPotion"},{"floor":13,"key":"Energy Potion"},{"floor":13,"key":"FearPotion"}],"is_trial":false,"path_per_floor":["M","$","?","M","M","R","E","R","T","?","M","M","?","E"],"character_chosen":"THE_SILENT","items_purchased":["Well Laid Plans"],"campfire_rested":0,"item_purchase_floors":[2],"current_hp_per_floor":[57,57,57,57,57,57,31,31,31,31,21,17,17,0],"gold":35,"neow_bonus":"REMOVE_CARD","is_prod":false,"is_daily":false,"chose_seed":false,"campfire_upgraded":2,"win_rate":0,"timestamp":1568866163,"path_taken":["M","$","?","M","M","R","E","R","T","?","M","M","?","E"],"build_version":"2019-07-17","purchased_purges":1,"victory":false,"max_hp_per_floor":[70,70,65,65,65,65,65,65,65,65,65,65,65,65],"card_choices":[{"not_picked":["Dodge and Roll","Flechettes"],"picked":"Caltrops","floor":1},{"not_picked":["Quick Slash","Slice"],"picked":"Bouncing Flask","floor":4},{"not_picked":["Setup","PiercingWail","Blade Dance"],"picked":"SKIP","floor":5},{"not_picked":["Bouncing Flask","Wraith Form v2"],"picked":"Acrobatics","floor":7},{"not_picked":["Concentrate","Bane"],"picked":"Deflect","floor":11},{"not_picked":["Outmaneuver","Blur","Finisher"],"picked":"SKIP","floor":12}],"player_experience":123387,"relics_obtained":[{"floor":7,"key":"Darkstone Periapt"},{"floor":9,"key":"The Courier"}],"event_choices":[{"damage_healed":0,"gold_gain":0,"player_choice":"Lose Max HP","damage_taken":0,"relics_obtained":["Golden Idol"],"max_hp_gain":0,"max_hp_loss":5,"event_name":"Golden Idol","floor":3,"gold_loss":0},{"cards_removed":["Strike_G"],"damage_healed":0,"gold_gain":0,"player_choice":"Card Removal","damage_taken":0,"max_hp_gain":0,"max_hp_loss":0,"event_name":"The Cleric","floor":10,"gold_loss":50},{"damage_healed":0,"gold_gain":0,"player_choice":"Bought 2 Potions","damage_taken":0,"max_hp_gain":0,"max_hp_loss":0,"event_name":"The Woman in Blue","floor":13,"gold_loss":0}],"is_beta":false,"boss_relics":[],"items_purged_floors":[2],"is_endless":false,"potions_floor_spawned":[4,5,12],"killed_by":"Gremlin Nob","ascension_level":4}