{"gold_per_floor":[119,119,130,18,18,18,48,48,73,88,188,203,231,243,243,339,339,354,368,385,402,30,30],"floor_reached":23,"playtime":1777,"items_purged":["Strike_R","Rupture"],"score":203,"play_id":"7463031b-43da-4e54-b64d-89f14624d4d6","local_time":"20190921203625","is_ascension_mode":true,"campfire_choices":[{"data":"Inflame","floor":6.0,"key":"SMITH"},{"data":"Cleave","floor":8.0,"key":"SMITH"},{"data":"Searing Blow","floor":15,"key":"SMITH"}],"neow_cost":"NONE","seed_source_timestamp":0,"circlet_count":0,"master_deck":["Strike_R","Strike_R","Strike_R","Defend_R","Defend_R","Defend_R","Defend_R","Bash+1","Inflame+1","Clothesline","Cleave+1","Shrug It Off","Inflame","Searing Blow+1","Burning Pact","Double Tap","Pommel Strike","True Grit","Heavy Blade","Armaments","Warcry+1"],"special_seed":0,"relics":["Black Blood","Blood Vial","Odd Mushroom","Self Forming Clay","Toxic Egg 2"],"potions_floor_usage":[13,19,21],"damage_taken":[{"damage":6.0,"enemies":"Jaw Worm","floor":1.0,"turns":3.0},{"damage":7.0,"enemies":"2 Louse","floor":3.0,"turns":3.0},{"damage":22.0,"enemies":"The Mushroom Lair","floor":7.0,"turns":5.0},{"damage":1.0,"enemies":"Cultist","floor":10.0,"turns":3.0},{"damage":8.0,"enemies":"Lots of Slimes","floor":12.0,"turns":2.0},{"damage":27,"enemies":"3 Sentries","floor":13,"turns":7},{"damage":6,"enemies":"Blue Slaver","floor":14,"turns":5},{"damage":38,"enemies":"Hexaghost","floor":16,"turns":11},{"damage":12,"enemies":"Chosen","floor":18,"turns":5},{"damage":13,"enemies":"Shell Parasite","floor":19,"turns":5},{"damage":39,"enemies":"Cultist and Chosen","floor":20,"turns":8},{"damage":26,"enemies":"3 Cultists","floor":21,"turns":5},{"damage":40,"enemies":"Slavers","floor":23,"turns":3}],"seed_played":"-9165286111468784624","potions_obtained":[{"floor":10.0,"key":"Strength Potion"},{"floor":13,"key":"GamblersBrew"},{"floor":16,"key":"Block Potion"}],"is_trial":false,"path_per_floor":["M","?","M","$","?","R","?","R","T","M","?","M","E","M","R","B",null,"M","M","M","M","$","E"],"character_chosen":"IRONCLAD","items_purchased":["Rupture","Toxic Egg 2","Warcry+1"],"campfire_rested":0,"item_purchase_floors":[4,22,22],"current_hp_per_floor":[80,77,78,78,71,71,57,57,57,64,64,64,45,47,47,17,80,78,77,50,36,36,0],"gold":30,"neow_bonus":"UPGRADE_CARD","is_prod":false,"is_daily":false,"chose_seed":false,"campfire_upgraded":3,"win_rate":0,"timestamp":1569123385,"path_taken":["M","?","M","$","?","R","?","R","T","?","?","?","E","M","R","BOSS","M","M","M","?","$","E"],"build_version":"2019-07-17","purchased_purges":2,"victory":false,"max_hp_per_floor":[80,80,80,80,80,80,80,80,80,80,80,80,80,80,80,80,80,80,80,80,80,80,80],"card_choices":[{"not_picked":["Anger","Evolve"],"picked":"Inflame","floor":1.0},{"not_picked":["Headbutt","Perfected Strike"],"picked":"Clothesline","floor":3.0},{"not_picked":["Thunderclap","Armaments"],"picked":"Cleave","floor":7.0},{"not_picked":["Disarm","Flex"],"picked":"Shrug It Off","floor":10.0},{"not_picked":["Uppercut","Wild Strike"],"picked":"Inflame","floor":12.0},{"not_picked":["Feed","Thunderclap"],"picked":"Searing Blow","floor":13},{"not_picked":["Cleave","Rupture"],"picked":"Burning Pact","floor":14},{"not_picked":["Dark Embrace","Feed"],"picked":"Double Tap","floor":16},{"not_picked":["Perfected Strike","Havoc+1"],"picked":"Pommel Strike","floor":18},{"not_picked":["Wild Strike","Pommel Strike"],"picked":"True Grit","floor":19},{"not_picked":["Ghostly Armor","Body Slam"],"picked":"Heavy Blade","floor":20},{"not_picked":["Cleave","Iron Wave"],"picked":"Armaments","floor":21}],"player_experience":165854,"relics_obtained":[{"floor":7.0,"key":"Odd Mushroom"},{"floor":13,"key":"Self Forming Clay"}],"event_choices":[{"damage_healed":0.0,"max_hp_gain":0.0,"max_hp_loss":0.0,"gold_gain":0.0,"event_name":"Scrap Ooze","player_choice":"Success","floor":2.0,"gold_loss":0.0,"damage_taken":3.0,"relics_obtained":["Blood Vial"]},{"cards_removed":["Strike_R"],"damage_healed":0.0,"max_hp_gain":0.0,"max_hp_loss":0.0,"gold_gain":0.0,"event_name":"Golden Wing","player_choice":"Card Removal","floor":5.0,"gold_loss":0.0,"damage_taken":7.0},{"damage_healed":0.0,"max_hp_gain":0.0,"max_hp_loss":0.0,"gold_gain":0.0,"event_name":"Mushrooms","player_choice":"Fought Mushrooms","floor":7.0,"gold_loss":0.0,"damage_taken":0.0},{"damage_healed":0.0,"max_hp_gain":0.0,"max_hp_loss":0.0,"gold_gain":100.0,"event_name":"Wheel of Change","player_choice":"Gold","floor":11.0,"gold_loss":0.0,"damage_taken":0.0}],"is_beta":false,"boss_relics":[{"not_picked":["Runic Dome","Fusion Hammer"],"picked":"Black Blood"}],"items_purged_floors":[4,22],"is_endless":false,"potions_floor_spawned":[10,13,16],"killed_by":"Slavers","ascension_level":1}