{"gold_per_floor":[116,116,135,135,23,23,48,60,83,96,46,61,61,92,92,192,192,204,14,29,41,41,41,71,21,92,92,42,57,57,85,85,182,182,198,224,251,351,368,368,385,385,385,385,385,398,429,446,446,446,446,446,35,63,63],"floor_reached":56,"playtime":3490,"items_purged":["Defend_B","Gash","Strike_B","Strike_B","Strike_B"],"score":1448,"play_id":"edbb4281-130b-40ec-bd20-ca268749bb07","local_time":"20190721212944","is_ascension_mode":false,"campfire_choices":[{"data":"Zap","floor":6,"key":"SMITH"},{"data":"Consume","floor":13,"key":"SMITH"},{"data":"Capacitor","floor":15,"key":"SMITH"},{"floor":27,"key":"REST"},{"data":"Defragment","floor":30,"key":"SMITH"},{"data":"Buffer","floor":32,"key":"SMITH"},{"data":"Consume","floor":40,"key":"SMITH"},{"data":"Hologram","floor":42,"key":"SMITH"},{"data":"Capacitor","floor":45,"key":"SMITH"},{"floor":49,"key":"RECALL"},{"data":"Echo Form","floor":52,"key":"SMITH"}],"neow_cost":"NONE","seed_source_timestamp":257165041201936,"circlet_count":0,"master_deck":["Defend_B","Defend_B","Defend_B","Zap+1","Dualcast","Lockon","Capacitor+1","Chill","Coolheaded","Reinforced Body","Consume+1","Self Repair","Ball Lightning","Buffer+1","Defragment+1","Fusion","Hologram+1","Ball Lightning","Capacitor+1","Glacier","Glacier","Echo Form+1","All For One","Consume+1","Conserve Battery+1","Buffer+1","Force Field+1","Coolheaded+1","Loop"],"relics":["Cracked Core","Lantern","Mummified Hand","Smiling Mask","Orichalcum","Snecko Eye","Nilry\u0027s Codex","Vajra","Bottled Lightning","Pen Nib","Inserter","Oddly Smooth Stone","PreservedInsect","Ice Cream","Thread and Needle","Sundial"],"potions_floor_usage":[18,24,41,50,55],"damage_taken":[{"damage":0,"enemies":"Cultist","floor":1,"turns":4},{"damage":0,"enemies":"2 Louse","floor":3,"turns":2},{"damage":6,"enemies":"3 Sentries","floor":7,"turns":9},{"damage":11,"enemies":"Jaw Worm","floor":8,"turns":2},{"damage":0,"enemies":"Exordium Wildlife","floor":10,"turns":3},{"damage":0,"enemies":"2 Fungi Beasts","floor":12,"turns":3},{"damage":0,"enemies":"Lagavulin","floor":14,"turns":7},{"damage":0,"enemies":"The Guardian","floor":16,"turns":8},{"damage":0,"enemies":"3 Byrds","floor":18,"turns":5},{"damage":4,"enemies":"2 Thieves","floor":20,"turns":4},{"damage":12,"enemies":"Centurion and Healer","floor":21,"turns":11},{"damage":32,"enemies":"Gremlin Leader","floor":24,"turns":6},{"damage":0,"enemies":"Cultist and Chosen","floor":29,"turns":5},{"damage":1,"enemies":"Book of Stabbing","floor":31,"turns":4},{"damage":0,"enemies":"Automaton","floor":33,"turns":10},{"damage":0,"enemies":"3 Shapes","floor":35,"turns":3},{"damage":8,"enemies":"Orb Walker","floor":39,"turns":4},{"damage":0,"enemies":"Transient","floor":41,"turns":5},{"damage":0,"enemies":"Sphere and 2 Shapes","floor":46,"turns":6},{"damage":0,"enemies":"Giant Head","floor":47,"turns":6},{"damage":0,"enemies":"3 Darklings","floor":48,"turns":4},{"damage":0,"enemies":"Awakened One","floor":50,"turns":9},{"damage":0,"enemies":"Shield and Spear","floor":54,"turns":6},{"damage":1,"enemies":"The Heart","floor":55,"turns":9}],"seed_played":"677094993026287204","potions_obtained":[{"floor":1,"key":"Energy Potion"},{"floor":8,"key":"SteroidPotion"},{"floor":16,"key":"Explosive Potion"},{"floor":21,"key":"PowerPotion"},{"floor":29,"key":"Fire Potion"},{"floor":48,"key":"FocusPotion"}],"is_trial":false,"path_per_floor":["M","?","M","?","$","R","E","M","T","M","$","M","R","E","R","B",null,"M","$","M","M","?","?","E","$","T","R","$","M","R","E","R","B",null,"M","T","T","?","M","R","M","R","T","?","R","M","E","M","R","B",null,"R","$","E","B",null],"character_chosen":"DEFECT","items_purchased":["Capacitor","Chill","Defragment","Fusion","Thread and Needle","Loop"],"campfire_rested":1,"item_purchase_floors":[5,5,19,19,53,53],"current_hp_per_floor":[75,63,63,68,68,68,62,51,51,51,51,51,51,58,58,65,80,80,80,80,75,59,59,34,34,34,58,58,65,65,71,71,78,80,80,80,80,80,79,79,80,80,80,80,80,80,80,80,80,80,80,80,80,80,80],"gold":63,"neow_bonus":"REMOVE_CARD","is_prod":false,"is_daily":false,"chose_seed":false,"campfire_upgraded":9,"win_rate":0,"timestamp":1563740984,"path_taken":["M","?","M","?","$","R","E","M","T","M","?","M","R","E","R","BOSS","M","$","M","M","?","?","E","$","T","R","?","M","R","E","R","BOSS","M","?","?","?","?","R","M","R","T","?","R","M","E","?","R","BOSS","R","$","E","BOSS"],"build_version":"2019-07-17","purchased_purges":5,"victory":true,"max_hp_per_floor":[75,75,75,80,80,80,80,80,80,80,80,80,80,80,80,80,80,80,80,80,80,80,80,80,80,80,80,80,80,80,80,80,80,80,80,80,80,80,80,80,80,80,80,80,80,80,80,80,80,80,80,80,80,80,80],"card_choices":[{"not_picked":["Compile Driver","Rebound"],"picked":"Lockon","floor":1},{"not_picked":["Compile Driver","Steam"],"picked":"Gash","floor":3},{"not_picked":["Compile Driver","Go for the Eyes"],"picked":"Coolheaded","floor":7},{"not_picked":["Auto Shields","Stack"],"picked":"Reinforced Body","floor":8},{"not_picked":["Conserve Battery","Cold Snap"],"picked":"Consume","floor":10},{"not_picked":["Streamline","Beam Cell"],"picked":"Self Repair","floor":12},{"not_picked":["Undo","Coolheaded"],"picked":"Ball Lightning","floor":14},{"not_picked":["Thunder Strike","All For One"],"picked":"Buffer","floor":16},{"not_picked":["Cold Snap","Leap","Force Field"],"picked":"SKIP","floor":18},{"not_picked":["Rebound","Coolheaded"],"picked":"Hologram","floor":20},{"not_picked":["Streamline","Leap"],"picked":"Ball Lightning","floor":21},{"not_picked":["Chill","Reinforced Body+1"],"picked":"Glacier","floor":24},{"not_picked":["Scrape","Go for the Eyes+1"],"picked":"Glacier","floor":29},{"not_picked":["All For One","Beam Cell"],"picked":"Echo Form","floor":31},{"not_picked":["Core Surge","Machine Learning"],"picked":"All For One","floor":33},{"not_picked":["Conserve Battery","Sweeping Beam","Coolheaded"],"picked":"SKIP","floor":35},{"not_picked":["Ball Lightning","Redo+1"],"picked":"Consume","floor":39},{"not_picked":["Steam+1","Reinforced Body+1"],"picked":"Conserve Battery+1","floor":41},{"not_picked":["Sunder","Undo+1"],"picked":"Force Field+1","floor":46},{"not_picked":["Barrage","Hologram+1","Rebound"],"picked":"SKIP","floor":47},{"not_picked":["Steam+1","Blizzard"],"picked":"Coolheaded+1","floor":48},{"not_picked":["Rebound","Leap","Force Field"],"picked":"SKIP","floor":54}],"player_experience":1722976,"relics_obtained":[{"floor":7,"key":"Mummified Hand"},{"floor":9,"key":"Smiling Mask"},{"floor":14,"key":"Orichalcum"},{"floor":22,"key":"Nilry\u0027s Codex"},{"floor":24,"key":"Vajra"},{"floor":26,"key":"Bottled Lightning"},{"floor":31,"key":"Pen Nib"},{"floor":37,"key":"Oddly Smooth Stone"},{"floor":43,"key":"PreservedInsect"},{"floor":47,"key":"Ice Cream"},{"floor":54,"key":"Sundial"}],"event_choices":[{"damage_healed":0,"gold_gain":0,"player_choice":"Success","damage_taken":12,"relics_obtained":["Lantern"],"max_hp_gain":0,"max_hp_loss":0,"event_name":"Scrap Ooze","floor":2,"gold_loss":0},{"damage_healed":0,"gold_gain":0,"player_choice":"Donut","damage_taken":0,"max_hp_gain":5,"max_hp_loss":0,"event_name":"Big Fish","floor":4,"gold_loss":0},{"damage_healed":0,"gold_gain":0,"player_choice":"Obtained Book","damage_taken":16,"max_hp_gain":0,"max_hp_loss":0,"event_name":"Cursed Tome","floor":22,"gold_loss":0},{"damage_healed":0,"gold_gain":0,"player_choice":"Read","damage_taken":0,"max_hp_gain":0,"max_hp_loss":0,"event_name":"The Library","floor":23,"gold_loss":0,"cards_obtained":["Capacitor"]},{"damage_healed":0,"gold_gain":100,"player_choice":"Pray","damage_taken":0,"max_hp_gain":0,"max_hp_loss":0,"event_name":"Golden Shrine","floor":38,"gold_loss":0},{"damage_healed":0,"gold_gain":0,"player_choice":"Copied","damage_taken":0,"max_hp_gain":0,"max_hp_loss":0,"event_name":"Duplicator","floor":44,"gold_loss":0,"cards_obtained":["Buffer"]}],"is_beta":false,"boss_relics":[{"not_picked":["Busted Crown","Calling Bell"],"picked":"Snecko Eye"},{"not_picked":["Astrolabe","Runic Pyramid"],"picked":"Inserter"}],"items_purged_floors":[11,19,25,28,53],"is_endless":false,"potions_floor_spawned":[1,8,16,21,29,33,35,48],"ascension_level":0}