{"gold_per_floor":[215,2,2,17,17,17,30,30,30,47,47,72,72,96,96,221,221,244,263,263,10,10,10,10,10,92,7,7,32,32,73,73,203,203,226,240,240,261,280,280,299,299,299,224,124,457,467,467,467,467,467,467,27,60,60],"floor_reached":55,"playtime":5434,"items_purged":["Strike_G","Strike_G"],"score":801,"play_id":"2d7d36d0-5b39-4a6c-82ef-ff1e7e91059d","local_time":"20190917225119","is_ascension_mode":true,"campfire_choices":[{"data":"Infinite Blades","floor":6.0,"key":"SMITH"},{"data":"Footwork","floor":8.0,"key":"SMITH"},{"floor":13.0,"key":"REST"},{"data":"Neutralize","floor":15.0,"key":"SMITH"},{"data":"Night Terror","floor":23.0,"key":"SMITH"},{"data":"Dodge and Roll","floor":25.0,"key":"SMITH"},{"floor":30.0,"key":"REST"},{"data":"Bullet Time","floor":32.0,"key":"SMITH"},{"data":"Phantasmal Killer","floor":40,"key":"SMITH"},{"floor":42,"key":"RECALL"},{"data":"Cloak And Dagger","floor":49,"key":"SMITH"},{"data":"Infinite Blades","floor":52,"key":"SMITH"}],"neow_cost":"NONE","seed_source_timestamp":0,"circlet_count":0,"master_deck":["Strike_G","Strike_G","Defend_G","Defend_G","Defend_G","Defend_G","Survivor","Neutralize+1","Infinite Blades+1","Footwork+1","Infinite Blades+1","Cloak And Dagger+1","Backflip","Night Terror+1","Dodge and Roll+1","Sucker Punch+1","Bullet Time+1","Phantasmal Killer+1","Accuracy+1","Blade Dance+1","Panache","Terror","Accuracy"],"special_seed":0,"relics":["Ring of the Snake","Oddly Smooth Stone","Runic Pyramid","Potion Belt","Sling","Sundial","Kunai","Mummified Hand","Lantern","Sozu","Meat on the Bone","Bronze Scales","Boot"],"potions_floor_usage":[41,55],"damage_taken":[{"damage":1.0,"enemies":"Small Slimes","floor":1.0,"turns":4.0},{"damage":0.0,"enemies":"Cultist","floor":4.0,"turns":4.0},{"damage":7.0,"enemies":"Jaw Worm","floor":7.0,"turns":4.0},{"damage":1.0,"enemies":"2 Fungi Beasts","floor":10.0,"turns":5.0},{"damage":13.0,"enemies":"Exordium Thugs","floor":12.0,"turns":7.0},{"damage":10.0,"enemies":"3 Louse","floor":14.0,"turns":5.0},{"damage":6.0,"enemies":"The Guardian","floor":16.0,"turns":11.0},{"damage":13.0,"enemies":"Spheric Guardian","floor":18.0,"turns":10.0},{"damage":7.0,"enemies":"Chosen","floor":19.0,"turns":11.0},{"damage":14.0,"enemies":"Snecko","floor":29.0,"turns":9.0},{"damage":5.0,"enemies":"Book of Stabbing","floor":31.0,"turns":7.0},{"damage":0.0,"enemies":"Champ","floor":33.0,"turns":41.0},{"damage":15.0,"enemies":"3 Darklings","floor":35.0,"turns":10.0},{"damage":0.0,"enemies":"3 Shapes","floor":36.0,"turns":5.0},{"damage":0.0,"enemies":"Maw","floor":38.0,"turns":7.0},{"damage":0,"enemies":"3 Darklings","floor":39,"turns":6},{"damage":6,"enemies":"4 Shapes","floor":41,"turns":6},{"damage":15,"enemies":"Jaw Worm Horde","floor":47,"turns":5},{"damage":37,"enemies":"Donu and Deca","floor":50,"turns":8},{"damage":52,"enemies":"Shield and Spear","floor":54,"turns":4},{"damage":26,"enemies":"The Heart","floor":55,"turns":3}],"seed_played":"6562486892381216253","potions_obtained":[{"floor":1.0,"key":"SkillPotion"},{"floor":14.0,"key":"Poison Potion"},{"floor":18.0,"key":"Dexterity Potion"},{"floor":31.0,"key":"Weak Potion"},{"floor":33.0,"key":"Regen Potion"}],"is_trial":false,"path_per_floor":["M","$","?","M","$","R","M","R","T","M","?","M","R","M","R","B",null,"M","M","?","$","$","R","?","R","T","?","?","M","R","E","R","B",null,"M","M","?","M","M","R","M","R","T","$","$","?","M","?","R","B",null,"R","$","E","B"],"character_chosen":"THE_SILENT","items_purchased":["Oddly Smooth Stone","Footwork","Sling","Dexterity Potion","Panache","Bronze Scales","Terror","Accuracy"],"campfire_rested":2,"item_purchase_floors":[2,2,21,21,53,53,53,53],"current_hp_per_floor":[69,69,69,69,69,69,62,62,62,61,44,31,52,42,42,36,70,57,50,50,50,50,50,50,50,50,50,50,36,57,52,52,52,70,55,55,55,55,55,55,63,63,63,63,63,63,48,48,48,23,66,66,66,26,0],"gold":60,"neow_bonus":"HUNDRED_GOLD","is_prod":false,"is_daily":false,"chose_seed":false,"campfire_upgraded":9,"win_rate":0,"timestamp":1568785879,"path_taken":["M","$","?","?","$","R","M","R","T","M","?","M","R","M","R","BOSS","M","M","?","?","$","R","?","R","T","?","?","M","R","E","R","BOSS","M","M","?","?","M","R","M","R","T","?","$","?","M","?","R","BOSS","R","$","E","BOSS"],"build_version":"2019-07-17","purchased_purges":2,"victory":false,"max_hp_per_floor":[70,70,70,70,70,70,70,70,70,70,70,70,70,70,70,70,70,70,70,70,70,70,70,70,70,70,70,70,70,70,70,70,70,70,70,70,70,70,70,70,70,70,70,70,70,70,70,66,66,66,66,66,66,66,66],"card_choices":[{"not_picked":["Terror","Bane"],"picked":"Infinite Blades","floor":1.0},{"not_picked":["Deflect","Choke"],"picked":"Infinite Blades","floor":4.0},{"not_picked":["Quick Slash","Tactician"],"picked":"Cloak And Dagger","floor":7.0},{"not_picked":["Deflect","Leg Sweep"],"picked":"Backflip","floor":10.0},{"not_picked":["Eviscerate","Corpse Explosion","Infinite Blades"],"picked":"SKIP","floor":12.0},{"not_picked":["Tactician","Poisoned Stab","Eviscerate"],"picked":"SKIP","floor":14.0},{"not_picked":["Tools of the Trade","Envenom"],"picked":"Night Terror","floor":16.0},{"not_picked":["Reflex","Poisoned Stab"],"picked":"Dodge and Roll","floor":18.0},{"not_picked":["Flying Knee","Reflex"],"picked":"Sucker Punch+1","floor":19.0},{"not_picked":["Prepared","Dagger Throw","Underhanded Strike"],"picked":"SKIP","floor":29.0},{"not_picked":["PiercingWail+1","Cloak And Dagger"],"picked":"Bullet Time","floor":31.0},{"not_picked":["Glass Knife","Adrenaline"],"picked":"Phantasmal Killer","floor":33.0},{"not_picked":["Quick Slash+1","Blur+1"],"picked":"Accuracy+1","floor":35.0},{"not_picked":["Underhanded Strike+1","Flying Knee+1","Outmaneuver"],"picked":"SKIP","floor":36.0},{"not_picked":["Slice+1","Tactician","Dash+1"],"picked":"SKIP","floor":38.0},{"not_picked":["Expertise","Deflect"],"picked":"Blade Dance+1","floor":39},{"not_picked":["Deflect","Riddle With Holes","Prepared"],"picked":"SKIP","floor":41},{"not_picked":["Eviscerate+1","Slice+1","Noxious Fumes"],"picked":"SKIP","floor":47},{"not_picked":["Grand Finale","Masterful Stab+1","Underhanded Strike"],"picked":"SKIP","floor":54}],"player_experience":117953,"relics_obtained":[{"floor":26.0,"key":"Kunai"},{"floor":31.0,"key":"Lantern"},{"floor":43,"key":"Meat on the Bone"},{"floor":54,"key":"Boot"}],"event_choices":[{"cards_removed":["Strike_G"],"damage_healed":0.0,"max_hp_gain":0.0,"max_hp_loss":0.0,"gold_gain":0.0,"event_name":"Purifier","player_choice":"Purged","floor":3.0,"gold_loss":0.0,"damage_taken":0.0},{"damage_healed":0.0,"max_hp_gain":0.0,"max_hp_loss":0.0,"gold_gain":0.0,"event_name":"Golden Idol","player_choice":"Take Damage","floor":11.0,"gold_loss":0.0,"damage_taken":17.0,"relics_obtained":["Golden Idol"]},{"damage_healed":0.0,"max_hp_gain":0.0,"max_hp_loss":0.0,"gold_gain":0.0,"event_name":"WeMeetAgain","player_choice":"Gave Potion","floor":20.0,"gold_loss":0.0,"damage_taken":0.0,"relics_obtained":["Potion Belt"]},{"damage_healed":0.0,"max_hp_gain":0.0,"max_hp_loss":0.0,"gold_gain":0.0,"event_name":"The Mausoleum","player_choice":"Opened","floor":24.0,"gold_loss":0.0,"damage_taken":0.0,"relics_obtained":["Sundial"]},{"damage_healed":0.0,"max_hp_gain":0.0,"max_hp_loss":0.0,"gold_gain":0.0,"event_name":"Addict","player_choice":"Obtained Relic","floor":27.0,"gold_loss":85.0,"damage_taken":0.0,"relics_obtained":["Mummified Hand"]},{"damage_healed":0.0,"max_hp_gain":0.0,"max_hp_loss":0.0,"gold_gain":0.0,"event_name":"Ghosts","player_choice":"Ignored","floor":28.0,"gold_loss":0.0,"damage_taken":0.0},{"cards_removed":["Defend_G"],"damage_healed":0.0,"max_hp_gain":0.0,"max_hp_loss":0.0,"gold_gain":0.0,"event_name":"Purifier","player_choice":"Purged","floor":37.0,"gold_loss":0.0,"damage_taken":0.0},{"damage_healed":0,"gold_gain":333,"player_choice":"Gave Idol","damage_taken":0,"max_hp_gain":0,"max_hp_loss":0,"event_name":"The Moai Head","floor":46,"relics_lost":["Golden Idol"],"gold_loss":0},{"damage_healed":0,"gold_gain":0,"player_choice":"Max HP","damage_taken":0,"max_hp_gain":0,"max_hp_loss":4,"event_name":"Winding Halls","floor":48,"gold_loss":0}],"is_beta":false,"boss_relics":[{"not_picked":["Velvet Choker","Coffee Dripper"],"picked":"Runic Pyramid"},{"not_picked":["Astrolabe","Fusion Hammer"],"picked":"Sozu"}],"items_purged_floors":[44,45],"is_endless":false,"potions_floor_spawned":[1,14,18,31,33,36,38],"killed_by":"The Heart","ascension_level":3}