{"gold_per_floor":[359,359,28,28,38,38,98,98,98,133,152,186,186,205,205,310,310,329,329,347,18,32,32,51,51,120,154,154,154,182,7,7,103,103,115,115,1,53,53,53,86,115,115,115,143,170,187,4,4,4,4,4,4,4],"floor_reached":54,"playtime":2524,"items_purged":["Strike_R","Perfected Strike","Strike_R+1","Strike_R+1","Anger"],"score":1152,"play_id":"5418930f-11e5-4893-9d73-9d2f2571c1fd","local_time":"20190825181252","is_ascension_mode":true,"campfire_choices":[{"data":"Whirlwind","floor":6,"key":"SMITH"},{"data":"Uppercut","floor":8,"key":"SMITH"},{"data":"Armaments","floor":15,"key":"SMITH"},{"floor":23,"key":"RECALL"},{"floor":25,"key":"REST"},{"floor":32,"key":"REST"},{"floor":40,"key":"REST"},{"floor":44,"key":"REST"},{"floor":49,"key":"REST"},{"floor":52,"key":"REST"}],"neow_cost":"TEN_PERCENT_HP_LOSS","seed_source_timestamp":895387268998500,"circlet_count":0,"master_deck":["Strike_R+1","Defend_R+1","Defend_R+1","Defend_R+1","Defend_R+1","Bash","Pommel Strike","Havoc","Uppercut+1","Whirlwind+1","Armaments+1","Pommel Strike","Bludgeon","Spot Weakness","Metallicize+1","Immolate","Feel No Pain+1","Impervious","Evolve+1","Metallicize+1","Whirlwind+1","Iron Wave+1","Burning Pact+1","Shockwave"],"relics":["Burning Blood","Smiling Mask","Frozen Eye","Tiny Chest","Pantograph","Vajra","Happy Flower","Fusion Hammer","Frozen Egg 2","The Courier","WingedGreaves","Oddly Smooth Stone","Art of War","Pen Nib","Velvet Choker","Prayer Wheel","Dead Branch","Turnip","Ornamental Fan","Orichalcum","Molten Egg 2"],"potions_floor_usage":[10,33,42,46,46,50,54,54,54],"damage_taken":[{"damage":0,"enemies":"Small Slimes","floor":1,"turns":4},{"damage":1,"enemies":"Cultist","floor":5,"turns":3},{"damage":20,"enemies":"Gremlin Nob","floor":7,"turns":4},{"damage":19,"enemies":"3 Sentries","floor":10,"turns":5},{"damage":0,"enemies":"2 Louse","floor":11,"turns":1},{"damage":11,"enemies":"Gremlin Nob","floor":12,"turns":4},{"damage":1,"enemies":"2 Fungi Beasts","floor":14,"turns":2},{"damage":40,"enemies":"Hexaghost","floor":16,"turns":7},{"damage":0,"enemies":"3 Byrds","floor":18,"turns":4},{"damage":0,"enemies":"Spheric Guardian","floor":20,"turns":3},{"damage":0,"enemies":"Snake Plant","floor":22,"turns":4},{"damage":0,"enemies":"3 Cultists","floor":24,"turns":2},{"damage":6,"enemies":"Gremlin Leader","floor":27,"turns":4},{"damage":18,"enemies":"Book of Stabbing","floor":30,"turns":5},{"damage":69,"enemies":"Collector","floor":33,"turns":9},{"damage":0,"enemies":"3 Shapes","floor":35,"turns":3},{"damage":23,"enemies":"2 Orb Walkers","floor":38,"turns":3},{"damage":24,"enemies":"Reptomancer","floor":41,"turns":5},{"damage":4,"enemies":"Nemesis","floor":42,"turns":5},{"damage":12,"enemies":"Giant Head","floor":45,"turns":7},{"damage":6,"enemies":"Reptomancer","floor":46,"turns":5},{"damage":0,"enemies":"3 Darklings","floor":47,"turns":4},{"damage":42,"enemies":"Time Eater","floor":50,"turns":11},{"damage":77,"enemies":"Shield and Spear","floor":54,"turns":8}],"seed_played":"-5003924252822103907","potions_obtained":[{"floor":5,"key":"SkillPotion"},{"floor":7,"key":"Poison Potion"},{"floor":16,"key":"Block Potion"},{"floor":18,"key":"FearPotion"},{"floor":38,"key":"Fire Potion"},{"floor":45,"key":"SteroidPotion"},{"floor":47,"key":"Block Potion"}],"is_trial":false,"path_per_floor":["M","?","$","?","M","R","E","R","T","E","M","E","?","M","R","B",null,"M","?","M","$","M","R","M","R","T","E","?","?","E","$","R","B",null,"M","?","$","?","T","R","E","E","T","R","E","E","M","$","R","B",null,"R","$","E"],"character_chosen":"IRONCLAD","items_purchased":["Frozen Eye","Havoc","Uppercut","Frozen Egg 2","Metallicize+1","Pen Nib","Metallicize+1","EntropicBrew","Shockwave"],"campfire_rested":6,"item_purchase_floors":[3,3,3,21,21,31,37,48,48],"current_hp_per_floor":[72,65,65,65,70,70,56,56,56,43,49,44,44,49,49,38,64,70,70,72,72,72,72,72,72,72,72,72,72,60,60,72,9,56,62,62,62,45,45,66,48,50,50,71,65,65,71,71,72,36,63,72,72,0],"gold":4,"neow_bonus":"TWO_FIFTY_GOLD","is_prod":false,"is_daily":false,"chose_seed":false,"campfire_upgraded":3,"win_rate":0,"timestamp":1566753172,"path_taken":["M","?","$","?","M","R","E","R","T","E","?","E","?","M","R","BOSS","M","?","M","$","M","R","M","R","T","E","?","?","E","$","R","BOSS","M","?","$","?","?","R","E","E","T","R","E","E","?","?","R","BOSS","R","$","E"],"build_version":"2019-07-17","purchased_purges":5,"victory":false,"max_hp_per_floor":[72,72,72,72,72,72,72,72,72,72,72,72,72,72,72,72,72,72,72,72,72,72,72,72,72,72,72,72,72,72,72,72,72,72,72,72,72,72,72,72,72,72,72,72,72,72,72,72,72,72,72,72,72,72],"card_choices":[{"not_picked":["Perfected Strike","Shrug It Off"],"picked":"Pommel Strike","floor":1},{"not_picked":["Havoc","Headbutt"],"picked":"Whirlwind","floor":5},{"not_picked":["Perfected Strike","Seeing Red"],"picked":"Warcry","floor":7},{"not_picked":["Sentinel","Second Wind"],"picked":"Perfected Strike","floor":10},{"not_picked":["Thunderclap","Sword Boomerang"],"picked":"Armaments","floor":11},{"not_picked":["Ghostly Armor","Fire Breathing"],"picked":"Anger","floor":12},{"not_picked":["Fire Breathing","Rage"],"picked":"Pommel Strike","floor":14},{"not_picked":["Barricade","Juggernaut"],"picked":"Bludgeon","floor":16},{"not_picked":["Armaments","Intimidate","Sever Soul+1"],"picked":"SKIP","floor":18},{"not_picked":["Clash+1","Uppercut"],"picked":"Spot Weakness","floor":20},{"not_picked":["Clothesline","Anger+1","Twin Strike+1"],"picked":"SKIP","floor":22},{"not_picked":["Power Through+1","Thunderclap"],"picked":"Immolate","floor":24},{"not_picked":["Sword Boomerang","Iron Wave","Blood for Blood"],"picked":"SKIP","floor":27},{"not_picked":["Burning Pact","Entrench+1","Rage"],"picked":"SKIP","floor":30},{"not_picked":["Demon Form+1","Fiend Fire"],"picked":"Impervious","floor":33},{"not_picked":["Perfected Strike","Clash+1"],"picked":"Evolve+1","floor":35},{"not_picked":["Cleave+1","Flex+1"],"picked":"Whirlwind+1","floor":38},{"not_picked":["Bloodletting+1","Intimidate+1","Sword Boomerang"],"picked":"SKIP","floor":41},{"not_picked":["True Grit","Sentinel+1","Twin Strike"],"picked":"SKIP","floor":42},{"not_picked":["Exhume","Pommel Strike"],"picked":"Iron Wave+1","floor":45},{"not_picked":["Wild Strike","Perfected Strike+1","Shrug It Off"],"picked":"SKIP","floor":46},{"not_picked":["Rupture+1","Combust+1"],"picked":"Burning Pact+1","floor":47},{"not_picked":["Iron Wave+1","Sword Boomerang+1","Cleave+1"],"picked":"SKIP","floor":47}],"player_experience":1864584,"relics_obtained":[{"floor":7,"key":"Tiny Chest"},{"floor":9,"key":"Pantograph"},{"floor":10,"key":"Vajra"},{"floor":12,"key":"Happy Flower"},{"floor":26,"key":"The Courier"},{"floor":27,"key":"WingedGreaves"},{"floor":30,"key":"Art of War"},{"floor":38,"key":"Prayer Wheel"},{"floor":41,"key":"Dead Branch"},{"floor":42,"key":"Turnip"},{"floor":43,"key":"Ornamental Fan"},{"floor":45,"key":"Orichalcum"},{"floor":46,"key":"Molten Egg 2"}],"event_choices":[{"damage_healed":0,"gold_gain":0,"player_choice":"Success","damage_taken":7,"relics_obtained":["Smiling Mask"],"max_hp_gain":0,"max_hp_loss":0,"event_name":"Scrap Ooze","floor":2,"gold_loss":0},{"damage_healed":0,"gold_gain":0,"player_choice":"Ignored","damage_taken":0,"max_hp_gain":0,"max_hp_loss":0,"event_name":"NoteForYourself","floor":4,"gold_loss":0},{"cards_removed":["Strike_R"],"damage_healed":0,"gold_gain":0,"player_choice":"Forget","damage_taken":0,"max_hp_gain":0,"max_hp_loss":0,"event_name":"Living Wall","floor":13,"gold_loss":0},{"damage_healed":0,"gold_gain":0,"player_choice":"Simplicity","damage_taken":0,"max_hp_gain":0,"max_hp_loss":0,"event_name":"Back to Basics","floor":19,"gold_loss":0,"cards_upgraded":["Strike_R","Strike_R","Strike_R","Defend_R","Defend_R","Defend_R","Defend_R"]},{"damage_healed":0,"gold_gain":0,"player_choice":"Read","damage_taken":0,"max_hp_gain":0,"max_hp_loss":0,"event_name":"The Library","floor":28,"gold_loss":0,"cards_obtained":["Feel No Pain"]},{"damage_healed":0,"gold_gain":0,"player_choice":"Opened","damage_taken":0,"relics_obtained":["Oddly Smooth Stone"],"max_hp_gain":0,"max_hp_loss":0,"event_name":"The Mausoleum","floor":29,"gold_loss":0},{"cards_removed":["Warcry"],"damage_healed":0,"gold_gain":0,"player_choice":"Removed Skill","damage_taken":0,"max_hp_gain":0,"max_hp_loss":0,"event_name":"Falling","floor":36,"gold_loss":0},{"damage_healed":0,"gold_gain":0,"player_choice":"Fight","damage_taken":0,"max_hp_gain":0,"max_hp_loss":0,"event_name":"Mysterious Sphere","floor":38,"gold_loss":0}],"is_beta":false,"boss_relics":[{"not_picked":["Calling Bell","Lizard Tail"],"picked":"Fusion Hammer"},{"not_picked":["Busted Crown","Mark of Pain"],"picked":"Velvet Choker"}],"items_purged_floors":[3,21,31,37,48],"is_endless":false,"potions_floor_spawned":[5,7,16,18,24,27,38,45,47],"killed_by":"Shield and Spear","ascension_level":8}