{"gold_per_floor":[110,110,120,137,154,154,154,189,189,189,204,204,232,232,232,328,328,345,345,445,457,473,473,473,493,493,493,493],"floor_reached":28,"playtime":658,"items_purged":[],"score":287,"play_id":"77d3ceb4-cabe-4ea3-8011-47a5498b7c29","local_time":"20190418232820","is_ascension_mode":true,"campfire_choices":[{"data":"Bash","floor":6,"key":"SMITH"},{"data":"Iron Wave","floor":10,"key":"SMITH"},{"data":"Thunderclap","floor":12,"key":"SMITH"},{"data":"Offering","floor":15,"key":"SMITH"},{"data":"1","floor":23,"key":"LIFT"},{"data":"2","floor":27,"key":"LIFT"}],"neow_cost":"NONE","seed_source_timestamp":2265102407890200,"circlet_count":0,"master_deck":["Strike_R+1","Strike_R","Strike_R","Strike_R","Defend_R","Defend_R","Defend_R","Defend_R","Bash+1","Shockwave","Flex+1","Iron Wave+1","Thunderclap+1","Twin Strike","Shockwave","Offering+1","Barricade","Thunderclap","Thunderclap+1","Heavy Blade"],"relics":["Burning Blood","Lantern","Ornamental Fan","Du-Vu Doll","Mark of Pain","Girya","Singing Bowl","Blue Candle","Pear"],"potions_floor_usage":[3,8,8,11,16,16,20,20,22,25],"damage_taken":[{"damage":11,"enemies":"Small Slimes","floor":1,"turns":3},{"damage":6,"enemies":"Cultist","floor":3,"turns":4},{"damage":12,"enemies":"Jaw Worm","floor":4,"turns":4},{"damage":11,"enemies":"Looter","floor":5,"turns":3},{"damage":6,"enemies":"3 Sentries","floor":8,"turns":6},{"damage":0,"enemies":"3 Louse","floor":11,"turns":3},{"damage":8,"enemies":"Gremlin Nob","floor":13,"turns":3},{"damage":14,"enemies":"Slime Boss","floor":16,"turns":6},{"damage":6,"enemies":"Chosen","floor":18,"turns":3},{"damage":32,"enemies":"Colosseum Slavers","floor":20,"turns":5},{"damage":7,"enemies":"Colosseum Nobs","floor":20,"turns":5},{"damage":20,"enemies":"Spheric Guardian","floor":21,"turns":4},{"damage":14,"enemies":"Cultist and Chosen","floor":22,"turns":3},{"damage":31,"enemies":"Snake Plant","floor":25,"turns":3},{"damage":44,"enemies":"Snecko","floor":28,"turns":5}],"seed_played":"-5343167617058949652","potions_obtained":[{"floor":2,"key":"Fire Potion"},{"floor":2,"key":"Energy Potion"},{"floor":2,"key":"Fruit Juice"},{"floor":4,"key":"Ancient Potion"},{"floor":8,"key":"Block Potion"},{"floor":11,"key":"SneckoOil"},{"floor":13,"key":"EssenceOfSteel"},{"floor":16,"key":"SteroidPotion"},{"floor":18,"key":"BloodPotion"},{"floor":21,"key":"Poison Potion"},{"floor":22,"key":"Regen Potion"}],"is_trial":false,"path_per_floor":["M","?","M","M","M","R","?","E","T","R","M","R","E","?","R","B",null,"M","?","?","M","M","R","T","M","T","R","M"],"character_chosen":"IRONCLAD","items_purchased":[],"campfire_rested":0,"item_purchase_floors":[],"current_hp_per_floor":[83,83,88,82,77,77,58,58,58,58,64,64,62,55,55,47,93,93,93,66,54,46,46,46,32,42,42,0],"gold":493,"neow_bonus":"TEN_PERCENT_HP_BONUS","is_prod":false,"is_daily":false,"chose_seed":false,"campfire_upgraded":4,"win_rate":0,"timestamp":1555619300,"path_taken":["M","?","M","M","?","R","?","E","T","R","M","R","E","?","R","BOSS","M","?","?","M","M","R","?","?","T","R","M"],"build_version":"2019-01-23","purchased_purges":0,"victory":false,"max_hp_per_floor":[88,88,93,93,93,93,93,93,93,93,93,93,93,93,93,93,93,93,93,93,95,95,95,95,97,107,107,107],"card_choices":[{"not_picked":["Shrug It Off","Iron Wave"],"picked":"Shockwave","floor":1},{"not_picked":["Havoc","Armaments"],"picked":"Flex","floor":3},{"not_picked":["Body Slam","Shrug It Off"],"picked":"Iron Wave","floor":4},{"not_picked":["Headbutt","Rupture"],"picked":"Thunderclap","floor":5},{"not_picked":["Dark Embrace","Havoc"],"picked":"Twin Strike","floor":8},{"not_picked":["Sever Soul","Sword Boomerang"],"picked":"Shockwave","floor":11},{"not_picked":["Impervious","Shrug It Off"],"picked":"Offering","floor":13},{"not_picked":["Exhume","Dark Embrace"],"picked":"Barricade","floor":16},{"not_picked":["Wild Strike","Iron Wave"],"picked":"Thunderclap","floor":18},{"not_picked":["Searing Blow","Seeing Red+1"],"picked":"Thunderclap+1","floor":20},{"not_picked":["Reckless Charge","Body Slam","Wild Strike"],"picked":"Singing Bowl","floor":21},{"not_picked":["Body Slam","Anger+1"],"picked":"Heavy Blade","floor":22},{"not_picked":["Fiend Fire","Thunderclap+1","Rupture"],"picked":"Singing Bowl","floor":25}],"player_experience":314461,"relics_obtained":[{"floor":8,"key":"Lantern"},{"floor":9,"key":"Ornamental Fan"},{"floor":13,"key":"Du-Vu Doll"},{"floor":20,"key":"Girya"},{"floor":20,"key":"Singing Bowl"},{"floor":24,"key":"Blue Candle"},{"floor":26,"key":"Pear"}],"event_choices":[{"damage_healed":0,"gold_gain":0,"player_choice":"Got Potions","damage_taken":0,"max_hp_gain":0,"max_hp_loss":0,"event_name":"Lab","floor":2,"gold_loss":0},{"damage_healed":0,"gold_gain":0,"player_choice":"Entered Light","damage_taken":19,"max_hp_gain":0,"max_hp_loss":0,"event_name":"Shining Light","floor":7,"gold_loss":0,"cards_upgraded":["Strike_R","Flex"]},{"cards_removed":["Strike_R"],"damage_healed":0,"gold_gain":0,"player_choice":"Card Removal","damage_taken":7,"max_hp_gain":0,"max_hp_loss":0,"event_name":"Golden Wing","floor":14,"gold_loss":0},{"damage_healed":0,"gold_gain":0,"player_choice":"Ignored","damage_taken":0,"max_hp_gain":0,"max_hp_loss":0,"event_name":"Ghosts","floor":19,"gold_loss":0},{"damage_healed":0,"gold_gain":0,"player_choice":"Fight","damage_taken":0,"max_hp_gain":0,"max_hp_loss":0,"event_name":"Colosseum","floor":20,"gold_loss":0},{"damage_healed":0,"gold_gain":0,"player_choice":"Fought Nobs","damage_taken":0,"max_hp_gain":0,"max_hp_loss":0,"event_name":"Colosseum","floor":20,"gold_loss":0}],"is_beta":false,"boss_relics":[{"not_picked":["Pandora\u0027s Box","Philosopher\u0027s Stone"],"picked":"Mark of Pain"}],"items_purged_floors":[],"is_endless":false,"potions_floor_spawned":[4,8,11,13,16,18,21,22],"killed_by":"Snecko","ascension_level":3}