{"gold_per_floor":[116,136,154,42,42,42,42,77,122,141,157,257,21,56,56,161,161,171,131,151,183,230,230,260,260,260,260,292,27,52,62,62,158,158,178,278,278,278],"floor_reached":38,"playtime":1975,"items_purged":["Strike_G","Writhe"],"score":586,"play_id":"361b1398-e55c-484f-aa4b-65eef3a69653","local_time":"20190812181723","is_ascension_mode":true,"campfire_choices":[{"data":"Neutralize","floor":6.0,"key":"SMITH"},{"data":"Deadly Poison","floor":15.0,"key":"SMITH"},{"floor":23.0,"key":"REST"},{"data":"Well Laid Plans","floor":32.0,"key":"SMITH"}],"neow_cost":"TEN_PERCENT_HP_LOSS","seed_source_timestamp":0,"circlet_count":0,"master_deck":["Survivor","Neutralize+1","Tools of the Trade","Poisoned Stab","Dash","Cloak And Dagger","Well Laid Plans+1","Predator","Acrobatics","Footwork+1","PiercingWail","Deadly Poison+1","Malaise","Cloak And Dagger+1","Malaise+1","Blind+1","Malaise+1","Bane","Quick Slash","Concentrate+1","Caltrops","Deadly Poison+1","Footwork","Night Terror+1","All Out Attack","Dagger Throw","Bouncing Flask+1"],"special_seed":0,"relics":["Ring of the Snake","Boot","Dream Catcher","Orichalcum","Happy Flower","Busted Crown","Red Mask","Bag of Marbles","Mummified Hand","Paper Crane","Toxic Egg 2","War Paint","Oddly Smooth Stone","Pandora\u0027s Box","StoneCalendar"],"potions_floor_usage":[],"damage_taken":[{"damage":1.0,"enemies":"Cultist","floor":1.0,"turns":6.0},{"damage":0.0,"enemies":"Small Slimes","floor":2.0,"turns":3.0},{"damage":0.0,"enemies":"2 Louse","floor":3.0,"turns":3.0},{"damage":6.0,"enemies":"Gremlin Nob","floor":8.0,"turns":4.0},{"damage":0.0,"enemies":"Red Slaver","floor":10.0,"turns":4.0},{"damage":2.0,"enemies":"Looter","floor":11.0,"turns":4.0},{"damage":4.0,"enemies":"3 Sentries","floor":14.0,"turns":3.0},{"damage":0.0,"enemies":"Hexaghost","floor":16.0,"turns":8.0},{"damage":8.0,"enemies":"Spheric Guardian","floor":18.0,"turns":4.0},{"damage":5.0,"enemies":"2 Thieves","floor":20.0,"turns":5.0},{"damage":24.0,"enemies":"Masked Bandits","floor":21.0,"turns":6.0},{"damage":9.0,"enemies":"Slavers","floor":24.0,"turns":7.0},{"damage":10.0,"enemies":"Book of Stabbing","floor":28.0,"turns":6.0},{"damage":2.0,"enemies":"Slavers","floor":30.0,"turns":8.0},{"damage":0.0,"enemies":"Chosen and Byrds","floor":31.0,"turns":7.0},{"damage":9.0,"enemies":"Automaton","floor":33.0,"turns":13.0},{"damage":0.0,"enemies":"3 Shapes","floor":35.0,"turns":5.0},{"damage":0.0,"enemies":"Mind Bloom Boss Battle","floor":36.0,"turns":6.0},{"damage":0,"enemies":"3 Darklings","floor":38,"turns":1}],"seed_played":"-4524143347067818332","potions_obtained":[{"floor":3.0,"key":"SkillPotion"},{"floor":7.0,"key":"Fruit Juice"},{"floor":7.0,"key":"SkillPotion"},{"floor":7.0,"key":"EntropicBrew"},{"floor":11.0,"key":"PowerPotion"},{"floor":14.0,"key":"Ancient Potion"},{"floor":18.0,"key":"LiquidBronze"},{"floor":19.0,"key":"Weak Potion"},{"floor":21.0,"key":"Strength Potion"},{"floor":28.0,"key":"Fruit Juice"},{"floor":31.0,"key":"EntropicBrew"},{"floor":33.0,"key":"Strength Potion"}],"is_trial":false,"path_per_floor":["M","M","M","$","?","R","?","E","T","M","M","?","$","E","R","B",null,"M","?","M","?","T","R","E","?","T","?","E","$","E","M","R","B",null,"M","?","?","M"],"character_chosen":"THE_SILENT","items_purchased":["Well Laid Plans","Footwork","Orichalcum","PiercingWail","GhostInAJar","Blind+1"],"campfire_rested":1,"item_purchase_floors":[4,13,13,13,29,29],"current_hp_per_floor":[62,62,62,62,49,49,54,48,48,48,46,46,46,42,42,42,68,60,60,55,31,31,51,42,42,42,42,37,37,35,35,35,26,73,73,73,73,73],"gold":278,"neow_bonus":"THREE_RARE_CARDS","is_prod":false,"is_daily":false,"chose_seed":false,"campfire_upgraded":3,"win_rate":0,"timestamp":1565630243,"path_taken":["M","M","?","$","?","R","?","E","T","?","M","?","$","E","R","BOSS","M","?","?","?","?","R","E","?","T","?","E","$","E","M","R","BOSS","M","?","?","M"],"build_version":"2019-07-17","purchased_purges":2,"victory":false,"max_hp_per_floor":[63,63,63,63,63,63,68,68,68,68,68,68,68,68,68,68,68,68,68,68,68,68,68,68,68,68,68,73,73,73,73,73,73,73,73,73,73,73],"card_choices":[{"not_picked":["Grand Finale","Venomology"],"picked":"Tools of the Trade","floor":0.0},{"not_picked":["Dagger Throw","Predator"],"picked":"Poisoned Stab","floor":1.0},{"not_picked":["Dagger Spray","Calculated Gamble"],"picked":"Dash","floor":2.0},{"not_picked":["Eviscerate","Expertise"],"picked":"Cloak And Dagger","floor":3.0},{"not_picked":["Quick Slash","Concentrate","Setup"],"picked":"SKIP","floor":8.0},{"not_picked":["Sucker Punch","Bane"],"picked":"Predator","floor":10.0},{"not_picked":["Quick Slash","Glass Knife"],"picked":"Acrobatics","floor":11.0},{"not_picked":["Poisoned Stab","Acrobatics"],"picked":"Deadly Poison","floor":14.0},{"not_picked":["Die Die Die","Grand Finale"],"picked":"Malaise","floor":16.0},{"not_picked":["Dagger Throw"],"picked":"SKIP","floor":18.0},{"not_picked":["Cloak And Dagger"],"picked":"SKIP","floor":20.0},{"not_picked":[],"picked":"Cloak And Dagger+1","floor":23.0},{"not_picked":["Endless Agony"],"picked":"SKIP","floor":24.0},{"not_picked":[],"picked":"Malaise+1","floor":28.0},{"not_picked":["Infinite Blades"],"picked":"SKIP","floor":30.0},{"not_picked":["Choke"],"picked":"SKIP","floor":31.0},{"not_picked":[],"picked":"Malaise+1","floor":33.0},{"not_picked":[],"picked":"Bouncing Flask+1","floor":35.0}],"player_experience":1785709,"relics_obtained":[{"floor":8.0,"key":"Boot"},{"floor":9.0,"key":"Dream Catcher"},{"floor":14.0,"key":"Happy Flower"},{"floor":21.0,"key":"Red Mask"},{"floor":22.0,"key":"Bag of Marbles"},{"floor":24.0,"key":"Mummified Hand"},{"floor":26.0,"key":"Paper Crane"},{"floor":28.0,"key":"War Paint"},{"floor":30.0,"key":"Oddly Smooth Stone"},{"floor":36.0,"key":"StoneCalendar"}],"event_choices":[{"damage_healed":0.0,"max_hp_gain":0.0,"max_hp_loss":0.0,"gold_gain":0.0,"event_name":"Shining Light","player_choice":"Entered Light","floor":5.0,"gold_loss":0.0,"damage_taken":13.0,"cards_upgraded":["Defend_G","Strike_G"]},{"damage_healed":0.0,"max_hp_gain":0.0,"max_hp_loss":0.0,"gold_gain":0.0,"event_name":"Lab","player_choice":"Got Potions","floor":7.0,"gold_loss":0.0,"damage_taken":0.0},{"damage_healed":0.0,"max_hp_gain":0.0,"max_hp_loss":0.0,"gold_gain":100.0,"event_name":"Golden Shrine","player_choice":"Pray","floor":12.0,"gold_loss":0.0,"damage_taken":0.0},{"damage_healed":0.0,"max_hp_gain":0.0,"max_hp_loss":0.0,"gold_gain":0.0,"event_name":"The Woman in Blue","player_choice":"Bought 3 Potions","floor":19.0,"gold_loss":0.0,"damage_taken":0.0},{"damage_healed":0.0,"max_hp_gain":0.0,"max_hp_loss":0.0,"gold_gain":0.0,"event_name":"Masked Bandits","player_choice":"Fought Bandits","floor":21.0,"gold_loss":0.0,"damage_taken":0.0},{"damage_healed":0.0,"max_hp_gain":0.0,"max_hp_loss":0.0,"gold_gain":0.0,"event_name":"Vampires","player_choice":"Ignored","floor":25.0,"gold_loss":0.0,"damage_taken":0.0},{"damage_healed":0.0,"max_hp_gain":0.0,"max_hp_loss":0.0,"gold_gain":0.0,"event_name":"The Mausoleum","player_choice":"Opened","floor":27.0,"gold_loss":0.0,"damage_taken":0.0,"relics_obtained":["Toxic Egg 2"],"cards_obtained":["Writhe"]},{"damage_healed":0.0,"max_hp_gain":0.0,"max_hp_loss":0.0,"gold_gain":0.0,"event_name":"MindBloom","player_choice":"Fight","floor":36.0,"gold_loss":0.0,"damage_taken":0.0},{"damage_healed":0.0,"max_hp_gain":0.0,"max_hp_loss":0.0,"gold_gain":0.0,"event_name":"Upgrade Shrine","player_choice":"Upgraded","floor":37.0,"gold_loss":0.0,"damage_taken":0.0,"cards_upgraded":["Footwork"]}],"is_beta":false,"boss_relics":[{"not_picked":["Ring of the Serpent","Coffee Dripper"],"picked":"Busted Crown"},{"not_picked":["Black Star","HoveringKite"],"picked":"Pandora\u0027s Box"}],"items_purged_floors":[4,29],"is_endless":false,"potions_floor_spawned":[3,11,14,18,21,28,31,33],"killed_by":"3 Darklings","ascension_level":4}