{"gold_per_floor":[112,45,60,79,94,94,119,119,119,151,165,200,200,165,165,260,310,324,64,64,64,64],"floor_reached":22,"playtime":775,"items_purged":["Strike_R"],"score":298,"play_id":"09387c4e-e240-4184-b051-99365e433a5a","local_time":"20191012180316","is_ascension_mode":true,"campfire_choices":[{"data":"Armaments","floor":6,"key":"SMITH"},{"data":"Bash","floor":8,"key":"SMITH"},{"floor":15,"key":"REST"}],"neow_cost":"NONE","seed_source_timestamp":536968979297500,"circlet_count":0,"master_deck":["Strike_R","Strike_R+1","Strike_R","Defend_R","Defend_R","Defend_R","Defend_R+1","Bash+1","Forethought","Rampage","Evolve","Blood for Blood","Armaments+1","Shrug It Off","Warcry","Feed+1","Rage","Fiend Fire","Limit Break","Headbutt","Feel No Pain","Feel No Pain","Bloodletting"],"relics":["Burning Blood","Red Skull","Kunai","Mango","Omamori","Tiny House","Whetstone","Smiling Mask"],"potions_floor_usage":[10,11,16,18],"damage_taken":[{"damage":9,"enemies":"2 Louse","floor":1,"turns":4},{"damage":10,"enemies":"Small Slimes","floor":3,"turns":4},{"damage":10,"enemies":"Cultist","floor":4,"turns":5},{"damage":16,"enemies":"2 Fungi Beasts","floor":5,"turns":5},{"damage":19,"enemies":"Lagavulin","floor":7,"turns":8},{"damage":17,"enemies":"3 Sentries","floor":10,"turns":9},{"damage":13,"enemies":"Large Slime","floor":11,"turns":4},{"damage":28,"enemies":"Lagavulin","floor":12,"turns":6},{"damage":61,"enemies":"Hexaghost","floor":16,"turns":11},{"damage":36,"enemies":"Chosen","floor":18,"turns":6},{"damage":62,"enemies":"Spheric Guardian","floor":22,"turns":7}],"seed_played":"3959636572448069844","potions_obtained":[{"floor":3,"key":"GamblersBrew"},{"floor":5,"key":"Swift Potion"},{"floor":10,"key":"SkillPotion"},{"floor":11,"key":"SteroidPotion"},{"floor":17,"key":"Fruit Juice"},{"floor":18,"key":"Ancient Potion"}],"is_trial":false,"path_per_floor":["M","$","M","M","M","R","E","R","T","E","M","E","?","?","R","B",null,"M","$","?","?","M"],"character_chosen":"IRONCLAD","items_purchased":["Evolve","Whetstone","Feel No Pain"],"campfire_rested":1,"item_purchase_floors":[2,19,19],"current_hp_per_floor":[69,69,65,61,51,51,38,38,38,41,34,12,12,35,63,8,78,53,53,53,53,0],"gold":64,"neow_bonus":"RANDOM_COLORLESS","is_prod":false,"is_daily":false,"chose_seed":false,"campfire_upgraded":2,"win_rate":0,"timestamp":1570892596,"path_taken":["M","$","M","M","M","R","E","R","T","E","M","E","?","?","R","BOSS","M","$","?","?","M"],"build_version":"2019-10-11","purchased_purges":1,"victory":false,"max_hp_per_floor":[80,80,80,80,80,80,80,80,80,94,94,94,94,94,94,94,99,104,104,104,104,104],"card_choices":[{"not_picked":["Deep Breath","Jack Of All Trades"],"picked":"Forethought","floor":0},{"not_picked":["Rupture","Whirlwind"],"picked":"Rampage","floor":1},{"not_picked":["Body Slam","Pommel Strike"],"picked":"Blood for Blood","floor":3},{"not_picked":["Wild Strike","Shrug It Off"],"picked":"Armaments","floor":4},{"not_picked":["Cleave","Iron Wave"],"picked":"Shrug It Off","floor":5},{"not_picked":["Twin Strike","Clash"],"picked":"Warcry","floor":7},{"not_picked":["Carnage","Perfected Strike"],"picked":"Feed","floor":10},{"not_picked":["Iron Wave","Clothesline"],"picked":"Rage","floor":11},{"not_picked":["Anger","Clash"],"picked":"Fiend Fire","floor":12},{"not_picked":["Brutality","Dark Embrace"],"picked":"Limit Break","floor":16},{"not_picked":["Corruption","Perfected Strike"],"picked":"Headbutt","floor":17},{"not_picked":["Body Slam","True Grit"],"picked":"Feel No Pain","floor":18}],"player_experience":384642,"relics_obtained":[{"floor":7,"key":"Red Skull"},{"floor":9,"key":"Kunai"},{"floor":10,"key":"Mango"},{"floor":12,"key":"Omamori"}],"event_choices":[{"damage_healed":0,"gold_gain":0,"player_choice":"Fled","damage_taken":0,"max_hp_gain":0,"max_hp_loss":0,"event_name":"Scrap Ooze","floor":13,"gold_loss":0},{"damage_healed":23,"gold_gain":0,"player_choice":"Healed","damage_taken":0,"max_hp_gain":0,"max_hp_loss":0,"event_name":"The Cleric","floor":14,"gold_loss":35},{"damage_healed":0,"gold_gain":0,"player_choice":"Stole Relic","damage_taken":0,"relics_obtained":["Smiling Mask"],"max_hp_gain":0,"max_hp_loss":0,"event_name":"Addict","floor":20,"gold_loss":0,"cards_obtained":["Shame"]},{"damage_healed":0,"gold_gain":0,"cards_transformed":["Strike_R"],"player_choice":"Transformed","damage_taken":0,"max_hp_gain":0,"max_hp_loss":0,"event_name":"Transmorgrifier","floor":21,"gold_loss":0,"cards_obtained":["Bloodletting"]}],"is_beta":true,"boss_relics":[{"not_picked":["Empty Cage","Astrolabe"],"picked":"Tiny House"}],"items_purged_floors":[19],"is_endless":false,"potions_floor_spawned":[3,5,10,11,18],"killed_by":"Spheric Guardian","ascension_level":7}