{"gold_per_floor":[112,124,124,124,141,141,170,170,170,95,110,124,138,168,168,267,267,279,76,76,94,107,136,136,136,187,219,236,249,266,166,166,271,271,283,301,301,320,1319,1319,1335,1351,1351,1368,948,973,271,283,283,283,283,283,45,74,74],"floor_reached":56,"playtime":6004,"items_purged":["Strike_B","Decay","Normality","Normality"],"score":1463,"play_id":"ebf7f406-962d-45c9-b0bf-f10d457c3f0f","local_time":"20190519235934","is_ascension_mode":true,"campfire_choices":[{"floor":6,"key":"REST"},{"floor":8,"key":"RECALL"},{"floor":15,"key":"REST"},{"floor":25,"key":"REST"},{"floor":32,"key":"REST"},{"floor":40,"key":"REST"},{"floor":49,"key":"REST"},{"floor":52,"key":"REST"}],"neow_cost":"NONE","seed_source_timestamp":111606365970040,"circlet_count":0,"master_deck":["Strike_B","Defend_B","Defend_B","Defend_B","Defend_B","Zap","Dualcast","BootSequence+1","Streamline+1","Chill+1","Ball Lightning","Leap","Genetic Algorithm","Barrage","Core Surge","Biased Cognition","Compile Driver","Fusion","Doom and Gloom","Compile Driver+1","Coolheaded","Doom and Gloom","All For One","Capacitor","Stack+1","Loop+1","Hologram+1","Barrage+1","Conserve Battery+1","Meteor Strike","Amplify"],"relics":["Fusion Hammer","Incense Burner","Gremlin Horn","Ornamental Fan","Snecko Eye","Runic Capacitor","Meat on the Bone","Bottled Lightning","Philosopher\u0027s Stone","Prayer Wheel","Blue Candle","War Paint","Gambling Chip","Kunai","Mummified Hand"],"potions_floor_usage":[14,16,23,27,27,33,36,41,42,44,46,50,55,55,55],"damage_taken":[{"damage":2,"enemies":"Jaw Worm","floor":1,"turns":4},{"damage":0,"enemies":"Small Slimes","floor":2,"turns":3},{"damage":0,"enemies":"Cultist","floor":5,"turns":2},{"damage":4,"enemies":"3 Sentries","floor":7,"turns":6},{"damage":0,"enemies":"3 Louse","floor":11,"turns":2},{"damage":2,"enemies":"Red Slaver","floor":12,"turns":3},{"damage":0,"enemies":"Lots of Slimes","floor":13,"turns":4},{"damage":6,"enemies":"Gremlin Nob","floor":14,"turns":4},{"damage":0,"enemies":"The Guardian","floor":16,"turns":11},{"damage":9,"enemies":"3 Byrds","floor":18,"turns":4},{"damage":0,"enemies":"Spheric Guardian","floor":21,"turns":3},{"damage":0,"enemies":"Cultist and Chosen","floor":22,"turns":6},{"damage":4,"enemies":"Slavers","floor":23,"turns":3},{"damage":58,"enemies":"Book of Stabbing","floor":27,"turns":6},{"damage":0,"enemies":"3 Cultists","floor":28,"turns":4},{"damage":0,"enemies":"Chosen and Byrds","floor":29,"turns":5},{"damage":8,"enemies":"Centurion and Healer","floor":30,"turns":5},{"damage":4,"enemies":"Collector","floor":33,"turns":10},{"damage":0,"enemies":"Orb Walker","floor":35,"turns":3},{"damage":0,"enemies":"3 Shapes","floor":36,"turns":5},{"damage":9,"enemies":"Spire Growth","floor":38,"turns":5},{"damage":5,"enemies":"Writhing Mass","floor":41,"turns":8},{"damage":55,"enemies":"Jaw Worm Horde","floor":42,"turns":7},{"damage":11,"enemies":"3 Darklings","floor":44,"turns":5},{"damage":7,"enemies":"Giant Head","floor":46,"turns":6},{"damage":0,"enemies":"Maw","floor":48,"turns":5},{"damage":0,"enemies":"Awakened One","floor":50,"turns":5},{"damage":6,"enemies":"Shield and Spear","floor":54,"turns":5},{"damage":44,"enemies":"The Heart","floor":55,"turns":9}],"seed_played":"7781657167936666508","potions_obtained":[{"floor":1,"key":"EssenceOfSteel"},{"floor":7,"key":"SpeedPotion"},{"floor":12,"key":"SteroidPotion"},{"floor":16,"key":"PowerPotion"},{"floor":18,"key":"LiquidBronze"},{"floor":28,"key":"FocusPotion"},{"floor":29,"key":"Poison Potion"},{"floor":30,"key":"Dexterity Potion"},{"floor":33,"key":"Fire Potion"},{"floor":38,"key":"Energy Potion"},{"floor":42,"key":"LiquidBronze"},{"floor":44,"key":"Explosive Potion"},{"floor":46,"key":"PowerPotion"}],"is_trial":false,"path_per_floor":["M","M","?","?","M","R","E","R","T","$","M","M","M","E","R","B",null,"M","$","$","M","M","E","?","R","T","E","M","M","M","$","R","B",null,"M","M","?","M","?","R","M","M","T","M","$","E","$","M","R","B",null,"R","$","E","B",null],"character_chosen":"DEFECT","items_purchased":["Runic Capacitor","Blue Candle","PowerPotion","Gambling Chip","Kunai","Meteor Strike","Dexterity Potion","Weak Potion"],"campfire_rested":7,"item_purchase_floors":[19,45,45,47,47,53,53,53],"current_hp_per_floor":[73,73,73,73,73,75,71,71,71,71,71,69,69,63,75,75,75,66,66,66,66,66,62,62,75,75,29,41,41,45,45,67,63,75,75,75,75,66,66,75,70,27,27,28,28,33,33,45,67,67,75,75,75,69,37],"gold":74,"neow_bonus":"BOSS_RELIC","is_prod":false,"is_daily":false,"chose_seed":false,"campfire_upgraded":0,"win_rate":0,"timestamp":1558306774,"path_taken":["M","M","?","?","M","R","E","R","T","$","M","M","M","E","R","BOSS","M","?","$","M","M","E","?","R","T","E","M","M","?","$","R","BOSS","M","?","?","M","?","R","M","?","T","M","$","E","$","M","R","BOSS","R","$","E","BOSS"],"build_version":"2019-01-23","purchased_purges":4,"victory":true,"max_hp_per_floor":[75,75,75,75,75,75,75,75,75,75,75,75,75,75,75,75,75,75,75,75,75,75,75,75,75,75,75,75,75,75,75,75,75,75,75,75,75,75,75,75,75,75,75,75,75,75,75,75,75,75,75,75,75,75,75],"card_choices":[{"not_picked":["Streamline","Force Field"],"picked":"BootSequence","floor":1},{"not_picked":["Go for the Eyes","Darkness"],"picked":"Streamline","floor":2},{"not_picked":["Sunder","Leap"],"picked":"Ball Lightning","floor":5},{"not_picked":["Force Field","Darkness"],"picked":"Leap","floor":7},{"not_picked":["Conserve Battery","Gash","Streamline"],"picked":"SKIP","floor":11},{"not_picked":["Go for the Eyes","Cold Snap"],"picked":"Genetic Algorithm","floor":12},{"not_picked":["Steam","Beam Cell"],"picked":"Barrage","floor":13},{"not_picked":["Loop","FTL"],"picked":"Core Surge","floor":14},{"not_picked":["Rainbow","Echo Form"],"picked":"Biased Cognition","floor":16},{"not_picked":["Stack","Turbo"],"picked":"Compile Driver","floor":18},{"not_picked":["Gash","Rebound"],"picked":"Fusion","floor":21},{"not_picked":["Force Field","Beam Cell","Cold Snap"],"picked":"SKIP","floor":22},{"not_picked":["White Noise+1","Sunder"],"picked":"Doom and Gloom","floor":23},{"not_picked":["Rip and Tear+1","Fission"],"picked":"Compile Driver+1","floor":27},{"not_picked":["Ball Lightning","Genetic Algorithm"],"picked":"Coolheaded","floor":28},{"not_picked":["Double Energy","Auto Shields+1","BootSequence"],"picked":"SKIP","floor":29},{"not_picked":["Capacitor","Rebound"],"picked":"Doom and Gloom","floor":30},{"not_picked":["Fission","Reboot"],"picked":"All For One","floor":33},{"not_picked":["Conserve Battery+1","Leap"],"picked":"Capacitor","floor":35},{"not_picked":["Skim+1","Coolheaded"],"picked":"Stack+1","floor":36},{"not_picked":["Ball Lightning","Compile Driver+1","Cold Snap"],"picked":"SKIP","floor":38},{"not_picked":["Ball Lightning","Turbo+1","Sweeping Beam+1"],"picked":"SKIP","floor":41},{"not_picked":["Static Discharge+1","Creative AI"],"picked":"Loop+1","floor":42},{"not_picked":["Beam Cell+1","Stack+1"],"picked":"Hologram+1","floor":44},{"not_picked":["Streamline+1","Cold Snap+1","Hologram"],"picked":"SKIP","floor":44},{"not_picked":["Chill","Streamline"],"picked":"Barrage+1","floor":46},{"not_picked":["Undo","Gash+1"],"picked":"Conserve Battery+1","floor":48},{"not_picked":["Ball Lightning+1","BootSequence+1","Compile Driver+1"],"picked":"SKIP","floor":48},{"not_picked":["Ball Lightning+1","BootSequence+1","Compile Driver+1"],"picked":"SKIP","floor":48},{"not_picked":["Beam Cell+1","White Noise+1"],"picked":"Amplify","floor":54}],"player_experience":1459443,"relics_obtained":[{"floor":7,"key":"Incense Burner"},{"floor":9,"key":"Gremlin Horn"},{"floor":14,"key":"Ornamental Fan"},{"floor":23,"key":"Meat on the Bone"},{"floor":27,"key":"Bottled Lightning"},{"floor":43,"key":"Prayer Wheel"},{"floor":46,"key":"War Paint"},{"floor":54,"key":"Mummified Hand"}],"event_choices":[{"damage_healed":0,"gold_gain":0,"player_choice":"Grow","damage_taken":0,"max_hp_gain":0,"max_hp_loss":0,"event_name":"Living Wall","floor":3,"gold_loss":0,"cards_upgraded":["Streamline"]},{"damage_healed":0,"gold_gain":0,"cards_transformed":["Strike_B"],"player_choice":"Transformed","damage_taken":0,"max_hp_gain":0,"max_hp_loss":0,"event_name":"Transmorgrifier","floor":4,"gold_loss":0,"cards_obtained":["Chill"]},{"damage_healed":0,"gold_gain":0,"player_choice":"Cursed","damage_taken":0,"max_hp_gain":0,"max_hp_loss":0,"event_name":"Wheel of Change","floor":24,"gold_loss":0,"cards_obtained":["Decay"]},{"cards_removed":["Strike_B"],"damage_healed":0,"gold_gain":0,"player_choice":"Removed Attack","damage_taken":0,"max_hp_gain":0,"max_hp_loss":0,"event_name":"Falling","floor":37,"gold_loss":0},{"damage_healed":0,"gold_gain":999,"player_choice":"Gold","damage_taken":0,"max_hp_gain":0,"max_hp_loss":0,"event_name":"MindBloom","floor":39,"gold_loss":0,"cards_obtained":["Normality","Normality"]}],"is_beta":false,"boss_relics":[{"not_picked":["Black Star","Runic Dome"],"picked":"Snecko Eye"},{"not_picked":["Tiny House","Eternal Feather"],"picked":"Philosopher\u0027s Stone"}],"items_purged_floors":[10,31,45,47],"is_endless":false,"potions_floor_spawned":[1,7,12,13,16,18,28,29,30,33,38,42,44,46,48],"ascension_level":3}