{"gold_per_floor":[115,132,132,151,164,193,193,219,243,260,260,287,287,212,212,315,315,330,86,103,114,130,157,173,173,200,231,250,275,286,196,196,291,291,310,322,47,63,81,107,0,27,27,44,61,61,79,99,99,99,99,99,21,47,47],"floor_reached":56,"playtime":5437,"items_purged":["Strike_R","Strike_R","Strike_R"],"score":1371,"play_id":"8ad1c423-2887-447f-9168-6863d6176b4a","local_time":"20190913201903","is_ascension_mode":true,"campfire_choices":[{"data":"Heavy Blade","floor":13.0,"key":"SMITH"},{"data":"Thunderclap","floor":15.0,"key":"SMITH"},{"data":"Demon Form","floor":25.0,"key":"SMITH"},{"data":"Body Slam","floor":32.0,"key":"SMITH"},{"data":"Impervious","floor":46.0,"key":"SMITH"},{"floor":49,"key":"RECALL"},{"data":"Berserk","floor":52,"key":"SMITH"}],"neow_cost":"NONE","seed_source_timestamp":0,"circlet_count":0,"master_deck":["Defend_R","Defend_R+1","Defend_R","Defend_R","Bash","Pommel Strike+1","Spot Weakness+1","Thunderclap+1","Offering+1","Twin Strike","Inflame","Heavy Blade+1","Impervious+1","Ghostly Armor","Demon Form+1","Heavy Blade+1","Power Through+1","Warcry+1","Body Slam+1","Feed+1","Berserk+1","Seeing Red","True Grit+1","Metallicize+1","Impervious","Metallicize+1","Warcry+1","Metallicize","Burning Pact"],"special_seed":0,"relics":["Black Blood","War Paint","Boot","Orichalcum","Pen Nib","Coffee Dripper","Lantern","Oddly Smooth Stone","Bag of Marbles","Potion Belt","Regal Pillow","PreservedInsect","Paper Frog","Red Mask","Meat on the Bone","Calipers"],"potions_floor_usage":[54,54,55,55,55],"damage_taken":[{"damage":1.0,"enemies":"Jaw Worm","floor":1.0,"turns":4.0},{"damage":8.0,"enemies":"2 Louse","floor":2.0,"turns":3.0},{"damage":1.0,"enemies":"Cultist","floor":4.0,"turns":4.0},{"damage":17.0,"enemies":"Lots of Slimes","floor":5.0,"turns":6.0},{"damage":22.0,"enemies":"Gremlin Nob","floor":6.0,"turns":4.0},{"damage":15.0,"enemies":"3 Sentries","floor":8.0,"turns":4.0},{"damage":2.0,"enemies":"Blue Slaver","floor":10.0,"turns":3.0},{"damage":14.0,"enemies":"Gremlin Nob","floor":12.0,"turns":3.0},{"damage":26.0,"enemies":"Slime Boss","floor":16.0,"turns":5.0},{"damage":19.0,"enemies":"3 Byrds","floor":18.0,"turns":4.0},{"damage":6.0,"enemies":"Spheric Guardian","floor":20.0,"turns":3.0},{"damage":6.0,"enemies":"Snake Plant","floor":21.0,"turns":2.0},{"damage":12.0,"enemies":"Shelled Parasite and Fungi","floor":22.0,"turns":3.0},{"damage":7.0,"enemies":"Book of Stabbing","floor":23.0,"turns":3.0},{"damage":6.0,"enemies":"3 Cultists","floor":24.0,"turns":3.0},{"damage":30.0,"enemies":"Slavers","floor":27.0,"turns":6.0},{"damage":0.0,"enemies":"Centurion and Healer","floor":28.0,"turns":2.0},{"damage":12.0,"enemies":"Book of Stabbing","floor":29.0,"turns":5.0},{"damage":6.0,"enemies":"Snecko","floor":30.0,"turns":3.0},{"damage":24.0,"enemies":"Champ","floor":33.0,"turns":7.0},{"damage":1.0,"enemies":"3 Shapes","floor":35.0,"turns":4.0},{"damage":0.0,"enemies":"Orb Walker","floor":36.0,"turns":4.0},{"damage":23.0,"enemies":"Writhing Mass","floor":38.0,"turns":8.0},{"damage":12.0,"enemies":"Sphere and 2 Shapes","floor":39.0,"turns":3.0},{"damage":6.0,"enemies":"Giant Head","floor":40.0,"turns":4.0},{"damage":55.0,"enemies":"Nemesis","floor":42.0,"turns":5.0},{"damage":6.0,"enemies":"Jaw Worm Horde","floor":44.0,"turns":3.0},{"damage":6.0,"enemies":"Maw","floor":45.0,"turns":6.0},{"damage":6,"enemies":"Writhing Mass","floor":47,"turns":4},{"damage":5,"enemies":"4 Shapes","floor":48,"turns":8},{"damage":81,"enemies":"Donu and Deca","floor":50,"turns":11},{"damage":71,"enemies":"Shield and Spear","floor":54,"turns":8},{"damage":44,"enemies":"The Heart","floor":55,"turns":8}],"seed_played":"-1290415152452255475","potions_obtained":[{"floor":1.0,"key":"SkillPotion"},{"floor":5.0,"key":"FearPotion"},{"floor":6.0,"key":"SpeedPotion"},{"floor":16.0,"key":"Regen Potion"},{"floor":18.0,"key":"FearPotion"},{"floor":21.0,"key":"Block Potion"},{"floor":22.0,"key":"EssenceOfSteel"},{"floor":28.0,"key":"Regen Potion"},{"floor":33.0,"key":"AttackPotion"},{"floor":36.0,"key":"Poison Potion"},{"floor":42.0,"key":"Dexterity Potion"},{"floor":45.0,"key":"SkillPotion"}],"is_trial":false,"path_per_floor":["M","M","?","M","M","E","?","E","T","M","?","E","R","$","R","B",null,"M","$","M","M","M","E","M","R","T","E","M","E","M","?","R","B",null,"M","M","$","M","M","E","?","E","T","M","M","R","M","M","R","B",null,"R","$","E","B",null],"character_chosen":"IRONCLAD","items_purchased":["Lantern","PreservedInsect","Burning Pact"],"campfire_rested":0,"item_purchase_floors":[19,37,53],"current_hp_per_floor":[88,86,86,88,77,61,43,34,34,38,38,30,30,30,30,10,88,75,75,75,75,69,68,68,68,68,44,50,44,44,44,44,26,88,92,92,92,83,85,93,93,48,48,64,72,72,76,85,85,30,116,116,116,95,73],"gold":47,"neow_bonus":"TEN_PERCENT_HP_BONUS","is_prod":false,"is_daily":false,"chose_seed":false,"campfire_upgraded":6,"win_rate":0,"timestamp":1568398743,"path_taken":["M","M","?","M","M","E","?","E","T","M","?","E","R","$","R","BOSS","M","$","M","M","?","E","M","R","T","E","?","E","M","?","R","BOSS","M","M","$","M","M","E","?","E","T","M","M","R","M","M","R","BOSS","R","$","E","BOSS"],"build_version":"2019-07-17","purchased_purges":3,"victory":true,"max_hp_per_floor":[88,88,88,88,88,88,88,88,88,88,88,88,88,88,88,88,88,88,88,88,88,88,88,88,88,88,88,88,88,88,88,88,88,88,92,92,92,96,100,104,104,104,104,104,108,108,108,112,112,116,116,116,116,116,116],"card_choices":[{"not_picked":["Blood for Blood","Sword Boomerang","Havoc"],"picked":"SKIP","floor":1.0},{"not_picked":["Inflame","Warcry"],"picked":"Pommel Strike","floor":2.0},{"not_picked":["Combust","Pommel Strike"],"picked":"Spot Weakness","floor":4.0},{"not_picked":["Dual Wield","Disarm"],"picked":"Thunderclap","floor":5.0},{"not_picked":["Ghostly Armor","Thunderclap"],"picked":"Offering","floor":6.0},{"not_picked":["Searing Blow","Iron Wave"],"picked":"Twin Strike","floor":8.0},{"not_picked":["Twin Strike","True Grit"],"picked":"Inflame","floor":10.0},{"not_picked":["Brutality","Reckless Charge"],"picked":"Heavy Blade","floor":12.0},{"not_picked":["Bludgeon","Dark Embrace"],"picked":"Impervious","floor":16.0},{"not_picked":["Clash","Thunderclap","Rampage"],"picked":"SKIP","floor":18.0},{"not_picked":["Metallicize","Havoc","Clash+1"],"picked":"SKIP","floor":20.0},{"not_picked":["Dual Wield+1","Wild Strike+1","Clothesline"],"picked":"SKIP","floor":21.0},{"not_picked":["Pommel Strike","Evolve"],"picked":"Ghostly Armor","floor":22.0},{"not_picked":["Thunderclap","Armaments"],"picked":"Demon Form","floor":23.0},{"not_picked":["Headbutt+1","Twin Strike"],"picked":"Heavy Blade+1","floor":24.0},{"not_picked":["Bludgeon","Headbutt"],"picked":"Power Through+1","floor":27.0},{"not_picked":["Combust+1","Dropkick"],"picked":"Warcry+1","floor":28.0},{"not_picked":["Clash","Flex"],"picked":"Body Slam","floor":29.0},{"not_picked":["Warcry","Clash"],"picked":"Feed","floor":30.0},{"not_picked":["Juggernaut","Offering"],"picked":"Berserk","floor":33.0},{"not_picked":["Havoc","Iron Wave","Flex+1"],"picked":"SKIP","floor":35.0},{"not_picked":["Iron Wave+1","Disarm"],"picked":"Seeing Red","floor":36.0},{"not_picked":["Flame Barrier","Clash+1"],"picked":"True Grit+1","floor":38.0},{"not_picked":["Flex+1","Reckless Charge"],"picked":"Metallicize+1","floor":39.0},{"not_picked":["Seeing Red","Rampage"],"picked":"Impervious","floor":40.0},{"not_picked":["Fiend Fire","Pommel Strike+1"],"picked":"Metallicize+1","floor":42.0},{"not_picked":["True Grit","Headbutt+1","Searing Blow+1"],"picked":"SKIP","floor":44.0},{"not_picked":["Rage","Perfected Strike"],"picked":"Warcry+1","floor":45.0},{"not_picked":["Sentinel+1","Second Wind"],"picked":"Metallicize","floor":47},{"not_picked":["True Grit","Rage","Armaments"],"picked":"SKIP","floor":48},{"not_picked":["Hemokinesis","Clash","Body Slam+1"],"picked":"SKIP","floor":54}],"player_experience":92649,"relics_obtained":[{"floor":6.0,"key":"War Paint"},{"floor":8.0,"key":"Boot"},{"floor":9.0,"key":"Orichalcum"},{"floor":12.0,"key":"Pen Nib"},{"floor":23.0,"key":"Oddly Smooth Stone"},{"floor":26.0,"key":"Bag of Marbles"},{"floor":27.0,"key":"Potion Belt"},{"floor":29.0,"key":"Regal Pillow"},{"floor":40.0,"key":"Paper Frog"},{"floor":42.0,"key":"Meat on the Bone"},{"floor":54,"key":"Calipers"}],"event_choices":[{"cards_removed":["Strike_R"],"damage_healed":0.0,"max_hp_gain":0.0,"max_hp_loss":0.0,"gold_gain":0.0,"event_name":"Living Wall","player_choice":"Forget","floor":3.0,"gold_loss":0.0,"damage_taken":0.0},{"damage_healed":0.0,"max_hp_gain":0.0,"max_hp_loss":0.0,"gold_gain":0.0,"event_name":"Shining Light","player_choice":"Entered Light","floor":7.0,"gold_loss":0.0,"damage_taken":18.0,"cards_upgraded":["Offering","Pommel Strike"]},{"damage_healed":0.0,"max_hp_gain":0.0,"max_hp_loss":0.0,"gold_gain":0.0,"event_name":"The Woman in Blue","player_choice":"Bought 0 Potions","floor":11.0,"gold_loss":0.0,"damage_taken":0.0},{"cards_removed":["Strike_R"],"damage_healed":0.0,"max_hp_gain":0.0,"max_hp_loss":0.0,"gold_gain":0.0,"event_name":"Designer","player_choice":"Upgrade and Remove","floor":31.0,"gold_loss":90.0,"damage_taken":0.0,"cards_upgraded":["Feed"]},{"damage_healed":0.0,"max_hp_gain":0.0,"max_hp_loss":0.0,"gold_gain":0.0,"event_name":"Tomb of Lord Red Mask","player_choice":"Paid","floor":41.0,"gold_loss":107.0,"damage_taken":0.0,"relics_obtained":["Red Mask"]}],"is_beta":false,"boss_relics":[{"not_picked":["Lizard Tail","White Beast Statue"],"picked":"Coffee Dripper"},{"not_picked":["Velvet Choker","Mark of Pain"],"picked":"Black Blood"}],"items_purged_floors":[14,19,37],"is_endless":false,"potions_floor_spawned":[1,5,6,16,18,21,22,28,33,36,42,45],"ascension_level":1}