{"gold_per_floor":[110,285,360,181,201,201,213,224,224,224,258,258,269,301,301,398,398,412,412,412,424,133,158,158,172,172,186,204,237,237,237,237,237],"floor_reached":33,"playtime":1551,"items_purged":["Doubt","Strike_R"],"score":320,"play_id":"cdde6285-738f-4229-a15a-d4b787d6e62c","local_time":"20180718180740","is_ascension_mode":false,"campfire_choices":[{"data":"Flex","floor":6,"key":"SMITH"},{"data":"Infernal Blade","floor":10,"key":"SMITH"},{"data":"Heavy Blade","floor":12,"key":"SMITH"},{"data":"Spot Weakness","floor":15,"key":"SMITH"},{"floor":24,"key":"REST"},{"floor":32,"key":"REST"}],"neow_cost":"NONE","seed_source_timestamp":356973551081984,"circlet_count":0,"master_deck":["Strike_R","Strike_R","Strike_R","Defend_R","Defend_R","Defend_R","Defend_R","Bash+1","Clash","Flex+1","Inflame","Headbutt","Twin Strike","Infernal Blade+1","Heavy Blade+1","Spot Weakness+1","Heavy Blade","Shrug It Off","Shrug It Off","Rage","Shrug It Off+1","Second Wind","Iron Wave+1","Uppercut","Necronomicurse","Decay"],"relics":["Burning Blood","Paper Frog","Shuriken","Lantern","Velvet Choker","Frozen Egg 2","Pen Nib","Magic Flower","Letter Opener","Strawberry","Necronomicon"],"potions_floor_usage":[16,16,16,23,28],"damage_taken":[{"damage":3,"enemies":"2 Louse","floor":1,"turns":3},{"damage":1,"enemies":"Jaw Worm","floor":5,"turns":3},{"damage":8,"enemies":"Small Slimes","floor":7,"turns":3},{"damage":0,"enemies":"Looter","floor":8,"turns":2},{"damage":13,"enemies":"Lagavulin","floor":11,"turns":3},{"damage":0,"enemies":"Blue Slaver","floor":13,"turns":1},{"damage":0,"enemies":"Gremlin Nob","floor":14,"turns":2},{"damage":40,"enemies":"Hexaghost","floor":16,"turns":6},{"damage":15,"enemies":"2 Thieves","floor":18,"turns":3},{"damage":5,"enemies":"Chosen","floor":21,"turns":3},{"damage":58,"enemies":"Gremlin Leader","floor":23,"turns":10},{"damage":2,"enemies":"Sentry and Sphere","floor":25,"turns":3},{"damage":7,"enemies":"Centurion and Healer","floor":27,"turns":4},{"damage":4,"enemies":"3 Cultists","floor":28,"turns":4},{"damage":44,"enemies":"Book of Stabbing","floor":29,"turns":5},{"damage":40,"enemies":"Collector","floor":33,"turns":3}],"seed_played":"-900062638624245516","potions_obtained":[{"floor":5,"key":"Poison Potion"},{"floor":8,"key":"BloodPotion"},{"floor":11,"key":"EssenceOfSteel"},{"floor":18,"key":"SkillPotion"},{"floor":27,"key":"Strength Potion"},{"floor":29,"key":"Strength Potion"}],"is_trial":false,"path_per_floor":["M","?","?","$","M","R","M","M","T","R","E","R","M","E","R","B",null,"M","?","T","M","$","E","R","M","T","M","M","E","?","?","R"],"character_chosen":"IRONCLAD","items_purchased":["Flex","Inflame","Shrug It Off","Pen Nib"],"campfire_rested":2,"item_purchase_floors":[4,4,22,22],"current_hp_per_floor":[80,80,69,69,74,74,72,78,78,78,71,71,77,80,80,54,80,71,71,71,72,72,20,44,51,51,53,58,30,14,14,40,0],"gold":237,"neow_bonus":"UPGRADE_CARD","is_prod":false,"is_daily":false,"chose_seed":false,"campfire_upgraded":4,"win_rate":0.0,"timestamp":1531926460,"path_taken":["M","?","?","$","M","R","M","M","T","R","E","R","M","E","R","BOSS","M","?","?","M","$","E","R","M","T","?","?","E","?","?","R","BOSS"],"build_version":"2018-07-12","purchased_purges":2,"victory":false,"max_hp_per_floor":[80,80,80,80,80,80,80,80,80,80,80,80,80,80,80,80,80,80,80,80,80,80,80,80,80,80,80,80,87,87,87,87,87],"card_choices":[{"not_picked":["Heavy Blade","Metallicize"],"picked":"Clash","floor":1},{"not_picked":["Bloodletting","Cleave"],"picked":"Headbutt","floor":5},{"not_picked":["Fire Breathing","Feel No Pain"],"picked":"Twin Strike","floor":7},{"not_picked":["Heavy Blade","Clothesline"],"picked":"Infernal Blade","floor":8},{"not_picked":["Inflame","Hemokinesis"],"picked":"Heavy Blade","floor":11},{"not_picked":["Clothesline","Metallicize"],"picked":"Spot Weakness","floor":13},{"not_picked":["Blood for Blood","Thunderclap","Feel No Pain"],"picked":"SKIP","floor":14},{"not_picked":["Flame Barrier","Shockwave"],"picked":"Heavy Blade","floor":18},{"not_picked":["Clash","Headbutt"],"picked":"Shrug It Off","floor":21},{"not_picked":["Headbutt","Feel No Pain+1"],"picked":"Rage","floor":23},{"not_picked":["Sword Boomerang","Cleave"],"picked":"Shrug It Off+1","floor":25},{"not_picked":["Sword Boomerang","Anger"],"picked":"Second Wind","floor":27},{"not_picked":["True Grit","Dropkick"],"picked":"Iron Wave+1","floor":28},{"not_picked":["Dropkick","Armaments"],"picked":"Uppercut","floor":29}],"player_experience":97537,"relics_obtained":[{"floor":9,"key":"Paper Frog"},{"floor":11,"key":"Shuriken"},{"floor":14,"key":"Lantern"},{"floor":20,"key":"Frozen Egg 2"},{"floor":23,"key":"Magic Flower"},{"floor":26,"key":"Letter Opener"},{"floor":29,"key":"Strawberry"},{"floor":30,"key":"Necronomicon"}],"event_choices":[{"event_name":"Liars Game","player_choice":"agreed","floor":2,"damage_taken":0},{"event_name":"World of Goop","player_choice":"Gather Gold","floor":3,"damage_taken":0},{"event_name":"Bonfire Elementals","player_choice":"BASIC","floor":19,"damage_taken":0},{"event_name":"Cursed Tome","player_choice":"Obtained Book","floor":30,"damage_taken":0},{"event_name":"Forgotten Altar","player_choice":"Smashed Altar","floor":31,"damage_taken":0}],"boss_relics":[{"not_picked":["Snecko Eye","Coffee Dripper"],"picked":"Velvet Choker"}],"items_purged_floors":[4,22],"is_endless":false,"potions_floor_spawned":[5,8,11,13,14,18,27,29],"killed_by":"Collector","ascension_level":0}