{"gold_per_floor":[114,129,129,54,69,99,99,114,114,22,37,37,37,52,52,152,152,152,152,152,1,1,1,1,1,1,1,1,1,1,1,1,1,1,1,1,1,1,1,1,1,1,1,0,0,0,0,0,0,0],"floor_reached":50,"playtime":7033,"items_purged":["Meteor Strike","All For One"],"score":568,"play_id":"64bceb49-7a74-40d1-a090-0c4afdb462db","local_time":"20191012044448","daily_mods":["Shiny","Blue Cards","Binary"],"is_ascension_mode":false,"campfire_choices":[{"data":"Demon Form","floor":7.0,"key":"SMITH"},{"data":"Metallicize","floor":12.0,"key":"SMITH"},{"data":"Buffer","floor":15.0,"key":"SMITH"},{"floor":23.0,"key":"REST"},{"floor":25.0,"key":"REST"},{"floor":32.0,"key":"REST"},{"floor":40.0,"key":"REST"},{"data":"Bludgeon","floor":45.0,"key":"SMITH"},{"floor":49,"key":"REST"}],"neow_cost":"","seed_source_timestamp":189944305449000,"circlet_count":0,"master_deck":["Multi-Cast","Hyperbeam","Thunder Strike","Biased Cognition","Machine Learning","Electrodynamics","Buffer+1","Rainbow","Seek","Echo Form","Reboot","Amplify","Creative AI","Fission","Core Surge","Double Tap","Demon Form+1","Bludgeon+1","Feed","Limit Break","Fiend Fire","Dark Embrace","Impervious","Juggernaut","Brutality","Reaper","Exhume","Offering","Immolate","Static Discharge","Battle Trance","Cold Snap","Steam","Shrug It Off","Metallicize+1","Machine Learning","Battle Trance","Warcry","Shrug It Off","RitualDagger","Shrug It Off+1","Storm","Second Wind","Sunder+1","Rebound","Hyperbeam","Ghostly Armor","Rebound+1","Armaments+1","Self Repair","Force Field","Rebound","Reinforced Body+1"],"special_seed":18181,"relics":["Black Blood","Juzu Bracelet","Pantograph","Ectoplasm","Ancient Tea Set","Gremlin Horn","Omamori","Red Mask"],"potions_floor_usage":[46,46,50,50],"damage_taken":[{"damage":0.0,"enemies":"Small Slimes","floor":1.0,"turns":2.0},{"damage":6.0,"enemies":"Cultist","floor":2.0,"turns":2.0},{"damage":0.0,"enemies":"2 Louse","floor":5.0,"turns":1.0},{"damage":18.0,"enemies":"3 Sentries","floor":6.0,"turns":4.0},{"damage":18.0,"enemies":"Lots of Slimes","floor":8.0,"turns":2.0},{"damage":0.0,"enemies":"2 Fungi Beasts","floor":11.0,"turns":1.0},{"damage":0.0,"enemies":"Gremlin Gang","floor":14.0,"turns":1.0},{"damage":37.0,"enemies":"Slime Boss","floor":16.0,"turns":8.0},{"damage":14.0,"enemies":"Chosen","floor":18.0,"turns":3.0},{"damage":67.0,"enemies":"3 Byrds","floor":20.0,"turns":6.0},{"damage":23.0,"enemies":"Shelled Parasite and Fungi","floor":27.0,"turns":7.0},{"damage":39.0,"enemies":"Slavers","floor":28.0,"turns":3.0},{"damage":8.0,"enemies":"Centurion and Healer","floor":29.0,"turns":7.0},{"damage":6.0,"enemies":"Snake Plant","floor":30.0,"turns":5.0},{"damage":0.0,"enemies":"Cultist and Chosen","floor":31.0,"turns":4.0},{"damage":6.0,"enemies":"Automaton","floor":33.0,"turns":10.0},{"damage":9.0,"enemies":"Orb Walker","floor":35.0,"turns":5.0},{"damage":7.0,"enemies":"3 Darklings","floor":36.0,"turns":3.0},{"damage":46.0,"enemies":"Jaw Worm Horde","floor":37.0,"turns":4.0},{"damage":14.0,"enemies":"Sphere and 2 Shapes","floor":39.0,"turns":3.0},{"damage":25.0,"enemies":"4 Shapes","floor":41.0,"turns":3.0},{"damage":4.0,"enemies":"Maw","floor":42.0,"turns":8.0},{"damage":42,"enemies":"Transient","floor":46,"turns":5},{"damage":94,"enemies":"Awakened One","floor":50,"turns":8}],"seed_played":"7316738918245520927","potions_obtained":[{"floor":2.0,"key":"Energy Potion"},{"floor":6.0,"key":"Explosive Potion"},{"floor":14.0,"key":"PowerPotion"},{"floor":20.0,"key":"Explosive Potion"},{"floor":24.0,"key":"Block Potion"},{"floor":24.0,"key":"Swift Potion"},{"floor":27.0,"key":"Energy Potion"},{"floor":29.0,"key":"Energy Potion"},{"floor":33.0,"key":"Block Potion"},{"floor":36.0,"key":"Dexterity Potion"},{"floor":42.0,"key":"Strength Potion"},{"floor":46,"key":"SkillPotion"}],"is_trial":false,"path_per_floor":["M","M","?","$","M","E","R","M","T","$","M","R","?","M","R","B",null,"M","$","M","$","?","R","?","R","T","M","E","M","M","M","R","B",null,"M","M","M","?","M","R","M","M","T","?","R","M","?","?","R","B"],"character_chosen":"IRONCLAD","items_purchased":["Shrug It Off","Metallicize","Shrug It Off"],"campfire_rested":5,"item_purchase_floors":[10,10,21],"current_hp_per_floor":[80,80,80,80,80,74,74,62,62,62,68,68,68,74,74,86,86,78,78,32,32,26,52,52,78,78,61,31,29,32,38,65,90,92,95,95,65,65,61,89,88,95,95,95,95,63,63,63,90,0],"gold":0,"neow_bonus":"","is_prod":false,"is_daily":true,"chose_seed":false,"campfire_upgraded":4,"win_rate":0,"timestamp":1570877088,"path_taken":["M","M","?","?","M","E","R","M","T","$","M","R","?","M","R","BOSS","M","$","M","$","?","R","?","R","T","M","E","M","M","M","R","BOSS","M","M","M","?","M","R","M","M","T","?","R","M","?","?","R","BOSS"],"build_version":"2019-07-17","purchased_purges":2,"victory":false,"max_hp_per_floor":[80,80,80,80,80,86,86,86,86,86,86,86,86,86,86,86,86,86,86,89,89,89,89,89,89,89,89,92,92,92,92,92,92,92,95,95,95,95,95,95,95,95,95,95,95,95,95,90,90,90],"card_choices":[{"not_picked":["Iron Wave","Doom and Gloom"],"picked":"SKIP","floor":1.0},{"not_picked":["Barrage"],"picked":"Static Discharge","floor":2.0},{"not_picked":["Gash"],"picked":"Battle Trance","floor":5.0},{"not_picked":["Carnage"],"picked":"Cold Snap","floor":6.0},{"not_picked":["Beam Cell"],"picked":"Steam","floor":8.0},{"not_picked":["Tempest","Entrench"],"picked":"SKIP","floor":11.0},{"not_picked":["Rampage","Compile Driver"],"picked":"SKIP","floor":14.0},{"not_picked":["Heavy Blade"],"picked":"Battle Trance","floor":18.0},{"not_picked":["Go for the Eyes"],"picked":"Warcry","floor":20.0},{"not_picked":["Gash+1"],"picked":"Shrug It Off+1","floor":27.0},{"not_picked":["Burning Pact"],"picked":"Storm","floor":28.0},{"not_picked":["Go for the Eyes"],"picked":"Second Wind","floor":29.0},{"not_picked":["Melter+1"],"picked":"Sunder+1","floor":30.0},{"not_picked":["Cleave"],"picked":"Rebound","floor":31.0},{"not_picked":["Amplify"],"picked":"Hyperbeam","floor":33.0},{"not_picked":["Disarm+1"],"picked":"Ghostly Armor","floor":35.0},{"not_picked":["Defragment+1"],"picked":"Rebound+1","floor":36.0},{"not_picked":["Coolheaded+1"],"picked":"Armaments+1","floor":37.0},{"not_picked":["Shockwave"],"picked":"Self Repair","floor":39.0},{"not_picked":["Body Slam"],"picked":"Force Field","floor":41.0},{"not_picked":["Tempest+1"],"picked":"Rebound","floor":42.0},{"not_picked":["Cleave+1"],"picked":"Reinforced Body+1","floor":46}],"player_experience":389432,"relics_obtained":[{"floor":6.0,"key":"Juzu Bracelet"},{"floor":9.0,"key":"Pantograph"},{"floor":26.0,"key":"Ancient Tea Set"},{"floor":28.0,"key":"Gremlin Horn"},{"floor":43.0,"key":"Omamori"}],"event_choices":[{"cards_removed":["Barricade"],"damage_healed":0.0,"max_hp_gain":0.0,"max_hp_loss":0.0,"gold_gain":0.0,"event_name":"Purifier","player_choice":"Purged","floor":3.0,"gold_loss":0.0,"damage_taken":0.0},{"damage_healed":0.0,"max_hp_gain":0.0,"max_hp_loss":0.0,"gold_gain":0.0,"cards_transformed":["Berserk"],"event_name":"Transmorgrifier","player_choice":"Transformed","floor":13.0,"gold_loss":0.0,"damage_taken":0.0,"cards_obtained":["Machine Learning"]},{"damage_healed":0.0,"max_hp_gain":0.0,"max_hp_loss":0.0,"gold_gain":0.0,"event_name":"Nest","player_choice":"Joined the Cult","floor":22.0,"gold_loss":0.0,"damage_taken":6.0,"cards_obtained":["RitualDagger"]},{"damage_healed":0.0,"max_hp_gain":0.0,"max_hp_loss":0.0,"gold_gain":0.0,"event_name":"Lab","player_choice":"Got Potions","floor":24.0,"gold_loss":0.0,"damage_taken":0.0},{"damage_healed":0.0,"max_hp_gain":0.0,"max_hp_loss":0.0,"gold_gain":0.0,"event_name":"FaceTrader","player_choice":"Leave","floor":38.0,"gold_loss":0.0,"damage_taken":0.0},{"damage_healed":0.0,"max_hp_gain":0.0,"max_hp_loss":0.0,"gold_gain":0.0,"event_name":"Tomb of Lord Red Mask","player_choice":"Paid","floor":44.0,"gold_loss":1.0,"damage_taken":0.0,"relics_obtained":["Red Mask"]},{"damage_healed":0,"gold_gain":0,"player_choice":"Ignored","damage_taken":0,"max_hp_gain":0,"max_hp_loss":0,"event_name":"SecretPortal","floor":47,"gold_loss":0},{"damage_healed":0,"gold_gain":0,"player_choice":"Max HP","damage_taken":0,"max_hp_gain":0,"max_hp_loss":5,"event_name":"Winding Halls","floor":48,"gold_loss":0}],"is_beta":false,"boss_relics":[{"not_picked":["Calling Bell","Runic Pyramid"],"picked":"Ectoplasm"},{"not_picked":["Runic Dome","Philosopher\u0027s Stone"],"picked":"Black Blood"}],"items_purged_floors":[4,21],"is_endless":false,"potions_floor_spawned":[2,6,14,20,27,29,33,36,42,46],"killed_by":"Awakened One","ascension_level":0}