{"gold_per_floor":[118,118,138,149,324,324,354,354,400,253,269,304,304,330,330,427,427,437,447,482,495,167,197,197,226,276,276,276],"floor_reached":28,"playtime":1454,"items_purged":["Doubt","Strike_B"],"score":425,"play_id":"24b01522-8929-4533-892e-a8ad25a84b62","local_time":"20191025124223","is_ascension_mode":true,"campfire_choices":[{"data":"Hyperbeam","floor":6.0,"key":"SMITH"},{"floor":13.0,"key":"REST"},{"floor":15,"key":"REST"},{"floor":24,"key":"REST"},{"floor":27,"key":"REST"}],"neow_cost":"NONE","seed_source_timestamp":0,"circlet_count":0,"master_deck":["AscendersBane","Strike_B","Strike_B","Defend_B","Defend_B","Defend_B","Defend_B","Zap","Dualcast","Hello World","Ball Lightning","Compile Driver","Hyperbeam+1","Darkness","Chaos","Heatsinks","Coolheaded","Redo","Self Repair","Multi-Cast","Defragment","Leap","Coolheaded","Go for the Eyes","Consume","Loop","Hologram","Recycle"],"special_seed":0,"relics":["Cracked Core","Juzu Bracelet","Bottled Tornado","Vajra","Blood Vial","Bag of Marbles","Sozu","Red Mask","Tiny Chest","Dead Branch","Sundial","Ancient Tea Set"],"potions_floor_usage":[14],"damage_taken":[{"damage":1.0,"enemies":"Cultist","floor":1.0,"turns":4.0},{"damage":2.0,"enemies":"Jaw Worm","floor":3.0,"turns":3.0},{"damage":2.0,"enemies":"2 Louse","floor":4.0,"turns":3.0},{"damage":28.0,"enemies":"3 Sentries","floor":7.0,"turns":6.0},{"damage":25.0,"enemies":"Exordium Thugs","floor":11.0,"turns":3.0},{"damage":2.0,"enemies":"Lagavulin","floor":12.0,"turns":7.0},{"damage":16,"enemies":"Gremlin Nob","floor":14,"turns":3},{"damage":31,"enemies":"Slime Boss","floor":16,"turns":7},{"damage":12,"enemies":"Chosen","floor":18,"turns":4},{"damage":12,"enemies":"3 Byrds","floor":19,"turns":2},{"damage":13,"enemies":"Masked Bandits","floor":20,"turns":3},{"damage":0,"enemies":"3 Cultists","floor":21,"turns":2},{"damage":38,"enemies":"Gremlin Leader","floor":23,"turns":9},{"damage":44,"enemies":"Book of Stabbing","floor":25,"turns":6},{"damage":44,"enemies":"Gremlin Leader","floor":28,"turns":6}],"seed_played":"-841064207921195563","potions_obtained":[{"floor":3.0,"key":"FocusPotion"},{"floor":4.0,"key":"Strength Potion"},{"floor":11.0,"key":"Dexterity Potion"},{"floor":12.0,"key":"Fruit Juice"}],"is_trial":false,"path_per_floor":["M","?","M","M","?","R","E","?","T","$","M","E","R","E","R","B",null,"M","M","?","M","$","E","R","E","T","R","E"],"character_chosen":"DEFECT","items_purchased":["Heatsinks","Consume","Loop","Tiny Chest"],"campfire_rested":4,"item_purchase_floors":[10,22,22,22],"current_hp_per_floor":[67,64,62,60,60,60,32,32,32,32,7,5,27,18,42,20,65,62,59,48,50,50,21,45,10,10,34,0],"gold":276,"neow_bonus":"TRANSFORM_CARD","is_prod":false,"is_daily":false,"chose_seed":false,"campfire_upgraded":1,"win_rate":0,"timestamp":1572032543,"path_taken":["M","?","M","M","?","R","E","?","T","$","M","E","R","E","R","BOSS","M","M","?","M","$","E","R","E","T","R","E"],"build_version":"2019-07-17","purchased_purges":2,"victory":false,"max_hp_per_floor":[75,75,75,75,75,75,75,75,75,75,75,75,75,80,80,80,80,80,80,80,80,80,80,80,80,80,80,80],"card_choices":[{"not_picked":["Barrage","Coolheaded"],"picked":"Ball Lightning","floor":1.0},{"not_picked":["Chill","Chaos"],"picked":"Compile Driver","floor":3.0},{"not_picked":["Beam Cell","Go for the Eyes"],"picked":"Hyperbeam","floor":4.0},{"not_picked":["Hello World","Reinforced Body"],"picked":"Darkness","floor":7.0},{"not_picked":["Double Energy","Steam Power"],"picked":"Coolheaded","floor":11.0},{"not_picked":["Beam Cell","White Noise"],"picked":"Redo","floor":12.0},{"not_picked":["Leap","Storm"],"picked":"Self Repair","floor":14},{"not_picked":["Amplify","Thunder Strike"],"picked":"Multi-Cast","floor":16},{"not_picked":["Stack+1","Sweeping Beam"],"picked":"Defragment","floor":18},{"not_picked":["Turbo","Undo"],"picked":"Leap","floor":19},{"not_picked":["Buffer","Rebound"],"picked":"Coolheaded","floor":20},{"not_picked":["Compile Driver+1","Gash+1"],"picked":"Go for the Eyes","floor":21},{"not_picked":["Stack","Rip and Tear"],"picked":"Hologram","floor":23},{"not_picked":["Multi-Cast","Gash"],"picked":"Recycle","floor":25}],"player_experience":454999,"relics_obtained":[{"floor":7.0,"key":"Bottled Tornado"},{"floor":9.0,"key":"Vajra"},{"floor":12.0,"key":"Blood Vial"},{"floor":14,"key":"Bag of Marbles"},{"floor":20,"key":"Red Mask"},{"floor":23,"key":"Dead Branch"},{"floor":25,"key":"Sundial"},{"floor":26,"key":"Ancient Tea Set"}],"event_choices":[{"damage_healed":0.0,"max_hp_gain":0.0,"max_hp_loss":0.0,"gold_gain":0.0,"event_name":"Scrap Ooze","player_choice":"Success","floor":2.0,"gold_loss":0.0,"damage_taken":3.0,"relics_obtained":["Juzu Bracelet"]},{"damage_healed":0.0,"max_hp_gain":0.0,"max_hp_loss":0.0,"gold_gain":175.0,"event_name":"Liars Game","player_choice":"AGREE","floor":5.0,"gold_loss":0.0,"damage_taken":0.0,"cards_obtained":["Doubt"]},{"damage_healed":0.0,"max_hp_gain":0.0,"max_hp_loss":0.0,"gold_gain":0.0,"event_name":"Match and Keep!","player_choice":"1 cards matched","floor":8.0,"gold_loss":0.0,"damage_taken":0.0,"cards_obtained":["Chaos"]},{"damage_healed":0,"gold_gain":0,"player_choice":"Fought Bandits","damage_taken":0,"max_hp_gain":0,"max_hp_loss":0,"event_name":"Masked Bandits","floor":20,"gold_loss":0}],"is_beta":false,"boss_relics":[{"not_picked":["Eternal Feather","Coffee Dripper"],"picked":"Sozu"}],"items_purged_floors":[10,22],"is_endless":false,"potions_floor_spawned":[3,4,11,12,20,21,25],"killed_by":"Gremlin Leader","ascension_level":11}