{"gold_per_floor":[118,118,135,148,148,148,173,26,26,26,26,38,38,49,49,154,154,154,154,15,15,15,15,15,15,15,15,15,15,15,15,15,15,15,15,15,15,15,15,15,15,15,15,15,15,15,15,15,15,15],"floor_reached":50,"playtime":2870,"items_purged":["Strike_G"],"score":954,"play_id":"44f65056-c890-433d-890f-07098773ac39","local_time":"20190905230224","is_ascension_mode":true,"campfire_choices":[{"data":"Skewer","floor":6,"key":"SMITH"},{"data":"Crippling Poison","floor":11,"key":"SMITH"},{"data":"Neutralize","floor":13,"key":"SMITH"},{"data":"Strike_G","floor":15,"key":"PURGE"},{"data":"Noxious Fumes","floor":25,"key":"SMITH"},{"floor":32,"key":"REST"},{"floor":40,"key":"REST"},{"floor":49,"key":"RECALL"}],"neow_cost":"PERCENT_DAMAGE","seed_source_timestamp":1862849449711800,"circlet_count":0,"master_deck":["AscendersBane","Defend_G+1","Defend_G+1","Defend_G+1","Defend_G+1","Defend_G+1","Survivor","Neutralize+1","Skewer+1","Poisoned Stab","Backflip","Poisoned Stab","Crippling Poison+1","Deflect","Adrenaline","Acrobatics","Crippling Poison+1","Noxious Fumes+1","PiercingWail","Backstab+1","Acrobatics+1","Venomology","Madness","Madness","Slice+1","Dramatic Entrance","Deflect+1","Calculated Gamble+1"],"relics":["Ring of the Snake","FossilizedHelix","Ninja Scroll","Peace Pipe","Potion Belt","Ectoplasm","Juzu Bracelet","Bronze Scales","Ornamental Fan","MutagenicStrength","Art of War","Empty Cage","Nunchaku","Torii","Vajra","Anchor","Lantern","Singing Bowl"],"potions_floor_usage":[7,7,16,33,33,33,38,38,41,41,41,44,46,46,50,50,50],"damage_taken":[{"damage":0,"enemies":"Jaw Worm","floor":1,"turns":6},{"damage":0,"enemies":"2 Louse","floor":3,"turns":2},{"damage":0,"enemies":"Cultist","floor":4,"turns":2},{"damage":0,"enemies":"3 Sentries","floor":7,"turns":8},{"damage":0,"enemies":"Exordium Wildlife","floor":12,"turns":2},{"damage":0,"enemies":"Large Slime","floor":14,"turns":4},{"damage":20,"enemies":"Slime Boss","floor":16,"turns":11},{"damage":0,"enemies":"Chosen","floor":18,"turns":3},{"damage":0,"enemies":"3 Byrds","floor":19,"turns":4},{"damage":12,"enemies":"Snake Plant","floor":21,"turns":4},{"damage":2,"enemies":"Book of Stabbing","floor":23,"turns":5},{"damage":3,"enemies":"Slavers","floor":27,"turns":4},{"damage":0,"enemies":"Cultist and Chosen","floor":30,"turns":4},{"damage":0,"enemies":"Gremlin Leader","floor":31,"turns":6},{"damage":29,"enemies":"Champ","floor":33,"turns":11},{"damage":0,"enemies":"3 Shapes","floor":35,"turns":3},{"damage":0,"enemies":"3 Darklings","floor":37,"turns":5},{"damage":27,"enemies":"2 Orb Walkers","floor":38,"turns":5},{"damage":4,"enemies":"Nemesis","floor":41,"turns":7},{"damage":15,"enemies":"Reptomancer","floor":44,"turns":6},{"damage":0,"enemies":"Sphere and 2 Shapes","floor":45,"turns":4},{"damage":17,"enemies":"Giant Head","floor":46,"turns":8},{"damage":0,"enemies":"Writhing Mass","floor":48,"turns":5},{"damage":48,"enemies":"Time Eater","floor":50,"turns":10}],"seed_played":"-6117351304156766731","potions_obtained":[{"floor":3,"key":"Energy Potion"},{"floor":4,"key":"EssenceOfSteel"},{"floor":7,"key":"Fire Potion"},{"floor":16,"key":"PowerPotion"},{"floor":21,"key":"FearPotion"},{"floor":27,"key":"SteroidPotion"},{"floor":30,"key":"Regen Potion"},{"floor":33,"key":"Swift Potion"},{"floor":38,"key":"EssenceOfSteel"},{"floor":44,"key":"GamblersBrew"},{"floor":46,"key":"Block Potion"}],"is_trial":false,"path_per_floor":["M","?","M","M","?","R","E","$","T","$","R","M","R","M","R","B",null,"M","M","$","M","?","E","?","R","T","E","?","?","M","E","R","B",null,"M","?","M","?","$","R","E","?","T","E","M","E","T","M","R","B"],"character_chosen":"THE_SILENT","items_purchased":["Crippling Poison","Noxious Fumes","PiercingWail","PowerPotion"],"campfire_rested":2,"item_purchase_floors":[8,20,20,20],"current_hp_per_floor":[45,33,33,33,26,26,26,26,26,26,26,26,26,26,26,6,54,54,54,54,42,42,40,40,40,40,37,37,37,37,37,58,29,60,60,51,51,24,24,45,56,56,56,41,41,24,24,24,24,0],"gold":15,"neow_bonus":"ONE_RARE_RELIC","is_prod":false,"is_daily":false,"chose_seed":false,"campfire_upgraded":4,"win_rate":0,"timestamp":1567720944,"path_taken":["M","?","M","M","?","R","E","?","T","?","R","M","R","?","R","BOSS","M","M","$","M","?","E","?","R","T","E","?","?","M","E","R","BOSS","M","?","M","?","$","R","E","?","T","E","M","E","?","M","R","BOSS"],"build_version":"2019-07-17","purchased_purges":1,"victory":false,"max_hp_per_floor":[70,70,70,70,70,70,70,70,70,70,70,70,70,70,70,70,70,70,70,70,70,70,70,70,70,70,70,70,70,70,70,70,70,70,70,70,70,70,70,70,70,70,70,70,70,70,70,70,70,70],"card_choices":[{"not_picked":["Dodge and Roll","Dash"],"picked":"Skewer","floor":1},{"not_picked":["Dagger Throw","Choke"],"picked":"Poisoned Stab","floor":3},{"not_picked":["Infinite Blades","Flechettes"],"picked":"Backflip","floor":4},{"not_picked":["Quick Slash","Prepared"],"picked":"Poisoned Stab","floor":7},{"not_picked":["Tactician","Outmaneuver","Cloak And Dagger"],"picked":"SKIP","floor":12},{"not_picked":["All Out Attack","Acrobatics"],"picked":"Deflect","floor":14},{"not_picked":["Glass Knife","Wraith Form v2"],"picked":"Adrenaline","floor":16},{"not_picked":["Eviscerate","Flying Knee+1"],"picked":"Acrobatics","floor":18},{"not_picked":["Deadly Poison","Terror"],"picked":"Crippling Poison+1","floor":19},{"not_picked":["Dagger Spray","Concentrate"],"picked":"Prepared+1","floor":21},{"not_picked":["Backflip","Quick Slash","Dagger Spray"],"picked":"SKIP","floor":23},{"not_picked":["Dagger Throw","Caltrops","Accuracy"],"picked":"SKIP","floor":27},{"not_picked":["Poisoned Stab","Endless Agony"],"picked":"Backstab+1","floor":30},{"not_picked":["Deadly Poison","Prepared"],"picked":"Acrobatics+1","floor":31},{"not_picked":["Glass Knife","Die Die Die"],"picked":"Venomology","floor":33},{"not_picked":["Prepared+1","Crippling Poison","Slice"],"picked":"SKIP","floor":35},{"not_picked":["Dagger Spray+1","Escape Plan","Dagger Throw"],"picked":"SKIP","floor":37},{"not_picked":["Tactician","Quick Slash+1"],"picked":"Slice+1","floor":41},{"not_picked":["Finesse","PanicButton"],"picked":"Dramatic Entrance","floor":42},{"not_picked":["Sucker Punch","Prepared","Venomology"],"picked":"SKIP","floor":44},{"not_picked":["Backflip","Flying Knee","Flechettes+1"],"picked":"SKIP","floor":45},{"not_picked":["Poisoned Stab","Prepared+1"],"picked":"Deflect+1","floor":46},{"not_picked":["Dagger Throw+1","Underhanded Strike"],"picked":"Calculated Gamble+1","floor":48}],"player_experience":1908560,"relics_obtained":[{"floor":7,"key":"Peace Pipe"},{"floor":9,"key":"Potion Belt"},{"floor":23,"key":"Juzu Bracelet"},{"floor":27,"key":"Ornamental Fan"},{"floor":31,"key":"Art of War"},{"floor":38,"key":"Nunchaku"},{"floor":41,"key":"Torii"},{"floor":43,"key":"Vajra"},{"floor":44,"key":"Anchor"},{"floor":46,"key":"Lantern"},{"floor":47,"key":"Singing Bowl"}],"event_choices":[{"damage_healed":0,"gold_gain":0,"player_choice":"Success","damage_taken":12,"relics_obtained":["Ninja Scroll"],"max_hp_gain":0,"max_hp_loss":0,"event_name":"Scrap Ooze","floor":2,"gold_loss":0},{"cards_removed":["Strike_G"],"damage_healed":0,"gold_gain":0,"player_choice":"Card Removal","damage_taken":7,"max_hp_gain":0,"max_hp_loss":0,"event_name":"Golden Wing","floor":5,"gold_loss":0},{"damage_healed":0,"gold_gain":0,"player_choice":"Simplicity","damage_taken":0,"max_hp_gain":0,"max_hp_loss":0,"event_name":"Back to Basics","floor":22,"gold_loss":0,"cards_upgraded":["Strike_G","Strike_G","Defend_G","Defend_G","Defend_G","Defend_G","Defend_G"]},{"cards_removed":["Prepared"],"damage_healed":0,"gold_gain":0,"player_choice":"Gave Card","damage_taken":0,"relics_obtained":["Bronze Scales"],"max_hp_gain":0,"max_hp_loss":0,"event_name":"WeMeetAgain","floor":24,"gold_loss":0},{"damage_healed":0,"gold_gain":0,"player_choice":"Inject Mutagens","damage_taken":0,"relics_obtained":["MutagenicStrength"],"max_hp_gain":0,"max_hp_loss":0,"event_name":"Drug Dealer","floor":28,"gold_loss":0},{"damage_healed":0,"gold_gain":99,"player_choice":"Stole From Cult","damage_taken":0,"max_hp_gain":0,"max_hp_loss":0,"event_name":"Nest","floor":29,"gold_loss":0},{"damage_healed":0,"gold_gain":0,"player_choice":"Embrace Madness","damage_taken":9,"max_hp_gain":0,"max_hp_loss":0,"event_name":"Winding Halls","floor":36,"gold_loss":0,"cards_obtained":["Madness","Madness"]},{"damage_healed":0,"gold_gain":0,"player_choice":"Fight","damage_taken":0,"max_hp_gain":0,"max_hp_loss":0,"event_name":"Mysterious Sphere","floor":38,"gold_loss":0},{"damage_healed":0,"gold_gain":0,"player_choice":"Memory 1","damage_taken":0,"max_hp_gain":0,"max_hp_loss":0,"event_name":"SensoryStone","floor":42,"gold_loss":0}],"is_beta":false,"boss_relics":[{"not_picked":["Coffee Dripper","Snecko Eye"],"picked":"Ectoplasm"},{"not_picked":["Sozu","Lizard Tail"],"picked":"Empty Cage"}],"items_purged_floors":[8],"is_endless":false,"potions_floor_spawned":[3,4,7,16,21,27,30,33,37,38,44,46],"killed_by":"Time Eater","ascension_level":10}