{"gold_per_floor":[111,36,54,54,54,54,72,3,3,42,2,2,2,27,27,27],"floor_reached":16,"playtime":481,"items_purged":["Strike_R"],"score":123,"play_id":"e2b2fb9c-4a2e-4576-b063-d10d4d13b9ed","local_time":"20190722182200","is_ascension_mode":true,"campfire_choices":[{"data":"True Grit","floor":6,"key":"SMITH"},{"data":"Barricade","floor":12,"key":"SMITH"},{"floor":15,"key":"REST"}],"neow_cost":"NONE","seed_source_timestamp":957582719713300,"circlet_count":0,"master_deck":["Strike_R","Strike_R","Strike_R","Strike_R","Defend_R","Defend_R","Defend_R","Defend_R","Bash","True Grit+1","True Grit+1","Flame Barrier","Infernal Blade","Barricade+1","Shrug It Off"],"relics":["Burning Blood","Golden Idol","Potion Belt","Matryoshka","MawBank"],"potions_floor_usage":[10,14,16],"damage_taken":[{"damage":0,"enemies":"Small Slimes","floor":1,"turns":3},{"damage":11,"enemies":"Jaw Worm","floor":3,"turns":6},{"damage":0,"enemies":"2 Louse","floor":7,"turns":3},{"damage":37,"enemies":"Gremlin Nob","floor":10,"turns":5},{"damage":32,"enemies":"Lots of Slimes","floor":14,"turns":8},{"damage":41,"enemies":"Slime Boss","floor":16,"turns":20}],"seed_played":"2333527436202662222","potions_obtained":[{"floor":7,"key":"EssenceOfSteel"},{"floor":14,"key":"LiquidBronze"}],"is_trial":false,"path_per_floor":["M","$","M","?","?","R","M","$","T","E","$","R","?","M","R","B"],"character_chosen":"IRONCLAD","items_purchased":["Infernal Blade","PowerPotion"],"campfire_rested":1,"item_purchase_floors":[8,11],"current_hp_per_floor":[88,88,83,81,63,63,69,69,69,38,38,38,38,12,36,0],"gold":27,"neow_bonus":"TEN_PERCENT_HP_BONUS","is_prod":false,"is_daily":false,"chose_seed":false,"campfire_upgraded":2,"win_rate":0,"timestamp":1563808920,"path_taken":["M","$","M","?","?","R","M","?","T","E","$","R","?","M","R","BOSS"],"build_version":"2019-07-17","purchased_purges":1,"victory":false,"max_hp_per_floor":[88,88,88,81,81,81,81,81,81,81,81,81,81,81,81,81],"card_choices":[{"not_picked":["Body Slam","Sword Boomerang"],"picked":"True Grit","floor":1},{"not_picked":["Rupture","Anger"],"picked":"True Grit","floor":3},{"not_picked":["Cleave","Seeing Red"],"picked":"Flame Barrier","floor":7},{"not_picked":["Inflame","Carnage"],"picked":"Barricade","floor":10},{"not_picked":["Feel No Pain","Fire Breathing"],"picked":"Shrug It Off","floor":14}],"player_experience":358171,"relics_obtained":[{"floor":9,"key":"Matryoshka"},{"floor":10,"key":"MawBank"}],"event_choices":[{"damage_healed":0,"gold_gain":0,"player_choice":"Lose Max HP","damage_taken":0,"relics_obtained":["Golden Idol"],"max_hp_gain":0,"max_hp_loss":7,"event_name":"Golden Idol","floor":4,"gold_loss":0},{"damage_healed":0,"gold_gain":0,"player_choice":"Success","damage_taken":18,"relics_obtained":["Potion Belt"],"max_hp_gain":0,"max_hp_loss":0,"event_name":"Scrap Ooze","floor":5,"gold_loss":0},{"damage_healed":0,"gold_gain":0,"player_choice":"Forge","damage_taken":0,"max_hp_gain":0,"max_hp_loss":0,"event_name":"Accursed Blacksmith","floor":13,"gold_loss":0,"cards_upgraded":["True Grit"]}],"is_beta":false,"boss_relics":[],"items_purged_floors":[2],"is_endless":false,"potions_floor_spawned":[7,14],"killed_by":"Slime Boss","ascension_level":5}