{"gold_per_floor":[214,232,232,1,12,45,45,79,79,99,132,149,181,192,192,295,295,313,313,313,324,239,239,273,273,273,304,321,352,38,56,56,152,152,163,176,227,244,244,244,276,49,49,82,95,127,178,196,196,196,196,196,53,83,83],"floor_reached":56,"playtime":2984,"items_purged":["Strike_R"],"score":1450,"play_id":"3b30591a-4bc3-4071-8018-0b0832622cef","local_time":"20190930221527","is_ascension_mode":true,"campfire_choices":[{"data":"Carnage","floor":7,"key":"SMITH"},{"data":"Bash","floor":15,"key":"SMITH"},{"data":"Body Slam","floor":23,"key":"SMITH"},{"data":"Feed","floor":25,"key":"SMITH"},{"data":"Metallicize","floor":32,"key":"SMITH"},{"data":"Juggernaut","floor":40,"key":"SMITH"},{"floor":49,"key":"RECALL"},{"data":"Spot Weakness","floor":52,"key":"SMITH"}],"neow_cost":"NONE","seed_source_timestamp":189927648430300,"circlet_count":0,"master_deck":["Strike_R","Strike_R+1","Strike_R+1","Strike_R+1","Defend_R+1","Defend_R","Defend_R","Defend_R","Bash+1","Iron Wave","Metallicize+1","Carnage+1","Body Slam+1","Headbutt","Feed+1","Spot Weakness+1","Disarm","Exhume","Iron Wave+1","Dual Wield+1","Flame Barrier+1","Clothesline+1","Impervious","Metallicize","Juggernaut+1","Pommel Strike+1","Battle Trance+1","Sword Boomerang+1","Metallicize","Shrug It Off","True Grit+1","Metallicize+1"],"relics":["Burning Blood","Oddly Smooth Stone","Question Card","Bottled Flame","Matryoshka","Sundial","Vajra","Sozu","Boot","Anchor","Lantern","Molten Egg 2","Orichalcum","Akabeko","Bird Faced Urn","Black Star","Ice Cream","Prayer Wheel","Blood Vial","Bag of Marbles","HornCleat","Shuriken","TungstenRod","Thread and Needle","Centennial Puzzle","Dream Catcher","Frozen Eye","Gremlin Horn","Whetstone"],"potions_floor_usage":[12,24,55],"damage_taken":[{"damage":5,"enemies":"Jaw Worm","floor":1,"turns":5},{"damage":1,"enemies":"2 Louse","floor":2,"turns":3},{"damage":4,"enemies":"Small Slimes","floor":5,"turns":3},{"damage":9,"enemies":"3 Sentries","floor":6,"turns":9},{"damage":9,"enemies":"Lagavulin","floor":8,"turns":5},{"damage":1,"enemies":"Blue Slaver","floor":10,"turns":4},{"damage":3,"enemies":"3 Sentries","floor":11,"turns":6},{"damage":0,"enemies":"2 Fungi Beasts","floor":12,"turns":2},{"damage":7,"enemies":"Gremlin Nob","floor":13,"turns":3},{"damage":1,"enemies":"Large Slime","floor":14,"turns":4},{"damage":51,"enemies":"Hexaghost","floor":16,"turns":9},{"damage":5,"enemies":"Shell Parasite","floor":18,"turns":3},{"damage":9,"enemies":"3 Byrds","floor":21,"turns":5},{"damage":19,"enemies":"Slavers","floor":24,"turns":5},{"damage":22,"enemies":"Gremlin Leader","floor":27,"turns":10},{"damage":6,"enemies":"Snecko","floor":28,"turns":7},{"damage":14,"enemies":"Slavers","floor":29,"turns":6},{"damage":0,"enemies":"Centurion and Healer","floor":31,"turns":6},{"damage":29,"enemies":"Automaton","floor":33,"turns":12},{"damage":0,"enemies":"Orb Walker","floor":35,"turns":2},{"damage":2,"enemies":"3 Darklings","floor":36,"turns":8},{"damage":23,"enemies":"2 Orb Walkers","floor":37,"turns":5},{"damage":6,"enemies":"Writhing Mass","floor":38,"turns":7},{"damage":15,"enemies":"Nemesis","floor":41,"turns":7},{"damage":62,"enemies":"Giant Head","floor":44,"turns":9},{"damage":4,"enemies":"Transient","floor":45,"turns":5},{"damage":9,"enemies":"Reptomancer","floor":46,"turns":7},{"damage":0,"enemies":"4 Shapes","floor":48,"turns":5},{"damage":50,"enemies":"Donu and Deca","floor":50,"turns":11},{"damage":10,"enemies":"Shield and Spear","floor":54,"turns":7},{"damage":44,"enemies":"The Heart","floor":55,"turns":12}],"seed_played":"-4969535879129841366","potions_obtained":[{"floor":6,"key":"Ancient Potion"},{"floor":10,"key":"DuplicationPotion"},{"floor":11,"key":"AttackPotion"},{"floor":14,"key":"GamblersBrew"}],"is_trial":false,"path_per_floor":["M","M","?","$","M","E","R","E","T","M","E","M","E","M","R","B",null,"M","?","?","M","?","R","E","R","T","E","M","E","$","M","R","B",null,"M","M","?","M","?","R","E","$","T","E","M","E","T","M","R","B",null,"R","$","E","B",null],"character_chosen":"IRONCLAD","items_purchased":["Oddly Smooth Stone","Carnage","Bird Faced Urn","Bag of Marbles","Frozen Eye"],"campfire_rested":0,"item_purchase_floors":[4,4,30,42,53],"current_hp_per_floor":[80,80,64,64,66,63,63,60,60,65,68,77,76,84,84,42,89,92,74,74,77,77,77,70,70,70,54,58,58,58,74,74,63,133,137,141,126,136,134,134,132,132,132,82,96,107,107,127,127,93,138,138,138,146,111],"gold":83,"neow_bonus":"HUNDRED_GOLD","is_prod":false,"is_daily":false,"chose_seed":false,"campfire_upgraded":7,"win_rate":0,"timestamp":1569878127,"path_taken":["M","M","?","$","M","E","R","E","T","M","E","M","E","M","R","BOSS","M","?","?","M","?","R","E","R","T","E","?","E","$","M","R","BOSS","M","M","?","M","?","R","E","$","T","E","M","E","?","M","R","BOSS","R","$","E","BOSS"],"build_version":"2019-09-27","purchased_purges":1,"victory":true,"max_hp_per_floor":[80,80,80,80,80,80,80,80,80,80,80,83,83,86,86,89,89,92,97,97,103,103,103,109,109,109,109,113,121,121,129,129,133,133,137,141,141,141,134,134,138,138,138,138,138,138,138,138,138,138,138,138,138,146,146],"card_choices":[{"not_picked":["Body Slam","Anger"],"picked":"Iron Wave","floor":1},{"not_picked":["Sword Boomerang","Iron Wave"],"picked":"Metallicize","floor":2},{"not_picked":["Headbutt","Twin Strike"],"picked":"Body Slam","floor":5},{"not_picked":["Havoc","Clash"],"picked":"Headbutt","floor":6},{"not_picked":["Corruption","Perfected Strike","Twin Strike","Entrench"],"picked":"SKIP","floor":8},{"not_picked":["Corruption","Perfected Strike","Twin Strike","Entrench"],"picked":"SKIP","floor":8},{"not_picked":["Burning Pact","Iron Wave","Power Through","Headbutt"],"picked":"SKIP","floor":10},{"not_picked":["Disarm","Dropkick","Entrench"],"picked":"Feed","floor":11},{"not_picked":["Metallicize","Burning Pact","Heavy Blade"],"picked":"Spot Weakness","floor":12},{"not_picked":["Warcry","Ghostly Armor","Body Slam"],"picked":"Disarm","floor":13},{"not_picked":["Warcry","Thunderclap","Hemokinesis","Inflame"],"picked":"SKIP","floor":14},{"not_picked":["Brutality","Immolate","Berserk"],"picked":"Exhume","floor":16},{"not_picked":["Rampage","Havoc","True Grit"],"picked":"Iron Wave+1","floor":18},{"not_picked":["Warcry","Pommel Strike+1","Rage"],"picked":"Dual Wield+1","floor":21},{"not_picked":["Body Slam","Blood for Blood","Hemokinesis"],"picked":"Flame Barrier+1","floor":24},{"not_picked":["Flex","Thunderclap+1","Rampage+1"],"picked":"Clothesline+1","floor":27},{"not_picked":["Dual Wield","Havoc","Entrench","Clothesline+1"],"picked":"SKIP","floor":28},{"not_picked":["Armaments+1","Hemokinesis+1","Headbutt+1"],"picked":"Impervious","floor":29},{"not_picked":["Pommel Strike+1","Power Through","Dropkick+1"],"picked":"Metallicize","floor":31},{"not_picked":["Dark Embrace","Feed+1","Berserk"],"picked":"Juggernaut","floor":33},{"not_picked":["Spot Weakness","Sentinel","Warcry"],"picked":"Pommel Strike+1","floor":35},{"not_picked":["Pommel Strike+1","Twin Strike+1","Reckless Charge+1","Power Through"],"picked":"SKIP","floor":36},{"not_picked":["Body Slam+1","Dropkick+1","Limit Break"],"picked":"Battle Trance+1","floor":37},{"not_picked":["Searing Blow+1","Wild Strike+1","Pommel Strike+1","Second Wind"],"picked":"SKIP","floor":38},{"not_picked":["Evolve","Clash+1","Fire Breathing+1"],"picked":"Sword Boomerang+1","floor":41},{"not_picked":["Flame Barrier+1","Shockwave+1","Clothesline+1"],"picked":"Metallicize","floor":44},{"not_picked":["Sword Boomerang+1","Cleave+1","Pommel Strike+1"],"picked":"Shrug It Off","floor":45},{"not_picked":["Clothesline+1","Armaments","Rage","Immolate+1"],"picked":"SKIP","floor":45},{"not_picked":["Shockwave","Clothesline+1","Intimidate","Flex"],"picked":"SKIP","floor":46},{"not_picked":["Shockwave","Clothesline+1","Intimidate","Flex"],"picked":"SKIP","floor":46},{"not_picked":["Flex+1","Havoc+1","Thunderclap+1"],"picked":"True Grit+1","floor":48},{"not_picked":["Sword Boomerang+1","Shockwave","Clothesline+1","True Grit+1"],"picked":"SKIP","floor":48},{"not_picked":["Exhume","Twin Strike+1","Battle Trance"],"picked":"Metallicize+1","floor":54}],"player_experience":1591067,"relics_obtained":[{"floor":6,"key":"Question Card"},{"floor":8,"key":"Bottled Flame"},{"floor":9,"key":"Matryoshka"},{"floor":11,"key":"Sundial"},{"floor":13,"key":"Vajra"},{"floor":24,"key":"Anchor"},{"floor":26,"key":"Lantern"},{"floor":26,"key":"Molten Egg 2"},{"floor":27,"key":"Orichalcum"},{"floor":29,"key":"Akabeko"},{"floor":37,"key":"Ice Cream"},{"floor":41,"key":"Prayer Wheel"},{"floor":41,"key":"Blood Vial"},{"floor":43,"key":"HornCleat"},{"floor":44,"key":"Shuriken"},{"floor":44,"key":"TungstenRod"},{"floor":46,"key":"Thread and Needle"},{"floor":46,"key":"Centennial Puzzle"},{"floor":47,"key":"Dream Catcher"},{"floor":54,"key":"Gremlin Horn"},{"floor":54,"key":"Whetstone"}],"event_choices":[{"damage_healed":0,"gold_gain":0,"player_choice":"Entered Light","damage_taken":16,"max_hp_gain":0,"max_hp_loss":0,"event_name":"Shining Light","floor":3,"gold_loss":0,"cards_upgraded":["Defend_R","Strike_R"]},{"damage_healed":0,"gold_gain":0,"player_choice":"Shed Blood","damage_taken":23,"max_hp_gain":5,"max_hp_loss":0,"event_name":"Forgotten Altar","floor":19,"gold_loss":0},{"damage_healed":0,"gold_gain":0,"player_choice":"Ignored","damage_taken":0,"max_hp_gain":0,"max_hp_loss":0,"event_name":"The Mausoleum","floor":20,"gold_loss":0},{"damage_healed":0,"gold_gain":0,"player_choice":"Obtained Relic","damage_taken":0,"relics_obtained":["Boot"],"max_hp_gain":0,"max_hp_loss":0,"event_name":"Addict","floor":22,"gold_loss":85},{"damage_healed":0,"gold_gain":0,"player_choice":"Fight","damage_taken":0,"max_hp_gain":0,"max_hp_loss":0,"event_name":"Mysterious Sphere","floor":37,"gold_loss":0},{"damage_healed":0,"gold_gain":0,"player_choice":"Max HP","damage_taken":0,"max_hp_gain":0,"max_hp_loss":7,"event_name":"Winding Halls","floor":39,"gold_loss":0}],"is_beta":true,"boss_relics":[{"not_picked":["Empty Cage","SlaversCollar"],"picked":"Sozu"},{"not_picked":["Coffee Dripper","Pandora\u0027s Box"],"picked":"Black Star"}],"items_purged_floors":[42],"is_endless":false,"potions_floor_spawned":[6,10,11,14,24,27,33,35,38,44,46,48,54],"ascension_level":1}