{"gold_per_floor":[119,138,158,48,48,76,76,90,115,135,135,152,167,167,167,262,262,282,282,282,293,305,305,305,305,330,363,363,374,374,83,83,83],"floor_reached":33,"playtime":1054,"items_purged":["Strike_R","Rupture+1"],"score":333,"play_id":"67412113-a374-47d4-868d-07fc9b097374","local_time":"20190421214355","is_ascension_mode":true,"campfire_choices":[{"data":"Uppercut","floor":7,"key":"SMITH"},{"data":"Thunderclap","floor":15,"key":"SMITH"},{"data":"Entrench","floor":23,"key":"SMITH"},{"data":"Sentinel","floor":25,"key":"SMITH"},{"floor":28,"key":"REST"},{"data":"Thunderclap","floor":32,"key":"SMITH"}],"neow_cost":"NONE","seed_source_timestamp":2517641456854600,"circlet_count":0,"master_deck":["Bash","Thunderclap+1","Thunderclap","Uppercut+1","Inflame","Shrug It Off","Thunderclap+1","Burning Pact+1","Thunderclap","Inflame","Limit Break","Metallicize","Spot Weakness","Power Through","Sever Soul","Shrug It Off","Sentinel+1","Feed","Entrench+1","Reckless Charge","Inflame","Sentinel+1","Power Through"],"relics":["Burning Blood","NeowsBlessing","Bronze Scales","War Paint","Bag of Preparation","Spirit Poop","Pandora\u0027s Box","Bag of Marbles","Paper Frog","PrismaticShard"],"potions_floor_usage":[6,16,21,24,24,29],"damage_taken":[{"damage":0,"enemies":"2 Louse","floor":1,"turns":1},{"damage":0,"enemies":"Jaw Worm","floor":2,"turns":1},{"damage":0,"enemies":"Cultist","floor":3,"turns":1},{"damage":14,"enemies":"Gremlin Nob","floor":6,"turns":3},{"damage":14,"enemies":"Large Slime","floor":8,"turns":5},{"damage":18,"enemies":"Exordium Thugs","floor":10,"turns":5},{"damage":0,"enemies":"Lots of Slimes","floor":12,"turns":1},{"damage":14,"enemies":"Looter","floor":13,"turns":3},{"damage":36,"enemies":"Hexaghost","floor":16,"turns":10},{"damage":0,"enemies":"Chosen","floor":18,"turns":5},{"damage":33,"enemies":"Shell Parasite","floor":21,"turns":4},{"damage":24,"enemies":"Snake Plant","floor":22,"turns":4},{"damage":0,"enemies":"Shelled Parasite and Fungi","floor":24,"turns":1},{"damage":34,"enemies":"Gremlin Leader","floor":27,"turns":6},{"damage":0,"enemies":"3 Cultists","floor":29,"turns":2},{"damage":69,"enemies":"Champ","floor":33,"turns":11}],"seed_played":"4452886216941174999","potions_obtained":[{"floor":1,"key":"Swift Potion"},{"floor":2,"key":"AttackPotion"},{"floor":8,"key":"Dexterity Potion"},{"floor":10,"key":"SmokeBomb"},{"floor":18,"key":"Fire Potion"},{"floor":22,"key":"EssenceOfSteel"}],"is_trial":false,"path_per_floor":["M","M","M","$","?","E","R","M","T","M","?","M","M","?","R","B",null,"M","?","?","M","M","R","M","R","T","E","R","M","?","$","R","B"],"character_chosen":"IRONCLAD","items_purchased":["Inflame","PrismaticShard"],"campfire_rested":1,"item_purchase_floors":[4,31],"current_hp_per_floor":[80,80,80,80,80,72,72,64,64,52,52,58,50,50,50,20,80,80,80,80,53,35,35,41,41,41,16,40,49,49,49,49,0],"gold":83,"neow_bonus":"THREE_ENEMY_KILL","is_prod":false,"is_daily":false,"chose_seed":false,"campfire_upgraded":5,"win_rate":0,"timestamp":1555872235,"path_taken":["M","M","M","$","?","E","R","M","T","M","?","?","M","?","R","BOSS","M","?","?","M","?","R","M","R","T","E","R","M","?","$","R","BOSS"],"build_version":"2019-01-23","purchased_purges":2,"victory":false,"max_hp_per_floor":[80,80,80,80,80,80,80,80,80,80,80,80,80,80,80,80,80,80,80,80,80,80,80,80,80,80,83,83,86,86,86,86,86],"card_choices":[{"not_picked":["Corruption","Warcry"],"picked":"Thunderclap","floor":1},{"not_picked":["Entrench","Warcry"],"picked":"Thunderclap","floor":2},{"not_picked":["Rampage","Reckless Charge"],"picked":"Uppercut","floor":3},{"not_picked":["Pummel","Wild Strike"],"picked":"Shrug It Off","floor":6},{"not_picked":["Havoc","Metallicize"],"picked":"Thunderclap","floor":8},{"not_picked":["Feel No Pain","Disarm"],"picked":"Burning Pact","floor":10},{"not_picked":["True Grit","Pommel Strike"],"picked":"Thunderclap","floor":12},{"not_picked":["Body Slam","Uppercut"],"picked":"Inflame","floor":13},{"not_picked":["Brutality","Dark Embrace"],"picked":"Limit Break","floor":16},{"not_picked":["Body Slam","Clothesline"],"picked":"Reckless Charge","floor":18},{"not_picked":["Wild Strike","Clothesline"],"picked":"Rupture+1","floor":21},{"not_picked":["Anger","Pummel+1"],"picked":"Inflame","floor":22},{"not_picked":["Carnage","Rupture"],"picked":"Sentinel+1","floor":27},{"not_picked":["Havoc","Body Slam"],"picked":"Power Through","floor":29}],"player_experience":329192,"relics_obtained":[{"floor":6,"key":"War Paint"},{"floor":9,"key":"Bag of Preparation"},{"floor":26,"key":"Bag of Marbles"},{"floor":27,"key":"Paper Frog"}],"event_choices":[{"damage_healed":0,"gold_gain":0,"player_choice":"Box","damage_taken":0,"relics_obtained":["Bronze Scales"],"max_hp_gain":0,"max_hp_loss":0,"event_name":"Big Fish","floor":5,"gold_loss":0,"cards_obtained":["Regret"]},{"damage_healed":0,"gold_gain":0,"player_choice":"Forge","damage_taken":0,"max_hp_gain":0,"max_hp_loss":0,"event_name":"Accursed Blacksmith","floor":11,"gold_loss":0,"cards_upgraded":["Burning Pact"]},{"cards_removed":["Regret"],"damage_healed":0,"gold_gain":0,"player_choice":"Offered Curse","damage_taken":0,"relics_obtained":["Spirit Poop"],"max_hp_gain":0,"max_hp_loss":0,"event_name":"Bonfire Elementals","floor":14,"gold_loss":0},{"damage_healed":0,"gold_gain":0,"player_choice":"Ignored","damage_taken":0,"max_hp_gain":0,"max_hp_loss":0,"event_name":"Ghosts","floor":19,"gold_loss":0},{"damage_healed":0,"gold_gain":0,"player_choice":"Bought 0 Potions","damage_taken":0,"max_hp_gain":0,"max_hp_loss":0,"event_name":"The Woman in Blue","floor":20,"gold_loss":0},{"damage_healed":0,"gold_gain":0,"player_choice":"Ignored","damage_taken":0,"max_hp_gain":0,"max_hp_loss":0,"event_name":"Vampires","floor":30,"gold_loss":0}],"is_beta":false,"boss_relics":[{"not_picked":["White Beast Statue","Runic Pyramid"],"picked":"Pandora\u0027s Box"}],"items_purged_floors":[4,31],"is_endless":false,"potions_floor_spawned":[1,2,8,10,18,22],"killed_by":"Champ","ascension_level":3}