{"gold_per_floor":[117,117,136,136,211,211,244,262,285,285,305,368,368,388,388,467,467,478,369,369,176,192,225,225,255,255,275,293,293,293,313,313,390,390,403,17,17,17,34,34,52,62,62,62,62,162,182,196,196,196],"floor_reached":51,"playtime":3376,"items_purged":["Strike_B","Strike_B+1"],"score":1159,"play_id":"4c810e42-6d26-4c56-8777-0f9f4efdb1f5","local_time":"20191021155145","is_ascension_mode":true,"campfire_choices":[{"floor":6,"key":"REST"},{"floor":10,"key":"REST"},{"data":"Creative AI","floor":13,"key":"SMITH"},{"data":"Zap","floor":15,"key":"SMITH"},{"data":"Biased Cognition","floor":24,"key":"SMITH"},{"data":"Capacitor","floor":30,"key":"SMITH"},{"data":"Loop","floor":32,"key":"SMITH"},{"data":"Capacitor","floor":40,"key":"SMITH"},{"data":"Reboot","floor":44,"key":"SMITH"},{"floor":49,"key":"REST"}],"neow_cost":"PERCENT_DAMAGE","seed_source_timestamp":718116445056400,"circlet_count":0,"master_deck":["AscendersBane","Defend_B","Defend_B","Zap+1","Dualcast","Chill+1","Compile Driver","Ball Lightning","Cold Snap","Reboot+1","Creative AI+1","Doom and Gloom","Biased Cognition+1","Steam","Loop+1","Bandage Up","Steam","Capacitor+1","Echo Form","Go for the Eyes+1","Capacitor+1","Chaos"],"relics":["Cracked Core","Shuriken","DataDisk","Centennial Puzzle","Tiny Chest","Philosopher\u0027s Stone","Pen Nib","Regal Pillow","Singing Bowl","Nuclear Battery","Emotion Chip","Juzu Bracelet"],"potions_floor_usage":[7,16,23,33,47],"damage_taken":[{"damage":2,"enemies":"Jaw Worm","floor":1,"turns":3},{"damage":0,"enemies":"2 Louse","floor":3,"turns":3},{"damage":26,"enemies":"Lagavulin","floor":7,"turns":8},{"damage":0,"enemies":"Small Slimes","floor":8,"turns":2},{"damage":0,"enemies":"Gremlin Gang","floor":11,"turns":5},{"damage":7,"enemies":"3 Sentries","floor":12,"turns":7},{"damage":3,"enemies":"Looter","floor":14,"turns":2},{"damage":7,"enemies":"Hexaghost","floor":16,"turns":8},{"damage":10,"enemies":"2 Thieves","floor":18,"turns":4},{"damage":1,"enemies":"Shell Parasite","floor":22,"turns":5},{"damage":22,"enemies":"Book of Stabbing","floor":23,"turns":6},{"damage":34,"enemies":"Slavers","floor":25,"turns":5},{"damage":0,"enemies":"3 Cultists","floor":27,"turns":4},{"damage":0,"enemies":"Shelled Parasite and Fungi","floor":28,"turns":6},{"damage":2,"enemies":"Snecko","floor":31,"turns":4},{"damage":32,"enemies":"Automaton","floor":33,"turns":11},{"damage":27,"enemies":"3 Darklings","floor":35,"turns":7},{"damage":2,"enemies":"Orb Walker","floor":39,"turns":3},{"damage":4,"enemies":"4 Shapes","floor":41,"turns":7},{"damage":12,"enemies":"Spire Growth","floor":42,"turns":7},{"damage":13,"enemies":"Maw","floor":47,"turns":5},{"damage":18,"enemies":"Jaw Worm Horde","floor":48,"turns":5},{"damage":62,"enemies":"Donu and Deca","floor":50,"turns":7}],"seed_played":"9171467508840729338","potions_obtained":[{"floor":1,"key":"Fire Potion"},{"floor":8,"key":"Poison Potion"},{"floor":16,"key":"Fire Potion"},{"floor":18,"key":"Ancient Potion"},{"floor":25,"key":"LiquidBronze"},{"floor":33,"key":"AttackPotion"},{"floor":41,"key":"GamblersBrew"},{"floor":48,"key":"SmokeBomb"}],"is_trial":false,"path_per_floor":["M","?","M","T","?","R","E","M","T","R","M","E","R","M","R","B",null,"M","$","?","$","M","E","R","E","T","M","M","?","R","M","R","B",null,"M","$","?","?","M","R","M","M","T","R","?","?","M","M","R","B",null],"character_chosen":"DEFECT","items_purchased":["Loop","Bandage Up","Emotion Chip","Capacitor"],"campfire_rested":3,"item_purchase_floors":[19,21,36,36],"current_hp_per_floor":[48,33,33,33,22,44,18,18,18,40,40,33,33,30,30,23,62,52,52,75,75,75,57,57,27,27,33,39,39,39,43,43,15,65,42,42,42,42,46,46,48,42,42,42,42,42,35,23,65,7],"gold":196,"neow_bonus":"REMOVE_TWO","is_prod":false,"is_daily":false,"chose_seed":false,"campfire_upgraded":7,"win_rate":0,"timestamp":1571665905,"path_taken":["M","?","M","?","?","R","E","M","T","R","M","E","R","M","R","BOSS","M","$","?","$","?","E","R","E","T","M","M","?","R","M","R","BOSS","M","$","?","?","?","R","M","?","T","R","?","?","M","M","R","BOSS"],"build_version":"2019-07-17","purchased_purges":2,"victory":true,"max_hp_per_floor":[75,75,75,75,75,75,75,75,75,75,75,75,75,75,75,75,75,75,75,75,75,75,75,75,75,75,77,79,79,79,81,81,81,81,81,81,81,81,83,83,85,87,87,87,87,87,89,91,91,91],"card_choices":[{"not_picked":["Doom and Gloom","Sweeping Beam"],"picked":"Chill","floor":1},{"not_picked":["Rebound","Blizzard"],"picked":"Compile Driver","floor":3},{"not_picked":["Reprogram","Hello World"],"picked":"Ball Lightning","floor":7},{"not_picked":["Conserve Battery","Stack"],"picked":"Cold Snap","floor":8},{"not_picked":["Reprogram","Conserve Battery"],"picked":"Reboot","floor":11},{"not_picked":["Chaos","Redo"],"picked":"Creative AI","floor":12},{"not_picked":["Cold Snap","Conserve Battery"],"picked":"Doom and Gloom","floor":14},{"not_picked":["Hyperbeam","Amplify"],"picked":"Biased Cognition","floor":16},{"not_picked":["Streamline","Auto Shields"],"picked":"Steam","floor":18},{"not_picked":["Melter","Consume","Stack+1"],"picked":"SKIP","floor":22},{"not_picked":["Coolheaded","Conserve Battery"],"picked":"Steam","floor":23},{"not_picked":["Beam Cell","Recycle"],"picked":"Capacitor","floor":25},{"not_picked":["Storm","Coolheaded","Steam"],"picked":"Singing Bowl","floor":27},{"not_picked":["Conserve Battery","Recycle","Beam Cell"],"picked":"Singing Bowl","floor":28},{"not_picked":["Scrape","Conserve Battery","Ball Lightning"],"picked":"Singing Bowl","floor":31},{"not_picked":["Amplify","Machine Learning"],"picked":"Echo Form","floor":33},{"not_picked":["Compile Driver+1","Cold Snap"],"picked":"Go for the Eyes+1","floor":35},{"not_picked":["Compile Driver+1","Gash","Barrage"],"picked":"Singing Bowl","floor":39},{"not_picked":["Melter","Stack","Rebound+1"],"picked":"Singing Bowl","floor":41},{"not_picked":["Ball Lightning","Compile Driver","Chaos+1"],"picked":"Singing Bowl","floor":42},{"not_picked":["Amplify","Cold Snap","Turbo"],"picked":"Singing Bowl","floor":47},{"not_picked":["Conserve Battery","Go for the Eyes","Melter"],"picked":"Singing Bowl","floor":48}],"player_experience":307353,"relics_obtained":[{"floor":4,"key":"Shuriken"},{"floor":7,"key":"DataDisk"},{"floor":9,"key":"Centennial Puzzle"},{"floor":12,"key":"Tiny Chest"},{"floor":23,"key":"Pen Nib"},{"floor":25,"key":"Regal Pillow"},{"floor":26,"key":"Singing Bowl"},{"floor":43,"key":"Juzu Bracelet"}],"event_choices":[{"damage_healed":0,"gold_gain":0,"player_choice":"Entered Light","damage_taken":15,"max_hp_gain":0,"max_hp_loss":0,"event_name":"Shining Light","floor":2,"gold_loss":0,"cards_upgraded":["Strike_B","Chill"]},{"damage_healed":0,"gold_gain":75,"player_choice":"Gather Gold","damage_taken":11,"max_hp_gain":0,"max_hp_loss":0,"event_name":"World of Goop","floor":5,"gold_loss":0},{"damage_healed":23,"gold_gain":0,"player_choice":"Full Heal","damage_taken":0,"max_hp_gain":0,"max_hp_loss":0,"event_name":"Wheel of Change","floor":20,"gold_loss":0},{"damage_healed":0,"gold_gain":0,"player_choice":"Ignored","damage_taken":0,"max_hp_gain":0,"max_hp_loss":0,"event_name":"Vampires","floor":29,"gold_loss":0},{"damage_healed":0,"gold_gain":0,"player_choice":"Ignored","damage_taken":0,"max_hp_gain":0,"max_hp_loss":0,"event_name":"Mysterious Sphere","floor":37,"gold_loss":0},{"damage_healed":0,"gold_gain":0,"cards_transformed":["Defend_B"],"player_choice":"Transformed","damage_taken":0,"max_hp_gain":0,"max_hp_loss":0,"event_name":"Transmorgrifier","floor":38,"gold_loss":0,"cards_obtained":["Chaos"]},{"cards_removed":["Defend_B"],"damage_healed":0,"gold_gain":0,"player_choice":"Purged","damage_taken":0,"max_hp_gain":0,"max_hp_loss":0,"event_name":"Purifier","floor":45,"gold_loss":0},{"damage_healed":0,"gold_gain":100,"player_choice":"Pray","damage_taken":0,"max_hp_gain":0,"max_hp_loss":0,"event_name":"Golden Shrine","floor":46,"gold_loss":0}],"is_beta":false,"boss_relics":[{"not_picked":["Ectoplasm","Astrolabe"],"picked":"Philosopher\u0027s Stone"},{"not_picked":["Lizard Tail","Coffee Dripper"],"picked":"Nuclear Battery"}],"items_purged_floors":[19,21],"is_endless":false,"potions_floor_spawned":[1,8,16,18,22,25,33,41,48],"ascension_level":13}