{"gold_per_floor":[113,113,188,201,1,26,26,56,56,72,89,89,100,131,131,205,205,217,217,217,245,0,0],"floor_reached":23,"playtime":1433,"items_purged":[],"score":352,"play_id":"dff39fb1-f520-4024-974a-85a37ee211f9","local_time":"20191021205703","is_ascension_mode":true,"campfire_choices":[{"floor":7.0,"key":"REST"},{"floor":12.0,"key":"REST"},{"floor":15.0,"key":"REST"}],"neow_cost":"NONE","seed_source_timestamp":0,"circlet_count":0,"master_deck":["AscendersBane","Strike_B+1","Strike_B","Defend_B+1","Defend_B","Defend_B","Defend_B","Zap+1","Dualcast","Cold Snap","Leap","Ball Lightning","Doom and Gloom","Capacitor","Steam","Biased Cognition","Electrodynamics","Cold Snap","Buffer","Rainbow","Force Field"],"special_seed":0,"relics":["FrozenCore","Runic Capacitor","Ginger","StoneCalendar","Shuriken","Sundial","Red Mask","Mummified Hand"],"potions_floor_usage":[23],"damage_taken":[{"damage":4.0,"enemies":"Jaw Worm","floor":1.0,"turns":3.0},{"damage":0.0,"enemies":"Small Slimes","floor":4.0,"turns":2.0},{"damage":16.0,"enemies":"Lagavulin","floor":6.0,"turns":7.0},{"damage":31.0,"enemies":"Gremlin Nob","floor":8.0,"turns":5.0},{"damage":0.0,"enemies":"Cultist","floor":10.0,"turns":3.0},{"damage":2.0,"enemies":"2 Fungi Beasts","floor":11.0,"turns":3.0},{"damage":6.0,"enemies":"3 Louse","floor":13.0,"turns":2.0},{"damage":2.0,"enemies":"Lagavulin","floor":14.0,"turns":7.0},{"damage":29.0,"enemies":"Hexaghost","floor":16.0,"turns":7.0},{"damage":9.0,"enemies":"Chosen","floor":18.0,"turns":5.0},{"damage":32,"enemies":"Masked Bandits","floor":21,"turns":5},{"damage":20,"enemies":"Gremlin Leader","floor":23,"turns":2}],"seed_played":"4443259815293944336","potions_obtained":[{"floor":4.0,"key":"LiquidBronze"},{"floor":8.0,"key":"SteroidPotion"},{"floor":10.0,"key":"FocusPotion"},{"floor":21,"key":"Strength Potion"}],"is_trial":false,"path_per_floor":["M","?","?","M","$","E","R","E","T","M","M","R","M","E","R","B",null,"M","$","?","?","$","E"],"character_chosen":"DEFECT","items_purchased":["Runic Capacitor","Mummified Hand"],"campfire_rested":3,"item_purchase_floors":[5,22],"current_hp_per_floor":[60,46,35,35,35,19,40,9,9,9,7,28,22,20,41,12,56,47,47,47,15,15,0],"gold":0,"neow_bonus":"UPGRADE_CARD","is_prod":false,"is_daily":false,"chose_seed":false,"campfire_upgraded":0,"win_rate":0,"timestamp":1571684223,"path_taken":["M","?","?","?","$","E","R","E","T","M","M","R","M","E","R","BOSS","M","$","?","?","$","E"],"build_version":"2019-07-17","purchased_purges":0,"victory":false,"max_hp_per_floor":[71,71,71,71,71,71,71,71,71,71,71,71,71,71,71,71,71,71,71,71,71,71,71],"card_choices":[{"not_picked":["Compile Driver","Ball Lightning"],"picked":"Cold Snap","floor":1.0},{"not_picked":["Scrape","Streamline"],"picked":"Leap","floor":4.0},{"not_picked":["FTL","Double Energy"],"picked":"Ball Lightning","floor":6.0},{"not_picked":["Beam Cell","Storm"],"picked":"Doom and Gloom","floor":8.0},{"not_picked":["Darkness","Melter"],"picked":"Capacitor","floor":10.0},{"not_picked":["Heatsinks","Reprogram"],"picked":"Steam","floor":11.0},{"not_picked":["Fusion","Sweeping Beam"],"picked":"Biased Cognition","floor":13.0},{"not_picked":["Redo","Stack","Beam Cell"],"picked":"SKIP","floor":14.0},{"not_picked":["Amplify","Hyperbeam"],"picked":"Electrodynamics","floor":16.0},{"not_picked":["Steam","Ball Lightning"],"picked":"Cold Snap","floor":18},{"not_picked":["Conserve Battery","Streamline"],"picked":"Force Field","floor":21}],"player_experience":310729,"relics_obtained":[{"floor":6.0,"key":"Ginger"},{"floor":8.0,"key":"StoneCalendar"},{"floor":9.0,"key":"Shuriken"},{"floor":14.0,"key":"Sundial"},{"floor":21,"key":"Red Mask"}],"event_choices":[{"damage_healed":0.0,"max_hp_gain":0.0,"max_hp_loss":0.0,"gold_gain":0.0,"event_name":"Shining Light","player_choice":"Entered Light","floor":2.0,"gold_loss":0.0,"damage_taken":14.0,"cards_upgraded":["Defend_B","Strike_B"]},{"damage_healed":0.0,"max_hp_gain":0.0,"max_hp_loss":0.0,"gold_gain":75.0,"event_name":"World of Goop","player_choice":"Gather Gold","floor":3.0,"gold_loss":0.0,"damage_taken":11.0},{"damage_healed":0,"gold_gain":0,"cards_transformed":["Strike_B","Strike_B"],"player_choice":"Became Test Subject","damage_taken":0,"max_hp_gain":0,"max_hp_loss":0,"event_name":"Drug Dealer","floor":20,"gold_loss":0,"cards_obtained":["Buffer","Rainbow"]},{"damage_healed":0,"gold_gain":0,"player_choice":"Fought Bandits","damage_taken":0,"max_hp_gain":0,"max_hp_loss":0,"event_name":"Masked Bandits","floor":21,"gold_loss":0}],"is_beta":false,"boss_relics":[{"not_picked":["Runic Dome","Lizard Tail"],"picked":"FrozenCore"}],"items_purged_floors":[],"is_endless":false,"potions_floor_spawned":[4,8,10,14,21],"killed_by":"Gremlin Leader","ascension_level":14}