{"gold_per_floor":[209,10,10,185,204,204,216,248,248,248,248,267,324,102,102,203,203,213,213,488,498,513,513,513],"floor_reached":24,"playtime":830,"items_purged":["Doubt"],"score":262,"play_id":"c73e06ef-452e-4826-98aa-b4e3360205a2","local_time":"20191012182342","is_ascension_mode":true,"campfire_choices":[{"data":"Inflame","floor":6,"key":"SMITH"},{"data":"Bash","floor":10,"key":"SMITH"},{"floor":15,"key":"REST"},{"data":"Armaments","floor":23,"key":"SMITH"}],"neow_cost":"NONE","seed_source_timestamp":538139731490000,"circlet_count":0,"master_deck":["Bash+1","Clothesline","Inflame+1","Uppercut","Shrug It Off+1","Fiend Fire","Shrug It Off","Parasite","Armaments+1","Impervious","Second Wind","Intimidate","Berserk","Heavy Blade","Sword Boomerang","Entrench","Spot Weakness","Entrench","Battle Trance","Anger","Flame Barrier","Shrug It Off"],"relics":["Burning Blood","Shuriken","Dodecahedron","Pocketwatch","Omamori","War Paint","Pandora\u0027s Box"],"potions_floor_usage":[13,18,21,22],"damage_taken":[{"damage":14,"enemies":"Jaw Worm","floor":1,"turns":5},{"damage":17,"enemies":"2 Louse","floor":5,"turns":3},{"damage":16,"enemies":"Small Slimes","floor":7,"turns":4},{"damage":26,"enemies":"Gremlin Nob","floor":8,"turns":4},{"damage":1,"enemies":"Exordium Wildlife","floor":12,"turns":4},{"damage":28,"enemies":"3 Sentries","floor":13,"turns":10},{"damage":10,"enemies":"The Guardian","floor":16,"turns":16},{"damage":28,"enemies":"Spheric Guardian","floor":18,"turns":4},{"damage":4,"enemies":"Shell Parasite","floor":21,"turns":3},{"damage":29,"enemies":"Snake Plant","floor":22,"turns":6},{"damage":37,"enemies":"Book of Stabbing","floor":24,"turns":5}],"seed_played":"-1203720739468293015","potions_obtained":[{"floor":7,"key":"SpeedPotion"},{"floor":16,"key":"Regen Potion"},{"floor":18,"key":"Fire Potion"},{"floor":21,"key":"Regen Potion"}],"is_trial":false,"path_per_floor":["M","$","?","?","M","R","M","E","T","R","?","M","?","$","R","B",null,"M","?","?","M","M","R","E"],"character_chosen":"IRONCLAD","items_purchased":["Inflame","Uppercut","PowerPotion","War Paint"],"campfire_rested":1,"item_purchase_floors":[2,2,2,14],"current_hp_per_floor":[64,64,57,57,46,46,36,16,16,16,36,41,19,19,43,39,70,57,42,42,44,36,36,0],"gold":513,"neow_bonus":"HUNDRED_GOLD","is_prod":false,"is_daily":false,"chose_seed":false,"campfire_upgraded":3,"win_rate":0,"timestamp":1570893822,"path_taken":["M","$","?","?","M","R","M","E","T","R","?","?","?","?","R","BOSS","M","?","?","M","M","R","E"],"build_version":"2019-10-11","purchased_purges":1,"victory":false,"max_hp_per_floor":[80,80,80,80,80,80,80,80,80,80,80,80,80,80,80,80,80,80,85,85,85,85,85,85],"card_choices":[{"not_picked":["Thunderclap","Warcry"],"picked":"Clothesline","floor":1},{"not_picked":["Heavy Blade","Thunderclap"],"picked":"Shrug It Off","floor":5},{"not_picked":["Flex","Clothesline"],"picked":"Fiend Fire","floor":7},{"not_picked":["Combust","Sword Boomerang"],"picked":"Shrug It Off","floor":8},{"not_picked":["Pommel Strike","Heavy Blade","Sentinel"],"picked":"SKIP","floor":12},{"not_picked":["Twin Strike","True Grit"],"picked":"Armaments","floor":13},{"not_picked":["Exhume","Immolate"],"picked":"Impervious","floor":16},{"not_picked":["Rage","Flame Barrier"],"picked":"Anger","floor":18},{"not_picked":["Clothesline","Clash"],"picked":"Flame Barrier","floor":21},{"not_picked":["Spot Weakness","Havoc"],"picked":"Shrug It Off","floor":22}],"player_experience":385417,"relics_obtained":[{"floor":8,"key":"Dodecahedron"},{"floor":9,"key":"Pocketwatch"},{"floor":13,"key":"Omamori"}],"event_choices":[{"damage_healed":0,"gold_gain":0,"player_choice":"Success","damage_taken":7,"relics_obtained":["Shuriken"],"max_hp_gain":0,"max_hp_loss":0,"event_name":"Scrap Ooze","floor":3,"gold_loss":0},{"damage_healed":0,"gold_gain":175,"player_choice":"AGREE","damage_taken":0,"max_hp_gain":0,"max_hp_loss":0,"event_name":"Liars Game","floor":4,"gold_loss":0,"cards_obtained":["Doubt"]},{"damage_healed":20,"gold_gain":0,"player_choice":"Healed and dodged fight","damage_taken":0,"max_hp_gain":0,"max_hp_loss":0,"event_name":"Mushrooms","floor":11,"gold_loss":0,"cards_obtained":["Parasite"]},{"damage_healed":0,"gold_gain":0,"player_choice":"Searched \u00271\u0027 times","damage_taken":0,"max_hp_gain":0,"max_hp_loss":0,"event_name":"Dead Adventurer","floor":13,"gold_loss":0},{"damage_healed":0,"gold_gain":0,"player_choice":"Shed Blood","damage_taken":20,"max_hp_gain":5,"max_hp_loss":0,"event_name":"Forgotten Altar","floor":19,"gold_loss":0},{"damage_healed":0,"gold_gain":275,"player_choice":"Desecrate","damage_taken":0,"max_hp_gain":0,"max_hp_loss":0,"event_name":"Golden Shrine","floor":20,"gold_loss":0,"cards_obtained":["Regret"]}],"is_beta":true,"boss_relics":[{"not_picked":["Runic Cube","Empty Cage"],"picked":"Pandora\u0027s Box"}],"items_purged_floors":[14],"is_endless":false,"potions_floor_spawned":[7,16,18,21],"killed_by":"Book of Stabbing","ascension_level":7}