{"gold_per_floor":[115,184,19,35,46,46,72,72,99,115,115,37,37,52,52,147,147,167,30,43,43,43,43,43,68,68,94,94,111,123,153,153,254,254,270,282,295,312,322,322,355,355,403,403,436,451,92,104,104,104,104,104,50,77,77],"floor_reached":55,"playtime":3013,"items_purged":["Strike_G","Strike_G"],"score":1256,"play_id":"6eca5067-f6d7-4e49-be7b-892a309791f8","local_time":"20190615153958","is_ascension_mode":true,"campfire_choices":[{"data":"Deadly Poison","floor":6,"key":"SMITH"},{"data":"Deadly Poison","floor":11,"key":"SMITH"},{"data":"Caltrops","floor":15,"key":"SMITH"},{"floor":24,"key":"REST"},{"floor":32,"key":"REST"},{"floor":40,"key":"RECALL"},{"floor":42,"key":"REST"},{"floor":44,"key":"REST"},{"floor":49,"key":"REST"},{"floor":52,"key":"REST"}],"neow_cost":"NONE","seed_source_timestamp":278953576669594,"circlet_count":0,"master_deck":["AscendersBane","Defend_G+1","Defend_G","Defend_G","Defend_G","Defend_G","Strike_G","Survivor+1","Neutralize","Predator","Caltrops+1","Deadly Poison+1","Dash","Quick Slash","Deadly Poison+1","Deflect","Well Laid Plans","Masterful Stab","Flying Knee","Corpse Explosion","Cloak And Dagger+1","Malaise","RitualDagger","Well Laid Plans+1","Leg Sweep","Expertise","PiercingWail","Acrobatics+1","After Image","Noxious Fumes","Footwork+1","Acrobatics+1","Expertise","Cloak And Dagger+1","Crippling Poison+1","Acrobatics","Impatience","Backflip","Acrobatics","Dodge and Roll"],"relics":["Ring of the Snake","Strawberry","Oddly Smooth Stone","Fusion Hammer","Bag of Preparation","Mummified Hand","Blood Vial","War Paint","Sozu","Bottled Flame","Darkstone Periapt","Bronze Scales","Centennial Puzzle"],"potions_floor_usage":[7,27,31,33],"damage_taken":[{"damage":1,"enemies":"2 Louse","floor":1,"turns":5},{"damage":2,"enemies":"Jaw Worm","floor":4,"turns":6},{"damage":0,"enemies":"Cultist","floor":5,"turns":3},{"damage":16,"enemies":"Lagavulin","floor":7,"turns":6},{"damage":13,"enemies":"Large Slime","floor":10,"turns":9},{"damage":0,"enemies":"2 Fungi Beasts","floor":14,"turns":3},{"damage":23,"enemies":"Hexaghost","floor":16,"turns":8},{"damage":12,"enemies":"2 Thieves","floor":18,"turns":3},{"damage":1,"enemies":"Chosen","floor":20,"turns":4},{"damage":18,"enemies":"Book of Stabbing","floor":25,"turns":5},{"damage":2,"enemies":"Gremlin Leader","floor":27,"turns":6},{"damage":0,"enemies":"Snecko","floor":29,"turns":5},{"damage":0,"enemies":"Sentry and Sphere","floor":30,"turns":3},{"damage":8,"enemies":"Book of Stabbing","floor":31,"turns":6},{"damage":16,"enemies":"Champ","floor":33,"turns":15},{"damage":0,"enemies":"3 Shapes","floor":35,"turns":2},{"damage":0,"enemies":"3 Darklings","floor":36,"turns":2},{"damage":0,"enemies":"Maw","floor":37,"turns":8},{"damage":0,"enemies":"Jaw Worm Horde","floor":38,"turns":3},{"damage":14,"enemies":"4 Shapes","floor":39,"turns":3},{"damage":25,"enemies":"Nemesis","floor":41,"turns":7},{"damage":9,"enemies":"Reptomancer","floor":45,"turns":6},{"damage":11,"enemies":"Writhing Mass","floor":46,"turns":6},{"damage":10,"enemies":"Spire Growth","floor":48,"turns":4},{"damage":46,"enemies":"Time Eater","floor":50,"turns":13},{"damage":16,"enemies":"Shield and Spear","floor":54,"turns":5},{"damage":75,"enemies":"The Heart","floor":55,"turns":3}],"seed_played":"-1848923337032986","potions_obtained":[{"floor":5,"key":"Weak Potion"},{"floor":10,"key":"Energy Potion"},{"floor":16,"key":"GhostInAJar"},{"floor":18,"key":"PowerPotion"},{"floor":27,"key":"PowerPotion"},{"floor":29,"key":"Regen Potion"}],"is_trial":false,"path_per_floor":["M","?","$","M","M","R","E","?","T","M","R","$","?","M","R","B",null,"M","$","M","?","?","?","R","E","T","E","?","M","M","E","R","B",null,"M","M","M","M","M","R","E","R","T","R","E","M","$","M","R","B",null,"R","$","E","B"],"character_chosen":"THE_SILENT","items_purchased":["Caltrops","Deadly Poison","Well Laid Plans","Malaise","Acrobatics","Bronze Scales","Impatience","Acrobatics"],"campfire_rested":6,"item_purchase_floors":[3,3,12,19,47,47,47,53],"current_hp_per_floor":[62,62,62,60,60,60,51,56,56,43,43,43,43,43,43,20,67,55,55,54,48,48,32,58,40,40,38,38,40,42,51,77,63,81,83,85,87,87,73,73,50,76,76,87,78,69,69,61,87,41,76,87,87,71,0],"gold":77,"neow_bonus":"REMOVE_CARD","is_prod":false,"is_daily":false,"chose_seed":false,"campfire_upgraded":3,"win_rate":0,"timestamp":1560609598,"path_taken":["M","?","$","M","M","R","E","?","T","M","R","$","?","M","R","BOSS","M","$","M","?","?","?","R","E","T","E","?","M","M","E","R","BOSS","M","M","M","M","?","R","E","R","T","R","E","M","$","M","R","BOSS","R","$","E","BOSS"],"build_version":"2019-01-23","purchased_purges":2,"victory":false,"max_hp_per_floor":[70,70,70,70,70,70,77,82,82,82,82,82,82,82,82,82,82,82,82,82,82,82,87,87,87,87,87,87,87,87,87,87,87,87,87,87,87,87,87,87,87,87,87,87,87,87,87,87,87,87,87,87,87,87,87],"card_choices":[{"not_picked":["Cloak And Dagger","Backstab"],"picked":"Predator","floor":1},{"not_picked":["PiercingWail","Expertise"],"picked":"Dash","floor":4},{"not_picked":["Flechettes","Blade Dance"],"picked":"Quick Slash","floor":5},{"not_picked":["Dodge and Roll","All Out Attack"],"picked":"Deadly Poison","floor":7},{"not_picked":["Masterful Stab","PiercingWail"],"picked":"Deflect","floor":10},{"not_picked":["Poisoned Stab","Bane"],"picked":"Flying Knee","floor":14},{"not_picked":["After Image","Malaise"],"picked":"Corpse Explosion","floor":16},{"not_picked":["Skewer","Blade Dance"],"picked":"Cloak And Dagger+1","floor":18},{"not_picked":["Cloak And Dagger","Acrobatics","Masterful Stab"],"picked":"SKIP","floor":20},{"not_picked":["Deflect","Deadly Poison+1"],"picked":"Well Laid Plans+1","floor":25},{"not_picked":["Eviscerate+1","Outmaneuver"],"picked":"Leg Sweep","floor":27},{"not_picked":["Dagger Spray","Dodge and Roll"],"picked":"Expertise","floor":29},{"not_picked":["Deflect","Cloak And Dagger"],"picked":"PiercingWail","floor":30},{"not_picked":["Underhanded Strike","Night Terror"],"picked":"Acrobatics+1","floor":31},{"not_picked":["Grand Finale","Tools of the Trade"],"picked":"After Image","floor":33},{"not_picked":["Dash","Endless Agony"],"picked":"Noxious Fumes","floor":35},{"not_picked":["Backflip","Dagger Spray"],"picked":"Footwork+1","floor":36},{"not_picked":["Deflect","Setup+1"],"picked":"Acrobatics+1","floor":37},{"not_picked":["Accuracy+1","Well Laid Plans"],"picked":"Expertise","floor":38},{"not_picked":["Dagger Throw+1","Escape Plan"],"picked":"Cloak And Dagger+1","floor":39},{"not_picked":["Flying Knee+1","Terror+1","Choke"],"picked":"SKIP","floor":41},{"not_picked":["Blade Dance","Dagger Throw+1","All Out Attack+1"],"picked":"SKIP","floor":45},{"not_picked":["Predator+1","Accuracy"],"picked":"Crippling Poison+1","floor":46},{"not_picked":["Blade Dance","Cloak And Dagger"],"picked":"Backflip","floor":48},{"not_picked":["Grand Finale","Escape Plan"],"picked":"Dodge and Roll","floor":54}],"player_experience":1609385,"relics_obtained":[{"floor":7,"key":"Strawberry"},{"floor":9,"key":"Oddly Smooth Stone"},{"floor":25,"key":"Bag of Preparation"},{"floor":26,"key":"Mummified Hand"},{"floor":27,"key":"Blood Vial"},{"floor":31,"key":"War Paint"},{"floor":41,"key":"Bottled Flame"},{"floor":45,"key":"Darkstone Periapt"},{"floor":54,"key":"Centennial Puzzle"}],"event_choices":[{"damage_healed":0,"gold_gain":69,"player_choice":"Gained Gold","damage_taken":0,"max_hp_gain":0,"max_hp_loss":0,"event_name":"Golden Wing","floor":2,"gold_loss":0},{"damage_healed":0,"gold_gain":0,"player_choice":"Donut","damage_taken":0,"max_hp_gain":5,"max_hp_loss":0,"event_name":"Big Fish","floor":8,"gold_loss":0},{"damage_healed":0,"gold_gain":0,"cards_transformed":["Strike_G"],"player_choice":"Transformed","damage_taken":0,"max_hp_gain":0,"max_hp_loss":0,"event_name":"Transmorgrifier","floor":13,"gold_loss":0,"cards_obtained":["Masterful Stab"]},{"damage_healed":0,"gold_gain":0,"player_choice":"Joined the Cult","damage_taken":6,"max_hp_gain":0,"max_hp_loss":0,"event_name":"Nest","floor":21,"gold_loss":0,"cards_obtained":["RitualDagger"]},{"damage_healed":0,"gold_gain":0,"player_choice":"Ignored","damage_taken":0,"max_hp_gain":0,"max_hp_loss":0,"event_name":"The Mausoleum","floor":22,"gold_loss":0},{"damage_healed":0,"gold_gain":0,"player_choice":"Shed Blood","damage_taken":21,"max_hp_gain":5,"max_hp_loss":0,"event_name":"Forgotten Altar","floor":23,"gold_loss":0},{"damage_healed":0,"gold_gain":0,"player_choice":"Ignored","damage_taken":0,"max_hp_gain":0,"max_hp_loss":0,"event_name":"N\u0027loth","floor":28,"gold_loss":0}],"is_beta":false,"boss_relics":[{"not_picked":["Empty Cage","White Beast Statue"],"picked":"Fusion Hammer"},{"not_picked":["HoveringKite","Velvet Choker"],"picked":"Sozu"}],"items_purged_floors":[3,47],"is_endless":false,"potions_floor_spawned":[5,10,16,18,27,29,38,46,48],"killed_by":"The Heart","ascension_level":11}