{"gold_per_floor":[112,112,129,144,161,161,217,217,217,233,246,261,280,153,153,258,258,278,125,125,0,10,10,42,42,42,62,94,107,107,124,124,219,219,238,257,257,53,69,69,81,94,145,219,219,44,44,58,58,161,161,179,190,190,154,164,164,184,210,234,250,50,61,95,109,109,213,213,225,254,279,541,869,881,921,953,997,1009,1047,1078,1090,1133,1145,1252,1264,1294,1126,1139,45,45,70,70,97,132,132,132,132,150,164,164,264,264,282,300,300,310,324,324,355,355,382,396,571,521,521,534,534,636,636,655,673,687,533,544,544,560,560,591,591,591,591,625,638,638,734,734,747,747,758,773,773,773,803,817,850,850,850,866,816,868,868,967,967,979,979,979,993,993,993,993,993,1033,1033,1033,1113,1086,1127,1127,1250,1250],"floor_reached":170,"playtime":6095,"items_purged":["Clash","Warcry+1","Decay","Hemokinesis","Regret","Writhe","Clumsy","Armaments+1","Madness+1"],"score":5525,"play_id":"be3702f4-7150-4cad-9d01-9531b0cfc873","local_time":"20180722154738","daily_mods":["Draft","Specialized","Vintage"],"is_ascension_mode":false,"campfire_choices":[{"data":"Bloodletting","floor":6,"key":"SMITH"},{"data":"Armaments","floor":15,"key":"SMITH"},{"data":"Evolve","floor":23,"key":"SMITH"},{"data":"Flex","floor":32,"key":"SMITH"},{"data":"Limit Break","floor":40,"key":"SMITH"},{"data":"1","floor":45,"key":"LIFT"},{"data":"2","floor":47,"key":"LIFT"},{"floor":49,"key":"REST"},{"data":"3","floor":57,"key":"LIFT"},{"data":"True Grit","floor":66,"key":"SMITH"},{"data":"Spot Weakness","floor":74,"key":"SMITH"},{"data":"Shockwave","floor":78,"key":"SMITH"},{"data":"Regret","floor":83,"key":"PURGE"},{"data":"True Grit+1","floor":92,"key":"PURGE"},{"data":"Shockwave+1","floor":95,"key":"PURGE"},{"data":"Shrug It Off","floor":97,"key":"SMITH"},{"data":"Spot Weakness+1","floor":100,"key":"PURGE"},{"data":"Spot Weakness+1","floor":108,"key":"PURGE"},{"data":"Shrug It Off+1","floor":110,"key":"PURGE"},{"data":"Shockwave+1","floor":115,"key":"PURGE"},{"data":"Rage+1","floor":117,"key":"PURGE"},{"data":"Battle Trance+1","floor":125,"key":"PURGE"},{"data":"Sword Boomerang+1","floor":131,"key":"PURGE"},{"data":"Headbutt+1","floor":134,"key":"PURGE"},{"data":"Bloodletting+1","floor":142,"key":"PURGE"},{"data":"Impervious+1","floor":147,"key":"PURGE"},{"data":"Madness+1","floor":151,"key":"PURGE"},{"data":"Power Through+1","floor":159,"key":"PURGE"},{"floor":161,"key":"REST"},{"floor":163,"key":"REST"},{"floor":168,"key":"REST"}],"neow_cost":"","seed_source_timestamp":688141617270528,"circlet_count":11,"master_deck":["Flex+1","Cleave+1","Evolve+1","Flex+1","Limit Break+1","Flex+1","Limit Break+1","Dual Wield+1","Double Tap+1","Regret","Decay","Master of Strategy+1","Heavy Blade+1","Burning Pact+1","Flex+1","Injury","Decay","Parasite","Writhe"],"relics":["Black Blood","Bottled Flame","Singing Bowl","Champion Belt","Happy Flower","Tiny Chest","Mummified Hand","Paper Frog","Bottled Tornado","Charon\u0027s Ashes","Matryoshka","Blood Vial","Astrolabe","Turnip","Self Forming Clay","Ancient Tea Set","Vajra","Gremlin Horn","Bronze Scales","Whetstone","Ginger","Shuriken","Dream Catcher","Cursed Key","Bottled Lightning","Toxic Egg 2","Boot","Torii","Girya","Anchor","Regal Pillow","Darkstone Periapt","Centennial Puzzle","Question Card","Black Star","Oddly Smooth Stone","Orichalcum","Lantern","Art of War","Red Skull","Bag of Preparation","Juzu Bracelet","The Courier","Pantograph","MawBank","Pen Nib","Mercury Hourglass","Old Coin","Frozen Egg 2","Red Mask","Dodecahedron","Peace Pipe","Kunai","Busted Crown","Letter Opener","Molten Egg 2","Medical Kit","Pear","Blue Candle","Potion Belt","Gambling Chip","Bird Faced Urn","Nunchaku","Incense Burner","Calling Bell","Ice Cream","Du-Vu Doll","Unceasing Top","War Paint","Strawberry","Smiling Mask","Meat on the Bone","Bag of Marbles","Omamori","Ornamental Fan","Sozu","Sundial","Thread and Needle","Calipers","Mango","Prayer Wheel","Circlet","Lizard Tail","Orrery","Magic Flower","Golden Idol","Dead Branch","Ectoplasm"],"potions_floor_usage":[5,13,16,18,27,39,39,42,48,50,58,61,67,90],"damage_taken":[{"damage":0,"enemies":"Small Slimes","floor":1,"turns":2},{"damage":6,"enemies":"2 Louse","floor":3,"turns":2},{"damage":3,"enemies":"Cultist","floor":4,"turns":2},{"damage":12,"enemies":"Blue Slaver","floor":5,"turns":2},{"damage":18,"enemies":"Gremlin Nob","floor":7,"turns":3},{"damage":3,"enemies":"Exordium Wildlife","floor":10,"turns":2},{"damage":0,"enemies":"Red Slaver","floor":11,"turns":1},{"damage":13,"enemies":"Looter","floor":12,"turns":2},{"damage":0,"enemies":"2 Fungi Beasts","floor":13,"turns":1},{"damage":16,"enemies":"Slime Boss","floor":16,"turns":4},{"damage":11,"enemies":"Chosen","floor":18,"turns":4},{"damage":33,"enemies":"2 Thieves","floor":22,"turns":4},{"damage":12,"enemies":"Gremlin Leader","floor":24,"turns":5},{"damage":0,"enemies":"Snake Plant","floor":27,"turns":3},{"damage":30,"enemies":"Slavers","floor":28,"turns":4},{"damage":21,"enemies":"Centurion and Healer","floor":29,"turns":4},{"damage":12,"enemies":"Snecko","floor":31,"turns":4},{"damage":43,"enemies":"Collector","floor":33,"turns":6},{"damage":11,"enemies":"Orb Walker","floor":35,"turns":2},{"damage":8,"enemies":"3 Shapes","floor":36,"turns":2},{"damage":17,"enemies":"3 Darklings","floor":39,"turns":3},{"damage":16,"enemies":"Flame Bruiser 2 Orb","floor":41,"turns":4},{"damage":23,"enemies":"Maw","floor":42,"turns":7},{"damage":20,"enemies":"Sphere and 2 Shapes","floor":48,"turns":4},{"damage":30,"enemies":"Donu and Deca","floor":50,"turns":5},{"damage":0,"enemies":"Cultist","floor":52,"turns":3},{"damage":0,"enemies":"2 Louse","floor":53,"turns":1},{"damage":12,"enemies":"Jaw Worm","floor":56,"turns":2},{"damage":3,"enemies":"Exordium Wildlife","floor":58,"turns":2},{"damage":3,"enemies":"Gremlin Nob","floor":59,"turns":2},{"damage":0,"enemies":"Large Slime","floor":61,"turns":2},{"damage":0,"enemies":"2 Fungi Beasts","floor":63,"turns":2},{"damage":0,"enemies":"Lagavulin","floor":64,"turns":2},{"damage":0,"enemies":"Red Slaver","floor":65,"turns":1},{"damage":20,"enemies":"Slime Boss","floor":67,"turns":5},{"damage":3,"enemies":"2 Thieves","floor":69,"turns":2},{"damage":0,"enemies":"3 Byrds","floor":70,"turns":2},{"damage":3,"enemies":"Centurion and Healer","floor":71,"turns":1},{"damage":0,"enemies":"Cultist and Chosen","floor":73,"turns":1},{"damage":28,"enemies":"Slavers","floor":75,"turns":2},{"damage":3,"enemies":"3 Cultists","floor":76,"turns":3},{"damage":1,"enemies":"Book of Stabbing","floor":77,"turns":2},{"damage":0,"floor":79,"turns":1},{"damage":0,"enemies":"Snake Plant","floor":80,"turns":2},{"damage":3,"enemies":"Gremlin Leader","floor":82,"turns":3},{"damage":15,"enemies":"Champ","floor":84,"turns":5},{"damage":1,"enemies":"Orb Walker","floor":86,"turns":2},{"damage":0,"enemies":"Flame Bruiser 1 Orb","floor":88,"turns":2},{"damage":0,"floor":90,"turns":2},{"damage":3,"enemies":"Nemesis","floor":91,"turns":3},{"damage":0,"enemies":"2 Orb Walkers","floor":93,"turns":1},{"damage":0,"enemies":"Nemesis","floor":94,"turns":1},{"damage":0,"enemies":"4 Shapes","floor":98,"turns":1},{"damage":0,"enemies":"Maw","floor":99,"turns":3},{"damage":25,"enemies":"Awakened One","floor":101,"turns":4},{"damage":0,"enemies":"Small Slimes","floor":103,"turns":1},{"damage":0,"enemies":"2 Louse","floor":104,"turns":1},{"damage":2,"enemies":"Jaw Worm","floor":106,"turns":1},{"damage":3,"enemies":"Large Slime","floor":107,"turns":3},{"damage":0,"enemies":"3 Sentries","floor":109,"turns":1},{"damage":4,"enemies":"Gremlin Nob","floor":111,"turns":1},{"damage":2,"enemies":"Exordium Thugs","floor":112,"turns":1},{"damage":0,"enemies":"Exordium Wildlife","floor":116,"turns":1},{"damage":0,"enemies":"Slime Boss","floor":118,"turns":1},{"damage":2,"enemies":"Shell Parasite","floor":120,"turns":1},{"damage":4,"enemies":"Chosen","floor":121,"turns":1},{"damage":3,"enemies":"Snake Plant","floor":122,"turns":1},{"damage":4,"enemies":"Snecko","floor":124,"turns":1},{"damage":1,"enemies":"Centurion and Healer","floor":126,"turns":1},{"damage":4,"enemies":"Slavers","floor":128,"turns":1},{"damage":3,"floor":132,"turns":1},{"damage":3,"enemies":"Cultist and Chosen","floor":133,"turns":1},{"damage":4,"enemies":"Automaton","floor":135,"turns":1},{"damage":6,"enemies":"Orb Walker","floor":137,"turns":1},{"damage":5,"enemies":"Flame Bruiser 1 Orb","floor":139,"turns":1},{"damage":9,"enemies":"Maw","floor":140,"turns":2},{"damage":3,"enemies":"Giant Head","floor":143,"turns":1},{"damage":3,"enemies":"Transient","floor":144,"turns":1},{"damage":2,"enemies":"2 Orb Walkers","floor":145,"turns":1},{"damage":2,"enemies":"Sphere and 2 Shapes","floor":148,"turns":1},{"damage":3,"floor":150,"turns":1},{"damage":3,"enemies":"Awakened One","floor":152,"turns":2},{"damage":3,"enemies":"2 Louse","floor":154,"turns":1},{"damage":3,"enemies":"Jaw Worm","floor":157,"turns":1},{"damage":2,"enemies":"Gremlin Nob","floor":162,"turns":1},{"damage":5,"enemies":"Lagavulin","floor":167,"turns":1},{"damage":5,"enemies":"Hexaghost","floor":169,"turns":1}],"seed_played":"-8283894539669067006","potions_obtained":[{"floor":3,"key":"Weak Potion"},{"floor":7,"key":"SkillPotion"},{"floor":11,"key":"Fire Potion"},{"floor":13,"key":"Explosive Potion"},{"floor":16,"key":"AttackPotion"},{"floor":18,"key":"Energy Potion"},{"floor":29,"key":"BloodPotion"},{"floor":31,"key":"Weak Potion"},{"floor":33,"key":"Poison Potion"},{"floor":41,"key":"SkillPotion"},{"floor":48,"key":"Swift Potion"},{"floor":56,"key":"AttackPotion"},{"floor":59,"key":"SkillPotion"},{"floor":61,"key":"SmokeBomb"},{"floor":64,"key":"Dexterity Potion"},{"floor":65,"key":"SteroidPotion"},{"floor":69,"key":"Ancient Potion"},{"floor":91,"key":"GamblersBrew"},{"floor":99,"key":"Swift Potion"},{"floor":103,"key":"PowerPotion"}],"is_trial":true,"path_per_floor":["M","?","M","M","M","R","E","?","T","M","M","M","M","$","R","B",null,"M","$","?","$","M","R","E","?","T","M","E","M","?","M","R","B",null,"M","M","?","$","M","R","M","M","T","T","R","$","R","M","R","B",null,"M","M","?","$","M","R","M","E","T","M","$","M","E","M","R","B",null,"M","M","M","?","M","R","E","M","E","R","?","M","?","E","R","B",null,"M","$","M","$","?","E","R","E","E","R","?","R","M","M","R","B",null,"M","M","?","M","M","R","E","R","E","M","?","?","R","M","R","B",null,"M","M","M","$","M","R","M","?","E","?","?","R","?","M","R","B",null,"M","?","M","M","?","R","E","M","E","?","R","M","$","?","R","B",null,"M","?","?","M","?","R","?","R","E","R","$","?","?","E","R","B"],"character_chosen":"IRONCLAD","items_purchased":["Armaments","Headbutt","Flex+1","Shockwave+1","Rage+1","Medical Kit","Pear","Blue Candle","Potion Belt","EssenceOfSteel","Fire Potion","Master of Strategy+1"],"campfire_rested":4,"item_purchase_floors":[14,19,38,55,89,89,89,89,89,89,89,123],"current_hp_per_floor":[80,73,73,76,70,70,58,58,58,61,67,60,66,66,66,56,80,80,80,80,80,53,53,77,77,77,80,71,65,65,61,61,49,80,79,78,78,78,69,69,70,55,55,55,55,55,55,51,82,82,82,82,82,66,66,67,67,82,82,88,88,88,88,90,90,90,76,90,90,90,90,96,96,96,80,89,98,98,100,100,100,102,102,99,104,104,104,104,114,116,118,118,120,122,122,107,107,119,122,122,118,140,140,147,118,128,147,147,149,149,149,149,155,155,155,155,155,157,157,157,157,157,157,171,171,171,155,173,173,173,173,175,175,175,177,177,177,177,177,177,177,177,179,179,181,181,181,181,181,181,181,183,191,191,191,191,191,191,191,188,188,188,188,188,188,188,188,188,188,188],"gold":1250,"neow_bonus":"","is_prod":false,"is_daily":false,"chose_seed":false,"campfire_upgraded":9,"win_rate":0,"timestamp":1532263658,"path_taken":["M","?","?","M","M","R","E","?","T","?","M","M","M","$","R","BOSS","M","$","?","$","M","R","E","?","T","M","E","M","?","?","R","BOSS","M","?","?","$","M","R","M","M","T","?","R","?","R","M","R","BOSS","M","M","?","$","M","R","M","E","T","M","$","M","E","M","R","BOSS","M","M","M","?","M","R","E","M","E","R","?","M","?","E","R","BOSS","M","$","M","$","?","E","R","E","E","R","?","R","M","M","R","BOSS","M","M","?","M","M","R","E","R","E","M","?","?","R","M","R","BOSS","M","M","M","$","M","R","M","?","E","?","?","R","?","M","R","BOSS","M","?","M","M","?","R","E","M","E","?","R","M","?","?","R","BOSS","M","?","?","M","?","R","?","R","E","R","$","?","?","E","R","BOSS"],"build_version":"2018-07-19v2","purchased_purges":9,"victory":false,"max_hp_per_floor":[80,80,80,80,80,80,80,80,80,80,80,80,80,80,80,80,80,80,80,80,80,80,80,80,80,80,80,80,80,80,80,80,80,80,80,80,80,80,80,80,80,80,80,80,80,80,80,80,82,82,82,82,82,82,82,82,82,82,82,88,88,88,88,90,90,90,90,90,90,90,90,96,96,96,98,98,98,98,100,100,100,102,102,104,104,104,104,104,114,116,118,118,120,122,122,122,122,122,122,122,122,140,140,147,147,147,147,147,149,149,149,149,155,155,155,155,155,157,157,157,157,157,157,171,171,171,171,173,173,173,173,175,175,175,177,177,177,177,177,177,177,177,179,179,181,181,181,181,181,181,181,183,191,191,191,191,191,191,191,188,188,188,188,188,188,188,188,188,188,188],"card_choices":[{"not_picked":["Uppercut","Havoc"],"picked":"Hemokinesis","floor":0},{"not_picked":["Clothesline","Anger"],"picked":"Pommel Strike","floor":0},{"not_picked":["Body Slam","Entrench"],"picked":"Clash","floor":0},{"not_picked":["Perfected Strike","Thunderclap"],"picked":"Flex","floor":0},{"not_picked":["Rupture","Thunderclap"],"picked":"Clash","floor":0},{"not_picked":["Havoc","Disarm"],"picked":"Clash","floor":0},{"not_picked":["Battle Trance","Anger"],"picked":"Sword Boomerang","floor":0},{"not_picked":["Evolve","Armaments"],"picked":"Wild Strike","floor":0},{"not_picked":["Pommel Strike","Warcry"],"picked":"Bloodletting","floor":0},{"not_picked":["Metallicize","Headbutt"],"picked":"Cleave","floor":0},{"not_picked":["Armaments","Shrug It Off"],"picked":"Shockwave","floor":0},{"not_picked":["Burning Pact","Clothesline"],"picked":"Pommel Strike","floor":0},{"not_picked":["Clothesline","Second Wind"],"picked":"Spot Weakness","floor":0},{"not_picked":["Iron Wave","Seeing Red"],"picked":"Evolve","floor":0},{"not_picked":["Pummel","Body Slam"],"picked":"Flex","floor":0},{"not_picked":["Clash","Feel No Pain"],"picked":"True Grit","floor":7},{"not_picked":["Immolate","Exhume"],"picked":"Reaper","floor":16},{"not_picked":["Havoc","Evolve+1"],"picked":"Shrug It Off","floor":24},{"not_picked":["Infernal Blade","Seeing Red+1"],"picked":"Flex","floor":28},{"not_picked":["Berserk","Juggernaut"],"picked":"Limit Break","floor":33},{"not_picked":["Power Through+1","Shrug It Off+1","Havoc+1"],"picked":"Singing Bowl","floor":49},{"not_picked":["Berserk","Reaper"],"picked":"Limit Break+1","floor":50},{"not_picked":["Havoc+1","True Grit+1","Sword Boomerang"],"picked":"Dual Wield+1","floor":59},{"not_picked":["Cleave","Searing Blow","Evolve","Sword Boomerang"],"picked":"Singing Bowl","floor":64},{"not_picked":["Immolate","Offering+1","Exhume+1"],"picked":"Double Tap+1","floor":67},{"not_picked":["Anger","Headbutt","Sword Boomerang","Warcry+1"],"picked":"Singing Bowl","floor":75},{"not_picked":["Heavy Blade","Blood for Blood","Double Tap+1"],"picked":"Spot Weakness+1","floor":77},{"not_picked":["Carnage","Pommel Strike","Havoc+1","Combust+1"],"picked":"Singing Bowl","floor":79},{"not_picked":["Sword Boomerang","Impervious+1","Entrench+1","Cleave"],"picked":"Singing Bowl","floor":82},{"not_picked":["Brutality+1","Dark Embrace+1","Berserk+1","Bludgeon"],"picked":"Singing Bowl","floor":84},{"not_picked":["Dropkick+1","Fire Breathing+1"],"picked":"Singing Bowl","floor":90},{"not_picked":["Warcry+1","Reckless Charge+1"],"picked":"Singing Bowl","floor":91},{"not_picked":["Headbutt+1","Pummel+1"],"picked":"Singing Bowl","floor":93},{"not_picked":["Fire Breathing+1","Combust+1"],"picked":"Singing Bowl","floor":94},{"not_picked":["Dark Embrace+1"],"picked":"Impervious+1","floor":101},{"not_picked":["Anger+1","Perfected Strike+1"],"picked":"Singing Bowl","floor":109},{"not_picked":["Reckless Charge+1"],"picked":"Battle Trance+1","floor":111},{"not_picked":["Reaper+1","Immolate+1"],"picked":"Singing Bowl","floor":118},{"not_picked":["Armaments+1","Body Slam+1"],"picked":"Singing Bowl","floor":128},{"not_picked":["Sever Soul+1","Body Slam+1"],"picked":"Singing Bowl","floor":132},{"not_picked":["Impervious+1","Fiend Fire+1"],"picked":"Singing Bowl","floor":135},{"not_picked":["Blood for Blood+1","Headbutt+1"],"picked":"Singing Bowl","floor":143},{"not_picked":["Dual Wield+1","Body Slam+1"],"picked":"Singing Bowl","floor":145},{"not_picked":["Rupture+1"],"picked":"Burning Pact+1","floor":150},{"not_picked":["Brutality+1","Immolate+1"],"picked":"Singing Bowl","floor":152},{"not_picked":["Infernal Blade+1","Intimidate+1"],"picked":"Singing Bowl","floor":153},{"not_picked":["Cleave+1"],"picked":"Flex+1","floor":153},{"not_picked":["Havoc+1","Impervious+1"],"picked":"Singing Bowl","floor":153},{"not_picked":["Heavy Blade+1","Shrug It Off+1"],"picked":"Singing Bowl","floor":153},{"not_picked":["Shrug It Off+1","Iron Wave+1"],"picked":"Singing Bowl","floor":153},{"not_picked":["Perfected Strike+1","Dual Wield+1"],"picked":"Singing Bowl","floor":161},{"not_picked":["True Grit+1","Juggernaut+1"],"picked":"Singing Bowl","floor":162},{"not_picked":["Reckless Charge+1","Rage+1"],"picked":"Singing Bowl","floor":163},{"not_picked":["Heavy Blade+1","Iron Wave+1"],"picked":"Singing Bowl","floor":167},{"not_picked":["Whirlwind+1","Uppercut+1"],"picked":"Singing Bowl","floor":168},{"not_picked":["Fiend Fire+1","Offering+1"],"picked":"Singing Bowl","floor":169}],"player_experience":176025,"relics_obtained":[{"floor":1,"key":"Bottled Flame"},{"floor":3,"key":"Singing Bowl"},{"floor":4,"key":"Champion Belt"},{"floor":5,"key":"Happy Flower"},{"floor":7,"key":"Tiny Chest"},{"floor":9,"key":"Mummified Hand"},{"floor":10,"key":"Paper Frog"},{"floor":11,"key":"Bottled Tornado"},{"floor":12,"key":"Charon\u0027s Ashes"},{"floor":13,"key":"Matryoshka"},{"floor":16,"key":"Blood Vial"},{"floor":18,"key":"Turnip"},{"floor":22,"key":"Self Forming Clay"},{"floor":24,"key":"Ancient Tea Set"},{"floor":26,"key":"Vajra"},{"floor":26,"key":"Gremlin Horn"},{"floor":27,"key":"Bronze Scales"},{"floor":28,"key":"Whetstone"},{"floor":29,"key":"Ginger"},{"floor":31,"key":"Shuriken"},{"floor":33,"key":"Dream Catcher"},{"floor":35,"key":"Bottled Lightning"},{"floor":36,"key":"Toxic Egg 2"},{"floor":39,"key":"Boot"},{"floor":41,"key":"Torii"},{"floor":42,"key":"Girya"},{"floor":43,"key":"Anchor"},{"floor":43,"key":"Regal Pillow"},{"floor":44,"key":"Darkstone Periapt"},{"floor":48,"key":"Centennial Puzzle"},{"floor":50,"key":"Question Card"},{"floor":52,"key":"Oddly Smooth Stone"},{"floor":53,"key":"Orichalcum"},{"floor":56,"key":"Lantern"},{"floor":58,"key":"Art of War"},{"floor":60,"key":"Red Skull"},{"floor":61,"key":"Bag of Preparation"},{"floor":63,"key":"Juzu Bracelet"},{"floor":65,"key":"The Courier"},{"floor":67,"key":"Pantograph"},{"floor":69,"key":"MawBank"},{"floor":70,"key":"Pen Nib"},{"floor":71,"key":"Mercury Hourglass"},{"floor":73,"key":"Old Coin"},{"floor":76,"key":"Frozen Egg 2"},{"floor":79,"key":"Red Mask"},{"floor":80,"key":"Dodecahedron"},{"floor":84,"key":"Kunai"},{"floor":86,"key":"Letter Opener"},{"floor":88,"key":"Molten Egg 2"},{"floor":90,"key":"Gambling Chip"},{"floor":98,"key":"Bird Faced Urn"},{"floor":99,"key":"Nunchaku"},{"floor":101,"key":"Incense Burner"},{"floor":102,"key":"Ice Cream"},{"floor":102,"key":"Du-Vu Doll"},{"floor":102,"key":"Unceasing Top"},{"floor":103,"key":"War Paint"},{"floor":104,"key":"Strawberry"},{"floor":106,"key":"Smiling Mask"},{"floor":107,"key":"Meat on the Bone"},{"floor":112,"key":"Bag of Marbles"},{"floor":116,"key":"Omamori"},{"floor":118,"key":"Ornamental Fan"},{"floor":120,"key":"Sundial"},{"floor":121,"key":"Thread and Needle"},{"floor":122,"key":"Calipers"},{"floor":124,"key":"Mango"},{"floor":126,"key":"Prayer Wheel"},{"floor":132,"key":"Circlet"},{"floor":133,"key":"Circlet"},{"floor":135,"key":"Circlet"},{"floor":137,"key":"Circlet"},{"floor":139,"key":"Circlet"},{"floor":140,"key":"Circlet"},{"floor":144,"key":"Circlet"},{"floor":148,"key":"Circlet"},{"floor":150,"key":"Circlet"},{"floor":152,"key":"Circlet"},{"floor":154,"key":"Magic Flower"},{"floor":157,"key":"Dead Branch"},{"floor":169,"key":"Circlet"}],"event_choices":[{"event_name":"Golden Wing","player_choice":"Card Removal","floor":2,"damage_taken":0},{"event_name":"Living Wall","player_choice":"Change","floor":8,"damage_taken":0},{"event_name":"Forgotten Altar","player_choice":"Smashed Altar","floor":20,"damage_taken":0},{"event_name":"Back to Basics","player_choice":"Elegance","floor":25,"damage_taken":0},{"event_name":"Ghosts","player_choice":"Ignored","floor":30,"damage_taken":0},{"event_name":"Falling","player_choice":"Removed Skill","floor":37,"damage_taken":0},{"event_name":"Shining Light","player_choice":"Entered Light","floor":54,"damage_taken":0},{"event_name":"Golden Shrine","player_choice":"Desecrate","floor":72,"damage_taken":0},{"event_name":"Masked Bandits","player_choice":"Fought over 1021 gold","floor":79,"damage_taken":0},{"event_name":"The Mausoleum","player_choice":"Yes","floor":81,"damage_taken":0},{"event_name":"MindBloom","player_choice":"Fight","floor":90,"damage_taken":0},{"event_name":"Winding Halls","player_choice":"Embrace Madness","floor":96,"damage_taken":0},{"event_name":"Shining Light","player_choice":"Entered Light","floor":105,"damage_taken":0},{"event_name":"Liars Game","player_choice":"agreed","floor":113,"damage_taken":0},{"event_name":"The Cleric","player_choice":"Card Removal","floor":114,"damage_taken":0},{"event_name":"Cursed Tome","player_choice":"Obtained Book","floor":127,"damage_taken":0},{"event_name":"The Library","player_choice":"Read","floor":129,"damage_taken":0},{"event_name":"The Lab","player_choice":"Got Potions","floor":130,"damage_taken":0},{"event_name":"Masked Bandits","player_choice":"Fought over 591 gold","floor":132,"damage_taken":0},{"event_name":"Falling","player_choice":"Removed Attack","floor":138,"damage_taken":0},{"event_name":"Winding Halls","player_choice":"Writhe","floor":141,"damage_taken":0},{"event_name":"MindBloom","player_choice":"Heal","floor":146,"damage_taken":0},{"event_name":"Mysterious Sphere","player_choice":"Fight","floor":150,"damage_taken":0},{"event_name":"Golden Idol","player_choice":"Take Wound","floor":155,"damage_taken":0},{"event_name":"Transmorgrifier","player_choice":"Transform","floor":156,"damage_taken":0},{"event_name":"Mushrooms","player_choice":"Healed and dodged fight","floor":158,"damage_taken":0},{"event_name":"Living Wall","player_choice":"Change","floor":160,"damage_taken":0},{"event_name":"Golden Wing","player_choice":"Gained Gold","floor":165,"damage_taken":0},{"event_name":"World of Goop","player_choice":"Left","floor":166,"damage_taken":0}],"is_beta":false,"boss_relics":[{"not_picked":["Tiny House","Runic Cube"],"picked":"Astrolabe"},{"not_picked":["Empty Cage","Snecko Eye"],"picked":"Cursed Key"},{"not_picked":["White Beast Statue","Black Blood"],"picked":"Black Star"},{"not_picked":["Eternal Feather","Ectoplasm"],"picked":"Black Blood"},{"not_picked":["Orrery","Runic Cube"],"picked":"Busted Crown"},{"not_picked":["Runic Pyramid","Pandora\u0027s Box"],"picked":"Calling Bell"},{"not_picked":["Tiny House","Runic Cube"],"picked":"Sozu"},{"not_picked":["Snecko Eye","Mark of Pain"],"picked":"Lizard Tail"},{"not_picked":["White Beast Statue","Eternal Feather"],"picked":"Orrery"},{"not_picked":["Runic Dome","White Beast Statue"],"picked":"Ectoplasm"}],"items_purged_floors":[14,19,21,38,46,62,87,89,149],"is_endless":true,"potions_floor_spawned":[3,7,11,13,16,18,29,31,33,35,41,48,56,59,61,64,65,69,71,76,77,80,82,91,93,98,99,103,107,109,112,118,121,126,135,139,140,144,148,150,152,157,162],"ascension_level":0}