{"gold_per_floor":[19,19,33,33,95,126,142,71,71,71,121,121,149,218,218,318,318,331,400,420,470,570,570,631,641,641,674,692,199,249,214,214,316,316,330,350,400,10,60,60,93,113,113,182,199,199,45,57,57,57,57,57,23,51,51],"floor_reached":56,"playtime":2752,"items_purged":["Strike_G","Well Laid Plans"],"score":1384,"play_id":"50db81be-9b63-4686-a0d0-6d545b0fb4fb","local_time":"20190612213916","is_ascension_mode":false,"campfire_choices":[{"data":"Deadly Poison","floor":10,"key":"SMITH"},{"data":"Corpse Explosion","floor":12,"key":"SMITH"},{"data":"Neutralize","floor":15,"key":"SMITH"},{"data":"Malaise","floor":23,"key":"SMITH"},{"data":"Choke","floor":32,"key":"SMITH"},{"data":"Strike_G","floor":40,"key":"PURGE"},{"data":"Strike_G","floor":46,"key":"PURGE"},{"floor":49,"key":"RECALL"},{"data":"Defend_G","floor":52,"key":"PURGE"}],"neow_cost":"NO_GOLD","seed_source_timestamp":41557401364396,"circlet_count":0,"master_deck":["Defend_G","Defend_G","Defend_G","Defend_G","Survivor","Neutralize+1","Corpse Explosion+1","Masterful Stab","Expertise","Backstab","Deadly Poison+1","Concentrate","Malaise+1","Crippling Poison+1","Prepared+1","Backflip","Dash","Cloak And Dagger","Outmaneuver+1","Heel Hook+1","Choke+1","Necronomicurse","Glass Knife","Tactician+1","Infinite Blades+1","Blade Dance+1","Calculated Gamble","Riddle With Holes+1","Terror","Noxious Fumes+1","Tools of the Trade+1","Caltrops+1"],"relics":["Ring of the Snake","SsserpentHead","Gremlin Horn","Ornamental Fan","The Courier","Centennial Puzzle","Runic Pyramid","Pear","Shuriken","Peace Pipe","Anchor","Necronomicon","Pantograph","Fusion Hammer","Membership Card","Frozen Egg 2","Sundial","Happy Flower","ClockworkSouvenir","Pen Nib","StoneCalendar"],"potions_floor_usage":[13,16,27,33,41,50,55],"damage_taken":[{"damage":0,"enemies":"Jaw Worm","floor":1,"turns":5},{"damage":0,"enemies":"2 Louse","floor":3,"turns":2},{"damage":0,"enemies":"Cultist","floor":5,"turns":4},{"damage":33,"enemies":"Gremlin Nob","floor":6,"turns":5},{"damage":0,"enemies":"Lots of Slimes","floor":7,"turns":1},{"damage":0,"enemies":"3 Sentries","floor":13,"turns":2},{"damage":2,"enemies":"Blue Slaver","floor":14,"turns":2},{"damage":13,"enemies":"Slime Boss","floor":16,"turns":7},{"damage":0,"enemies":"Chosen","floor":18,"turns":4},{"damage":2,"enemies":"Spheric Guardian","floor":19,"turns":4},{"damage":7,"enemies":"Shelled Parasite and Fungi","floor":20,"turns":5},{"damage":0,"enemies":"Centurion and Healer","floor":24,"turns":5},{"damage":8,"enemies":"Snake Plant","floor":25,"turns":5},{"damage":5,"enemies":"Gremlin Leader","floor":27,"turns":7},{"damage":0,"enemies":"Snecko","floor":28,"turns":6},{"damage":4,"enemies":"Automaton","floor":33,"turns":8},{"damage":0,"enemies":"3 Shapes","floor":35,"turns":3},{"damage":0,"enemies":"3 Darklings","floor":36,"turns":2},{"damage":0,"enemies":"Nemesis","floor":41,"turns":5},{"damage":0,"enemies":"Writhing Mass","floor":42,"turns":4},{"damage":0,"enemies":"4 Shapes","floor":44,"turns":2},{"damage":0,"enemies":"Transient","floor":45,"turns":5},{"damage":0,"enemies":"3 Darklings","floor":48,"turns":2},{"damage":2,"enemies":"Time Eater","floor":50,"turns":6},{"damage":7,"enemies":"Shield and Spear","floor":54,"turns":4},{"damage":31,"enemies":"The Heart","floor":55,"turns":7}],"seed_played":"-1838931738814286497","potions_obtained":[{"floor":1,"key":"Dexterity Potion"},{"floor":6,"key":"LiquidBronze"},{"floor":7,"key":"AttackPotion"},{"floor":13,"key":"Block Potion"},{"floor":19,"key":"AttackPotion"},{"floor":25,"key":"Energy Potion"},{"floor":27,"key":"SkillPotion"},{"floor":28,"key":"Swift Potion"},{"floor":36,"key":"GamblersBrew"},{"floor":44,"key":"Block Potion"}],"is_trial":false,"path_per_floor":["M","?","M","?","M","E","M","$","T","R","?","R","E","M","R","B",null,"M","M","M","?","?","R","M","M","T","E","M","$","?","?","R","B",null,"M","M","?","$","?","R","E","M","T","M","M","R","$","M","R","B",null,"R","$","E","B",null],"character_chosen":"THE_SILENT","items_purchased":["Deadly Poison","Peace Pipe","Choke","Anchor","Membership Card","Frozen Egg 2","Sundial","Infinite Blades+1","Noxious Fumes+1","ClockworkSouvenir","Pen Nib","Caltrops+1","PowerPotion"],"campfire_rested":0,"item_purchase_floors":[8,29,29,29,38,38,38,38,47,47,47,53,53],"current_hp_per_floor":[70,70,70,70,70,37,37,37,37,37,37,37,37,35,35,22,70,70,68,61,61,61,61,61,53,63,58,58,58,42,42,42,63,80,80,80,80,80,80,80,80,80,80,80,80,80,80,80,80,78,80,80,80,73,49],"gold":51,"neow_bonus":"THREE_RARE_CARDS","is_prod":false,"is_daily":false,"chose_seed":false,"campfire_upgraded":5,"win_rate":0,"timestamp":1560371956,"path_taken":["M","?","M","?","?","E","M","?","T","R","?","R","E","?","R","BOSS","M","?","M","?","?","R","?","M","T","E","M","$","?","?","R","BOSS","M","M","?","$","?","R","E","M","T","?","M","R","$","M","R","BOSS","R","$","E","BOSS"],"build_version":"2019-01-23","purchased_purges":2,"victory":true,"max_hp_per_floor":[70,70,70,70,70,70,70,70,70,70,70,70,70,70,70,70,70,70,70,70,70,70,70,70,70,80,80,80,80,80,80,80,80,80,80,80,80,80,80,80,80,80,80,80,80,80,80,80,80,80,80,80,80,80,80],"card_choices":[{"not_picked":["Storm of Steel","Unload"],"picked":"Corpse Explosion","floor":0},{"not_picked":["Quick Slash","Slice"],"picked":"Well Laid Plans","floor":1},{"not_picked":["Deflect","Blade Dance"],"picked":"Masterful Stab","floor":3},{"not_picked":["Underhanded Strike","Dodge and Roll"],"picked":"Expertise","floor":5},{"not_picked":["Venomology","Reflex"],"picked":"Backstab","floor":6},{"not_picked":["Dodge and Roll","Blade Dance","Quick Slash"],"picked":"SKIP","floor":7},{"not_picked":["Slice","Underhanded Strike"],"picked":"Concentrate","floor":13},{"not_picked":["Finisher","Sucker Punch","Outmaneuver"],"picked":"SKIP","floor":14},{"not_picked":["Night Terror","Glass Knife"],"picked":"Malaise","floor":16},{"not_picked":["Heel Hook","Dodge and Roll"],"picked":"Crippling Poison+1","floor":18},{"not_picked":["Sucker Punch","Underhanded Strike"],"picked":"Prepared+1","floor":19},{"not_picked":["Slice","Cloak And Dagger"],"picked":"Backflip","floor":20},{"not_picked":["Prepared+1","Blur"],"picked":"Outmaneuver+1","floor":24},{"not_picked":["Dash","Backflip"],"picked":"Heel Hook+1","floor":25},{"not_picked":["Quick Slash","Dodge and Roll+1","Bullet Time"],"picked":"SKIP","floor":27},{"not_picked":["Deadly Poison","Sucker Punch","Terror"],"picked":"SKIP","floor":28},{"not_picked":["Die Die Die","Corpse Explosion"],"picked":"Glass Knife","floor":33},{"not_picked":["Outmaneuver","Skewer+1"],"picked":"Tactician+1","floor":35},{"not_picked":["Prepared","Blade Dance","Slice+1"],"picked":"SKIP","floor":36},{"not_picked":["Outmaneuver","Slice"],"picked":"Blade Dance+1","floor":41},{"not_picked":["Terror","Dodge and Roll+1"],"picked":"Calculated Gamble","floor":42},{"not_picked":["Blade Dance","Deadly Poison"],"picked":"Riddle With Holes+1","floor":44},{"not_picked":["Outmaneuver+1","Masterful Stab"],"picked":"Terror","floor":45},{"not_picked":["Reflex+1","All Out Attack"],"picked":"Tools of the Trade+1","floor":48},{"not_picked":["Distraction","Backstab","Wraith Form v2+1"],"picked":"SKIP","floor":54}],"player_experience":1592002,"relics_obtained":[{"floor":6,"key":"Gremlin Horn"},{"floor":9,"key":"Ornamental Fan"},{"floor":13,"key":"Centennial Puzzle"},{"floor":26,"key":"Pear"},{"floor":27,"key":"Shuriken"},{"floor":30,"key":"Necronomicon"},{"floor":41,"key":"Happy Flower"},{"floor":54,"key":"StoneCalendar"}],"event_choices":[{"damage_healed":0,"gold_gain":0,"player_choice":"Ignored","damage_taken":0,"max_hp_gain":0,"max_hp_loss":0,"event_name":"Liars Game","floor":2,"gold_loss":0},{"damage_healed":0,"gold_gain":0,"player_choice":"Trade","damage_taken":0,"relics_obtained":["SsserpentHead"],"max_hp_gain":0,"max_hp_loss":0,"event_name":"FaceTrader","floor":4,"gold_loss":0},{"damage_healed":0,"gold_gain":0,"player_choice":"Gave Potion","damage_taken":0,"relics_obtained":["The Courier"],"max_hp_gain":0,"max_hp_loss":0,"event_name":"WeMeetAgain","floor":11,"gold_loss":0},{"damage_healed":0,"gold_gain":0,"cards_transformed":["Strike_G","Strike_G"],"player_choice":"Became Test Subject","damage_taken":0,"max_hp_gain":0,"max_hp_loss":0,"event_name":"Drug Dealer","floor":21,"gold_loss":0,"cards_obtained":["Dash","Cloak And Dagger"]},{"damage_healed":0,"gold_gain":100,"player_choice":"Bet on Murderer","damage_taken":0,"max_hp_gain":0,"max_hp_loss":0,"event_name":"The Joust","floor":22,"gold_loss":50},{"damage_healed":0,"gold_gain":0,"player_choice":"Obtained Book","damage_taken":16,"max_hp_gain":0,"max_hp_loss":0,"event_name":"Cursed Tome","floor":30,"gold_loss":0},{"damage_healed":0,"gold_gain":0,"player_choice":"Obtained Relic","damage_taken":0,"relics_obtained":["Pantograph"],"max_hp_gain":0,"max_hp_loss":0,"event_name":"Addict","floor":31,"gold_loss":85},{"damage_healed":0,"gold_gain":0,"player_choice":"Memory 1","damage_taken":0,"max_hp_gain":0,"max_hp_loss":0,"event_name":"SensoryStone","floor":37,"gold_loss":0},{"damage_healed":0,"gold_gain":0,"player_choice":"Bought 0 Potions","damage_taken":0,"max_hp_gain":0,"max_hp_loss":0,"event_name":"The Woman in Blue","floor":39,"gold_loss":0}],"is_beta":false,"boss_relics":[{"not_picked":["Eternal Feather","Astrolabe"],"picked":"Runic Pyramid"},{"not_picked":["White Beast Statue","Tiny House"],"picked":"Fusion Hammer"}],"items_purged_floors":[8,29],"is_endless":false,"potions_floor_spawned":[1,6,7,13,19,25,27,28,36,44,48],"ascension_level":0}