{"gold_per_floor":[111,71,87,103,120,149,149,177,247,1,1,1,28,44,44,44],"floor_reached":16,"playtime":686,"items_purged":[],"score":211,"play_id":"1b1c5f46-67a6-40fc-ba58-8a5d68687a09","local_time":"20191024190509","is_ascension_mode":true,"campfire_choices":[{"floor":7,"key":"REST"},{"data":"Whirlwind","floor":12,"key":"SMITH"},{"floor":15,"key":"REST"}],"neow_cost":"NONE","seed_source_timestamp":0,"circlet_count":0,"master_deck":["AscendersBane","Strike_R","Strike_R","Strike_R","Strike_R","Strike_R","Defend_R","Defend_R","Defend_R","Defend_R","Bash","Burning Pact","Rampage","Disarm","Whirlwind+1","Pummel","Uppercut","Flex","Pommel Strike","Ghostly Armor"],"special_seed":0,"relics":["Burning Blood","NeowsBlessing","Vajra","Mango","Shuriken","OrangePellets","Bronze Scales"],"potions_floor_usage":[5,8,14,16],"damage_taken":[{"damage":0.0,"enemies":"Jaw Worm","floor":1.0,"turns":1.0},{"damage":0,"enemies":"Cultist","floor":3,"turns":1},{"damage":0,"enemies":"2 Louse","floor":4,"turns":1},{"damage":28,"enemies":"Exordium Thugs","floor":5,"turns":6},{"damage":45,"enemies":"Lagavulin","floor":6,"turns":9},{"damage":10,"enemies":"3 Sentries","floor":8,"turns":4},{"damage":39,"enemies":"Lagavulin","floor":13,"turns":6},{"damage":11,"enemies":"Looter","floor":14,"turns":2},{"damage":58,"enemies":"Slime Boss","floor":16,"turns":10}],"seed_played":"1511375457114193116","potions_obtained":[{"floor":2.0,"key":"Ancient Potion"},{"floor":2.0,"key":"GamblersBrew"},{"floor":3,"key":"SkillPotion"},{"floor":4,"key":"Fire Potion"},{"floor":8,"key":"SpeedPotion"},{"floor":13,"key":"Fruit Juice"},{"floor":14,"key":"Block Potion"}],"is_trial":false,"path_per_floor":["M","?","M","M","M","E","R","E","T","$","$","R","E","M","R","B"],"character_chosen":"IRONCLAD","items_purchased":["OrangePellets","Flex"],"campfire_rested":2,"item_purchase_floors":[10,10],"current_hp_per_floor":[78,78,80,80,58,19,43,53,53,53,53,53,20,20,49,0],"gold":44,"neow_bonus":"THREE_ENEMY_KILL","is_prod":false,"is_daily":false,"chose_seed":false,"campfire_upgraded":1,"win_rate":0,"timestamp":1571969109,"path_taken":["M","?","M","?","M","E","R","E","T","?","$","R","E","M","R","BOSS"],"build_version":"2019-07-17","purchased_purges":0,"victory":false,"max_hp_per_floor":[80,80,80,80,80,80,80,94,94,94,94,94,94,99,99,99],"card_choices":[{"not_picked":["Flex","Reckless Charge"],"picked":"Burning Pact","floor":1.0},{"not_picked":["Sword Boomerang","Rupture"],"picked":"Rampage","floor":3},{"not_picked":["Inflame","Ghostly Armor"],"picked":"Disarm","floor":4},{"not_picked":["Iron Wave","Bloodletting"],"picked":"Whirlwind","floor":5},{"not_picked":["Shockwave","Iron Wave"],"picked":"Pummel","floor":6},{"not_picked":["Intimidate","Burning Pact"],"picked":"Uppercut","floor":8},{"not_picked":["Clothesline","Clash"],"picked":"Pommel Strike","floor":13},{"not_picked":["Uppercut","Perfected Strike"],"picked":"Ghostly Armor","floor":14}],"player_experience":439337,"relics_obtained":[{"floor":6,"key":"Vajra"},{"floor":8,"key":"Mango"},{"floor":9,"key":"Shuriken"},{"floor":13,"key":"Bronze Scales"}],"event_choices":[{"damage_healed":0.0,"max_hp_gain":0.0,"max_hp_loss":0.0,"gold_gain":0.0,"event_name":"The Woman in Blue","player_choice":"Bought 3 Potions","floor":2.0,"gold_loss":0.0,"damage_taken":0.0}],"is_beta":false,"boss_relics":[],"items_purged_floors":[],"is_endless":false,"potions_floor_spawned":[3,4,8,13,14],"killed_by":"Slime Boss","ascension_level":11}