{"gold_per_floor":[116,129,129,143,143,143,176,190,190,102,102,115,115,126,126,226,226,244,244,171,183,200,228,228,248,248,248,347,347,365,365],"floor_reached":31,"playtime":853,"items_purged":["Corruption","Defend_R"],"score":296,"play_id":"b3ee8f5d-5b1e-4c40-8c9a-5bd35ac40b73","local_time":"20190414010057","is_ascension_mode":true,"campfire_choices":[{"data":"True Grit","floor":6,"key":"SMITH"},{"data":"Armaments","floor":15,"key":"SMITH"},{"floor":24,"key":"REST"},{"floor":29,"key":"REST"}],"neow_cost":"PERCENT_DAMAGE","seed_source_timestamp":1838466002037000,"circlet_count":0,"master_deck":["Strike_R+1","Strike_R+1","Strike_R+1","Strike_R+1","Defend_R+1","Defend_R+1","Defend_R+1","Bash","Wild Strike","Armaments+1","Sword Boomerang","True Grit+1","Inflame","Infernal Blade+1","Flex","Armaments","Offering","Shrug It Off","Cleave","Sentinel","Headbutt","Flex","Iron Wave"],"relics":["Burning Blood","Smiling Mask","Letter Opener","Sozu","Champion Belt","Bottled Tornado"],"potions_floor_usage":[7,14,16,16,16,18],"damage_taken":[{"damage":8,"enemies":"Jaw Worm","floor":1,"turns":4},{"damage":0,"enemies":"Cultist","floor":2,"turns":2},{"damage":8,"enemies":"2 Louse","floor":4,"turns":2},{"damage":50,"enemies":"3 Sentries","floor":7,"turns":11},{"damage":39,"enemies":"Exordium Wildlife","floor":8,"turns":9},{"damage":13,"enemies":"Blue Slaver","floor":12,"turns":2},{"damage":0,"enemies":"2 Fungi Beasts","floor":14,"turns":3},{"damage":5,"enemies":"Hexaghost","floor":16,"turns":9},{"damage":6,"enemies":"Spheric Guardian","floor":18,"turns":2},{"damage":6,"enemies":"Chosen","floor":21,"turns":3},{"damage":25,"enemies":"3 Cultists","floor":22,"turns":4},{"damage":53,"enemies":"Book of Stabbing","floor":23,"turns":6},{"damage":47,"enemies":"Snecko","floor":25,"turns":6},{"damage":30,"enemies":"Sentry and Sphere","floor":30,"turns":4},{"damage":14,"enemies":"Centurion and Healer","floor":31,"turns":1}],"seed_played":"-2418331794492353482","potions_obtained":[{"floor":1,"key":"Swift Potion"},{"floor":4,"key":"Ancient Potion"},{"floor":8,"key":"Energy Potion"},{"floor":12,"key":"Poison Potion"},{"floor":14,"key":"Energy Potion"},{"floor":16,"key":"Fire Potion"}],"is_trial":false,"path_per_floor":["M","M","?","M","?","R","E","M","T","$","?","M","?","M","R","B",null,"M","?","$","M","M","E","R","M","T","?","?","R","M","M"],"character_chosen":"IRONCLAD","items_purchased":["Infernal Blade","Cleave"],"campfire_rested":2,"item_purchase_floors":[10,20],"current_hp_per_floor":[54,60,90,88,88,88,44,11,11,11,41,34,34,40,40,41,90,90,90,90,90,71,24,51,10,10,10,10,37,13,0],"gold":365,"neow_bonus":"THREE_RARE_CARDS","is_prod":false,"is_daily":false,"chose_seed":false,"campfire_upgraded":2,"win_rate":0,"timestamp":1555192857,"path_taken":["M","M","?","?","?","R","E","M","T","$","?","?","?","M","R","BOSS","M","?","$","M","M","E","R","?","T","?","?","R","M","M"],"build_version":"2019-01-23","purchased_purges":2,"victory":false,"max_hp_per_floor":[80,80,90,90,90,90,90,90,90,90,90,90,90,90,90,90,90,90,90,90,90,90,90,90,90,90,90,90,90,90,90],"card_choices":[{"not_picked":["Reaper","Impervious"],"picked":"Demon Form","floor":0},{"not_picked":["Combust","Whirlwind"],"picked":"Wild Strike","floor":1},{"not_picked":["Uppercut","Headbutt"],"picked":"Armaments","floor":2},{"not_picked":["Heavy Blade","Clothesline"],"picked":"Sword Boomerang","floor":4},{"not_picked":["Pommel Strike","Metallicize"],"picked":"Corruption","floor":7},{"not_picked":["Rage","Havoc"],"picked":"Inflame","floor":8},{"not_picked":["Offering","Twin Strike"],"picked":"Flex","floor":12},{"not_picked":["Dropkick","Corruption"],"picked":"Armaments","floor":14},{"not_picked":["Reaper","Berserk"],"picked":"Offering","floor":16},{"not_picked":["Clash","Flex"],"picked":"Shrug It Off","floor":18},{"not_picked":["Headbutt","Anger+1"],"picked":"Sentinel","floor":21},{"not_picked":["Entrench","Rupture"],"picked":"Headbutt","floor":22},{"not_picked":["Clothesline","Bludgeon"],"picked":"Flex","floor":23},{"not_picked":["Inflame","Sword Boomerang"],"picked":"Iron Wave","floor":25},{"not_picked":["Carnage","Perfected Strike","Sword Boomerang+1"],"picked":"SKIP","floor":30}],"player_experience":282268,"relics_obtained":[{"floor":7,"key":"Smiling Mask"},{"floor":9,"key":"Letter Opener"},{"floor":23,"key":"Champion Belt"},{"floor":26,"key":"Bottled Tornado"}],"event_choices":[{"cards_removed":["Demon Form"],"damage_healed":20,"gold_gain":0,"player_choice":"Offered Rare","damage_taken":0,"max_hp_gain":10,"max_hp_loss":0,"event_name":"Bonfire Elementals","floor":3,"gold_loss":0},{"damage_healed":0,"gold_gain":0,"cards_transformed":["Strike_R"],"player_choice":"Change","damage_taken":0,"max_hp_gain":0,"max_hp_loss":0,"event_name":"Living Wall","floor":5,"gold_loss":0,"cards_obtained":["True Grit"]},{"damage_healed":30,"gold_gain":0,"player_choice":"Banana","damage_taken":0,"max_hp_gain":0,"max_hp_loss":0,"event_name":"Big Fish","floor":11,"gold_loss":0},{"damage_healed":0,"gold_gain":0,"player_choice":"Fled","damage_taken":0,"max_hp_gain":0,"max_hp_loss":0,"event_name":"Scrap Ooze","floor":13,"gold_loss":0},{"damage_healed":0,"gold_gain":0,"player_choice":"Forge","damage_taken":0,"max_hp_gain":0,"max_hp_loss":0,"event_name":"Accursed Blacksmith","floor":19,"gold_loss":0,"cards_upgraded":["Infernal Blade"]},{"damage_healed":0,"gold_gain":0,"player_choice":"Simplicity","damage_taken":0,"max_hp_gain":0,"max_hp_loss":0,"event_name":"Back to Basics","floor":27,"gold_loss":0,"cards_upgraded":["Strike_R","Strike_R","Strike_R","Strike_R","Defend_R","Defend_R","Defend_R"]},{"damage_healed":0,"gold_gain":99,"player_choice":"Stole From Cult","damage_taken":0,"max_hp_gain":0,"max_hp_loss":0,"event_name":"Nest","floor":28,"gold_loss":0}],"is_beta":false,"boss_relics":[{"not_picked":["Runic Dome","Snecko Eye"],"picked":"Sozu"}],"items_purged_floors":[10,20],"is_endless":false,"potions_floor_spawned":[1,4,8,12,14,16,18,23,25,30],"killed_by":"Centurion and Healer","ascension_level":3}