{"gold_per_floor":[111,111,124,124,137,137,12,12,12,12,26,51,51,51,51,153,153,135,135,135,150,150],"floor_reached":22,"playtime":1050,"items_purged":["Strike_B"],"score":200,"play_id":"facf999d-2ff5-42a3-8549-5acd3b4ef089","local_time":"20190921155555","is_ascension_mode":true,"campfire_choices":[{"data":"Sweeping Beam","floor":6,"key":"SMITH"},{"data":"Redo","floor":8,"key":"SMITH"},{"data":"Conserve Battery","floor":13,"key":"SMITH"},{"data":"BootSequence","floor":15,"key":"SMITH"}],"neow_cost":"NONE","seed_source_timestamp":422020398993300,"circlet_count":0,"master_deck":["Strike_B","Strike_B","Strike_B","Defend_B","Defend_B","Defend_B","Defend_B","Zap+1","Dualcast+1","FTL","Turbo","Sweeping Beam+1","Redo+1","Conserve Battery+1","BootSequence+1","Creative AI","Undo","Heatsinks+1"],"relics":["Cracked Core","Gambling Chip","Regal Pillow","Orichalcum","Snecko Eye"],"potions_floor_usage":[12,18],"damage_taken":[{"damage":7,"enemies":"2 Louse","floor":1,"turns":3},{"damage":1,"enemies":"Cultist","floor":3,"turns":3},{"damage":7,"enemies":"Jaw Worm","floor":5,"turns":2},{"damage":0,"enemies":"3 Louse","floor":11,"turns":2},{"damage":7,"enemies":"Gremlin Nob","floor":12,"turns":3},{"damage":27,"enemies":"The Guardian","floor":16,"turns":10},{"damage":17,"enemies":"2 Thieves","floor":18,"turns":4},{"damage":0,"enemies":"Chosen","floor":21,"turns":6},{"damage":59,"enemies":"3 Cultists","floor":22,"turns":4}],"seed_played":"4192264251455454542","potions_obtained":[{"floor":3,"key":"Fire Potion"},{"floor":16,"key":"SteroidPotion"},{"floor":21,"key":"Dexterity Potion"}],"is_trial":false,"path_per_floor":["M","?","M","?","M","R","$","R","T","$","M","E","R","?","R","B",null,"M","?","?","M","M"],"character_chosen":"DEFECT","items_purchased":["Redo"],"campfire_rested":0,"item_purchase_floors":[7],"current_hp_per_floor":[68,68,67,67,60,60,60,60,60,60,60,53,53,58,58,31,80,63,63,48,48,0],"gold":150,"neow_bonus":"UPGRADE_CARD","is_prod":false,"is_daily":false,"chose_seed":false,"campfire_upgraded":4,"win_rate":0,"timestamp":1569106555,"path_taken":["M","?","?","?","?","R","$","R","T","$","M","E","R","?","R","BOSS","M","?","?","M","?"],"build_version":"2019-07-17","purchased_purges":1,"victory":false,"max_hp_per_floor":[75,75,75,75,75,75,75,75,75,75,75,75,75,80,80,80,80,80,80,85,85,85],"card_choices":[{"not_picked":["Leap","Gash"],"picked":"FTL","floor":1},{"not_picked":["Chaos","Gash"],"picked":"Turbo","floor":3},{"not_picked":["Consume","Compile Driver"],"picked":"Sweeping Beam","floor":5},{"not_picked":["Fusion","Machine Learning"],"picked":"Conserve Battery","floor":11},{"not_picked":["Rebound","Chaos"],"picked":"BootSequence","floor":12},{"not_picked":["Buffer","Hyperbeam"],"picked":"Creative AI","floor":16},{"not_picked":["Redo","Lockon"],"picked":"Undo","floor":18},{"not_picked":["Beam Cell","Compile Driver"],"picked":"Heatsinks+1","floor":21}],"player_experience":159733,"relics_obtained":[{"floor":4,"key":"Gambling Chip"},{"floor":9,"key":"Regal Pillow"},{"floor":12,"key":"Orichalcum"}],"event_choices":[{"damage_healed":0,"gold_gain":0,"player_choice":"Forge","damage_taken":0,"max_hp_gain":0,"max_hp_loss":0,"event_name":"Accursed Blacksmith","floor":2,"gold_loss":0,"cards_upgraded":["Dualcast"]},{"damage_healed":0,"gold_gain":0,"player_choice":"Relic","damage_taken":0,"max_hp_gain":0,"max_hp_loss":0,"event_name":"Wheel of Change","floor":4,"gold_loss":0},{"damage_healed":0,"gold_gain":0,"player_choice":"Donut","damage_taken":0,"max_hp_gain":5,"max_hp_loss":0,"event_name":"Big Fish","floor":14,"gold_loss":0},{"damage_healed":0,"gold_gain":0,"player_choice":"Ignored","damage_taken":0,"max_hp_gain":0,"max_hp_loss":0,"event_name":"Ghosts","floor":19,"gold_loss":0},{"damage_healed":0,"gold_gain":0,"player_choice":"Shed Blood","damage_taken":20,"max_hp_gain":5,"max_hp_loss":0,"event_name":"Forgotten Altar","floor":20,"gold_loss":0}],"is_beta":false,"boss_relics":[{"not_picked":["Velvet Choker","Coffee Dripper"],"picked":"Snecko Eye"}],"items_purged_floors":[7],"is_endless":false,"potions_floor_spawned":[3,16,21],"killed_by":"3 Cultists","ascension_level":2}