{"gold_per_floor":[113,113,136,161,6,42,42,62,62,62,96,117,135,171,171,290,290,303,324,249,270,92,125,125,164,215,239,114,114,133,174,174,304,304,319,319,333,333,31,65,89,122,122,155,155,155,195,295,295,295],"floor_reached":51,"playtime":2178,"items_purged":["Pain","Strike_R","Strike_R"],"score":959,"play_id":"562096ff-7170-4967-9c4e-d8eb782c6868","local_time":"20190928121800","is_ascension_mode":true,"campfire_choices":[{"data":"Juggernaut","floor":15,"key":"SMITH"},{"data":"Whirlwind","floor":24,"key":"SMITH"},{"floor":29,"key":"REST"},{"data":"Bash","floor":32,"key":"SMITH"},{"data":"Strike_R","floor":45,"key":"PURGE"},{"data":"Strike_R","floor":49,"key":"PURGE"}],"neow_cost":"PERCENT_DAMAGE","seed_source_timestamp":1158511983339000,"circlet_count":0,"master_deck":["Defend_R","Defend_R","Defend_R","Defend_R","Bash+1","Heavy Blade","Thunderclap","Immolate","Shrug It Off","Clothesline","Feed","Juggernaut+1","Impervious","Headbutt+1","Shrug It Off+1","Inflame+1","Reckless Charge+1","Whirlwind+1","Spot Weakness","Metallicize","Rage+1","Sword Boomerang","Battle Trance","Double Tap","Reaper","Flame Barrier","Offering","Dual Wield+1","Evolve"],"relics":["Burning Blood","Golden Idol","Lantern","WarpedTongs","Pantograph","Unceasing Top","StoneCalendar","Astrolabe","Red Skull","Ornamental Fan","Dream Catcher","White Beast Statue","Velvet Choker","Mercury Hourglass","TheAbacus","Bronze Scales","Peace Pipe","Bag of Marbles","Paper Frog"],"potions_floor_usage":[14,16,23,27,33,33,44,44,50],"damage_taken":[{"damage":0,"enemies":"Small Slimes","floor":1,"turns":4},{"damage":6,"enemies":"2 Louse","floor":3,"turns":2},{"damage":1,"enemies":"Cultist","floor":4,"turns":4},{"damage":31,"enemies":"Lagavulin","floor":6,"turns":5},{"damage":7,"enemies":"2 Fungi Beasts","floor":8,"turns":3},{"damage":15,"enemies":"3 Sentries","floor":11,"turns":5},{"damage":2,"enemies":"Red Slaver","floor":12,"turns":3},{"damage":11,"enemies":"Gremlin Gang","floor":13,"turns":4},{"damage":7,"enemies":"Gremlin Nob","floor":14,"turns":3},{"damage":22,"enemies":"Hexaghost","floor":16,"turns":7},{"damage":13,"enemies":"Shell Parasite","floor":18,"turns":5},{"damage":13,"enemies":"2 Thieves","floor":19,"turns":4},{"damage":16,"enemies":"Cultist and Chosen","floor":21,"turns":5},{"damage":35,"enemies":"Slavers","floor":23,"turns":4},{"damage":23,"enemies":"Gremlin Leader","floor":25,"turns":6},{"damage":4,"enemies":"Shelled Parasite and Fungi","floor":27,"turns":3},{"damage":3,"enemies":"Centurion and Healer","floor":30,"turns":5},{"damage":13,"enemies":"Slavers","floor":31,"turns":4},{"damage":59,"enemies":"Collector","floor":33,"turns":7},{"damage":1,"enemies":"Orb Walker","floor":35,"turns":4},{"damage":3,"enemies":"3 Shapes","floor":37,"turns":2},{"damage":19,"enemies":"Giant Head","floor":40,"turns":8},{"damage":29,"enemies":"3 Darklings","floor":41,"turns":4},{"damage":21,"enemies":"Reptomancer","floor":42,"turns":6},{"damage":24,"enemies":"Nemesis","floor":44,"turns":7},{"damage":6,"enemies":"Reptomancer","floor":47,"turns":5},{"damage":34,"enemies":"Time Eater","floor":50,"turns":11}],"seed_played":"2594296641789334773","potions_obtained":[{"floor":8,"key":"Weak Potion"},{"floor":12,"key":"Strength Potion"},{"floor":13,"key":"DuplicationPotion"},{"floor":16,"key":"Strength Potion"},{"floor":18,"key":"Regen Potion"},{"floor":31,"key":"AttackPotion"},{"floor":33,"key":"Regen Potion"},{"floor":35,"key":"AttackPotion"},{"floor":37,"key":"PowerPotion"},{"floor":40,"key":"Regen Potion"},{"floor":42,"key":"LiquidBronze"},{"floor":44,"key":"Swift Potion"},{"floor":47,"key":"Ancient Potion"}],"is_trial":false,"path_per_floor":["M","?","M","M","$","E","?","M","T","?","E","M","M","E","R","B",null,"M","M","$","M","$","E","R","E","T","M","$","R","M","E","R","B",null,"M","?","M","T","$","E","M","E","T","E","R","?","E","?","R","B",null],"character_chosen":"IRONCLAD","items_purchased":["Immolate","Metallicize","Offering","TheAbacus"],"campfire_rested":1,"item_purchase_floors":[5,22,39,39],"current_hp_per_floor":[78,78,78,83,83,58,58,57,57,57,48,52,47,46,46,55,89,82,78,78,68,68,39,39,26,26,37,37,65,72,68,68,40,103,103,103,103,103,103,98,78,63,63,91,91,91,98,98,98,73],"gold":295,"neow_bonus":"TWENTY_PERCENT_HP_BONUS","is_prod":false,"is_daily":false,"chose_seed":false,"campfire_upgraded":3,"win_rate":0,"timestamp":1569669480,"path_taken":["M","?","M","M","$","E","?","?","T","?","E","M","?","E","R","BOSS","M","?","$","M","$","E","R","E","T","M","$","R","M","E","R","BOSS","M","?","M","?","$","E","M","E","T","E","R","?","E","?","R","BOSS"],"build_version":"2019-09-27","purchased_purges":3,"victory":true,"max_hp_per_floor":[96,89,89,89,89,89,89,89,89,89,89,89,89,89,89,89,89,89,92,92,92,92,92,92,96,96,96,96,96,100,103,103,103,103,103,103,103,103,103,103,106,106,106,106,106,101,101,101,101,101],"card_choices":[{"not_picked":["Warcry","Perfected Strike"],"picked":"Heavy Blade","floor":1},{"not_picked":["Pummel","Fire Breathing"],"picked":"Thunderclap","floor":3},{"not_picked":["Body Slam","Fire Breathing"],"picked":"Perfected Strike","floor":4},{"not_picked":["Thunderclap","Reckless Charge"],"picked":"Perfected Strike","floor":6},{"not_picked":["Havoc","Cleave"],"picked":"Shrug It Off","floor":8},{"not_picked":["Heavy Blade","Sever Soul","Second Wind"],"picked":"SKIP","floor":11},{"not_picked":["Twin Strike","Thunderclap"],"picked":"Clothesline","floor":12},{"not_picked":["Thunderclap","Combust"],"picked":"Feed","floor":13},{"not_picked":["Anger","Juggernaut","Cleave"],"picked":"SKIP","floor":14},{"not_picked":["Anger","Cleave"],"picked":"Juggernaut","floor":14},{"not_picked":["Limit Break","Bludgeon"],"picked":"Impervious","floor":16},{"not_picked":["Twin Strike","Flex"],"picked":"Reckless Charge+1","floor":18},{"not_picked":["Combust","Perfected Strike"],"picked":"Whirlwind","floor":19},{"not_picked":["Perfected Strike","Clothesline"],"picked":"Spot Weakness","floor":21},{"not_picked":["Dual Wield","Clash+1","Shockwave"],"picked":"SKIP","floor":23},{"not_picked":["Brutality","Twin Strike"],"picked":"Rage+1","floor":25},{"not_picked":["Spot Weakness","Clash+1"],"picked":"Sword Boomerang","floor":27},{"not_picked":["Offering","Wild Strike"],"picked":"Battle Trance","floor":30},{"not_picked":["Clothesline","Iron Wave"],"picked":"Double Tap","floor":31},{"not_picked":["Juggernaut","Double Tap"],"picked":"Reaper","floor":33},{"not_picked":["Clothesline","Pummel","Heavy Blade+1"],"picked":"SKIP","floor":35},{"not_picked":["Perfected Strike+1","Headbutt"],"picked":"Flame Barrier","floor":37},{"not_picked":["Warcry+1","Havoc+1","Pummel+1"],"picked":"SKIP","floor":40},{"not_picked":["Warcry+1","Havoc+1","Pummel+1"],"picked":"SKIP","floor":40},{"not_picked":["Carnage+1","Clash+1"],"picked":"Dual Wield+1","floor":41},{"not_picked":["Thunderclap+1","Perfected Strike","Metallicize"],"picked":"SKIP","floor":42},{"not_picked":["Sword Boomerang+1","Havoc"],"picked":"Evolve","floor":44},{"not_picked":["Clothesline","Thunderclap+1","Twin Strike+1"],"picked":"SKIP","floor":47}],"player_experience":1570077,"relics_obtained":[{"floor":6,"key":"Lantern"},{"floor":9,"key":"Pantograph"},{"floor":11,"key":"Unceasing Top"},{"floor":14,"key":"StoneCalendar"},{"floor":23,"key":"Red Skull"},{"floor":25,"key":"Ornamental Fan"},{"floor":26,"key":"Dream Catcher"},{"floor":31,"key":"White Beast Statue"},{"floor":38,"key":"Mercury Hourglass"},{"floor":40,"key":"Bronze Scales"},{"floor":42,"key":"Peace Pipe"},{"floor":44,"key":"Bag of Marbles"},{"floor":47,"key":"Paper Frog"}],"event_choices":[{"damage_healed":0,"gold_gain":0,"player_choice":"Lose Max HP","damage_taken":0,"relics_obtained":["Golden Idol"],"max_hp_gain":0,"max_hp_loss":7,"event_name":"Golden Idol","floor":2,"gold_loss":0},{"damage_healed":0,"gold_gain":0,"player_choice":"Rummage","damage_taken":0,"relics_obtained":["WarpedTongs"],"max_hp_gain":0,"max_hp_loss":0,"event_name":"Accursed Blacksmith","floor":7,"gold_loss":0,"cards_obtained":["Pain"]},{"damage_healed":0,"gold_gain":0,"player_choice":"0 cards matched","damage_taken":0,"max_hp_gain":0,"max_hp_loss":0,"event_name":"Match and Keep!","floor":10,"gold_loss":0,"cards_obtained":[]},{"damage_healed":0,"gold_gain":0,"player_choice":"Ignored","damage_taken":0,"max_hp_gain":0,"max_hp_loss":0,"event_name":"Tomb of Lord Red Mask","floor":36,"gold_loss":0},{"damage_healed":0,"gold_gain":0,"player_choice":"Max HP","damage_taken":0,"max_hp_gain":0,"max_hp_loss":5,"event_name":"Winding Halls","floor":46,"gold_loss":0},{"damage_healed":0,"gold_gain":100,"player_choice":"Pray","damage_taken":0,"max_hp_gain":0,"max_hp_loss":0,"event_name":"Golden Shrine","floor":48,"gold_loss":0}],"is_beta":true,"boss_relics":[{"not_picked":["Ectoplasm","Pandora\u0027s Box"],"picked":"Astrolabe"},{"not_picked":["SlaversCollar","Mark of Pain"],"picked":"Velvet Choker"}],"items_purged_floors":[20,22,28],"is_endless":false,"potions_floor_spawned":[8,12,13,16,18,19,21,31,33,35,37,40,41,42,44,47],"ascension_level":1}