{"gold_per_floor":[110,185,205,205,221,221,255,255,255,8,33,44,56,56],"floor_reached":14,"playtime":661,"items_purged":["Strike_R"],"score":155,"play_id":"ba59bbf7-330f-4147-a6bf-cb11574a6e0e","local_time":"20191024185254","is_ascension_mode":true,"campfire_choices":[{"data":"Whirlwind","floor":6,"key":"SMITH"},{"data":"Clothesline","floor":8,"key":"SMITH"}],"neow_cost":"NONE","seed_source_timestamp":609054836078100,"circlet_count":0,"master_deck":["AscendersBane","Strike_R","Strike_R","Strike_R","Defend_R","Defend_R","Defend_R","Defend_R+1","Bash+1","Evolve","Whirlwind+1","Inflame","Twin Strike","Clothesline+1","Shrug It Off+1","Shockwave","Pommel Strike","Warcry"],"relics":["Burning Blood","Sundial","Question Card","Regal Pillow","War Paint"],"potions_floor_usage":[7,12,13],"damage_taken":[{"damage":5,"enemies":"Small Slimes","floor":1,"turns":4},{"damage":1,"enemies":"Cultist","floor":3,"turns":4},{"damage":8,"enemies":"Jaw Worm","floor":5,"turns":5},{"damage":37,"enemies":"Lagavulin","floor":7,"turns":7},{"damage":30,"enemies":"Gremlin Nob","floor":11,"turns":5},{"damage":8,"enemies":"Large Slime","floor":12,"turns":5},{"damage":7,"enemies":"Exordium Wildlife","floor":13,"turns":4},{"damage":9,"enemies":"Blue Slaver","floor":14,"turns":1}],"seed_played":"648369315626941634","potions_obtained":[{"floor":1,"key":"GamblersBrew"},{"floor":5,"key":"AttackPotion"},{"floor":7,"key":"Strength Potion"},{"floor":13,"key":"Weak Potion"}],"is_trial":false,"path_per_floor":["M","?","M","?","M","R","E","R","T","$","E","M","M","M"],"character_chosen":"IRONCLAD","items_purchased":["Shrug It Off","Regal Pillow"],"campfire_rested":0,"item_purchase_floors":[10,10],"current_hp_per_floor":[73,62,67,67,65,65,34,34,34,34,10,8,7,0],"gold":56,"neow_bonus":"UPGRADE_CARD","is_prod":false,"is_daily":false,"chose_seed":false,"campfire_upgraded":2,"win_rate":0,"timestamp":1571968374,"path_taken":["M","?","M","?","M","R","E","R","T","$","E","M","M","M"],"build_version":"2019-07-17","purchased_purges":1,"victory":false,"max_hp_per_floor":[80,80,80,80,80,80,80,80,80,80,80,80,80,80],"card_choices":[{"not_picked":["Heavy Blade","Shrug It Off"],"picked":"Evolve","floor":1},{"not_picked":["Uppercut","Combust"],"picked":"Whirlwind","floor":3},{"not_picked":["Body Slam","Shrug It Off"],"picked":"Twin Strike","floor":5},{"not_picked":["Pummel","Double Tap"],"picked":"Clothesline","floor":7},{"not_picked":["Iron Wave","Headbutt","Perfected Strike"],"picked":"Shockwave","floor":11},{"not_picked":["Pummel","Armaments","Reckless Charge"],"picked":"Pommel Strike","floor":12},{"not_picked":["Wild Strike","Sword Boomerang","Armaments"],"picked":"Warcry","floor":13}],"player_experience":438676,"relics_obtained":[{"floor":7,"key":"Sundial"},{"floor":9,"key":"Question Card"},{"floor":11,"key":"War Paint"}],"event_choices":[{"damage_healed":0,"gold_gain":75,"player_choice":"Gather Gold","damage_taken":11,"max_hp_gain":0,"max_hp_loss":0,"event_name":"World of Goop","floor":2,"gold_loss":0},{"damage_healed":0,"gold_gain":0,"cards_transformed":["Strike_R"],"player_choice":"Change","damage_taken":0,"max_hp_gain":0,"max_hp_loss":0,"event_name":"Living Wall","floor":4,"gold_loss":0,"cards_obtained":["Inflame"]}],"is_beta":false,"boss_relics":[],"items_purged_floors":[10],"is_endless":false,"potions_floor_spawned":[1,5,7,13],"killed_by":"Blue Slaver","ascension_level":11}