{"gold_per_floor":[119,145,156,231,251,286,286,138,187,205,205,205,205,219,219,321,321,333,333,352,362,378,378,410,119,189,205,221,239,250,260,260,365,365,383,394,394,146,161,161,176,193,193,213,213,213,213,213,213,213],"floor_reached":51,"playtime":3352,"items_purged":[],"score":705,"play_id":"019c0fc4-b18b-4807-a61a-26a189246027","local_time":"20190910183459","is_ascension_mode":false,"campfire_choices":[{"data":"Thunderclap","floor":7,"key":"SMITH"},{"floor":15,"key":"REST"},{"floor":23,"key":"REST"},{"floor":32,"key":"REST"},{"floor":40,"key":"REST"},{"floor":46,"key":"REST"},{"floor":49,"key":"REST"}],"neow_cost":"NONE","seed_source_timestamp":414219658602100,"circlet_count":0,"master_deck":["Strike_R+1","Strike_R+1","Strike_R+1","Strike_R+1","Defend_R+1","Defend_R+1","Defend_R+1","Defend_R+1","Bash+1","Flex+1","Wild Strike","Thunderclap+1","Clothesline+1","Armaments","Havoc+1","Body Slam+1","Twin Strike+1","Twin Strike","Perfected Strike","Pommel Strike","Perfected Strike+1","Warcry+1","Clash+1","Wild Strike+1","Twin Strike+1","Twin Strike+1"],"relics":["Burning Blood","Omamori","Dream Catcher","Oddly Smooth Stone","Lantern","Fusion Hammer","Red Mask","Incense Burner","Mercury Hourglass","Runic Cube","Self Forming Clay","Pear"],"potions_floor_usage":[16,50,50,50],"damage_taken":[{"damage":4,"enemies":"Cultist","floor":1,"turns":4},{"damage":0,"enemies":"Small Slimes","floor":3,"turns":3},{"damage":7,"enemies":"2 Louse","floor":5,"turns":3},{"damage":6,"enemies":"Gremlin Nob","floor":6,"turns":3},{"damage":7,"enemies":"2 Fungi Beasts","floor":10,"turns":3},{"damage":0,"enemies":"Blue Slaver","floor":14,"turns":3},{"damage":72,"enemies":"Slime Boss","floor":16,"turns":19},{"damage":20,"enemies":"Spheric Guardian","floor":18,"turns":4},{"damage":1,"enemies":"3 Byrds","floor":20,"turns":4},{"damage":10,"enemies":"Centurion and Healer","floor":21,"turns":6},{"damage":12,"enemies":"Cultist and Chosen","floor":22,"turns":5},{"damage":15,"enemies":"Masked Bandits","floor":24,"turns":4},{"damage":3,"enemies":"Snake Plant","floor":27,"turns":3},{"damage":0,"enemies":"Chosen and Byrds","floor":28,"turns":4},{"damage":1,"enemies":"Shelled Parasite and Fungi","floor":29,"turns":4},{"damage":6,"enemies":"Centurion and Healer","floor":30,"turns":4},{"damage":0,"enemies":"Chosen and Byrds","floor":31,"turns":3},{"damage":39,"enemies":"Automaton","floor":33,"turns":9},{"damage":16,"enemies":"3 Darklings","floor":35,"turns":4},{"damage":0,"enemies":"Orb Walker","floor":36,"turns":2},{"damage":5,"enemies":"Jaw Worm Horde","floor":39,"turns":3},{"damage":5,"enemies":"Transient","floor":41,"turns":5},{"damage":2,"enemies":"3 Darklings","floor":42,"turns":3},{"damage":3,"enemies":"4 Shapes","floor":44,"turns":3},{"damage":77,"enemies":"Awakened One","floor":50,"turns":16}],"seed_played":"7788225006548351292","potions_obtained":[{"floor":3,"key":"Block Potion"},{"floor":14,"key":"SteroidPotion"},{"floor":22,"key":"Poison Potion"},{"floor":24,"key":"Dexterity Potion"},{"floor":28,"key":"Strength Potion"},{"floor":35,"key":"AttackPotion"}],"is_trial":false,"path_per_floor":["M","T","M","?","M","E","R","$","T","M","?","?","?","M","R","B",null,"M","?","M","M","M","R","?","$","T","M","M","M","M","M","R","B",null,"M","M","?","$","M","R","M","M","T","M","?","R","$","?","R","B",null],"character_chosen":"IRONCLAD","items_purchased":["Oddly Smooth Stone","Incense Burner","Self Forming Clay"],"campfire_rested":6,"item_purchase_floors":[8,25,38],"current_hp_per_floor":[80,80,80,69,68,68,68,68,68,67,51,51,51,57,80,14,80,66,66,71,67,61,80,71,71,71,74,80,80,80,80,80,47,80,70,76,76,76,76,76,76,76,86,86,86,86,86,86,86,15],"gold":213,"neow_bonus":"UPGRADE_CARD","is_prod":false,"is_daily":false,"chose_seed":false,"campfire_upgraded":1,"win_rate":0,"timestamp":1568133299,"path_taken":["M","?","M","?","M","E","R","$","T","M","?","?","?","?","R","BOSS","M","?","M","M","M","R","?","$","T","M","M","M","M","?","R","BOSS","M","M","?","$","M","R","M","M","T","M","?","R","?","?","R","BOSS"],"build_version":"2019-07-17","purchased_purges":0,"victory":true,"max_hp_per_floor":[80,80,80,80,80,80,80,80,80,80,80,80,80,80,80,80,80,80,80,80,80,80,80,80,80,80,80,80,80,80,80,80,80,80,80,80,76,76,76,76,76,76,86,86,86,86,86,86,86,86],"card_choices":[{"not_picked":["Dropkick","Ghostly Armor"],"picked":"Flex","floor":1},{"not_picked":["Infernal Blade","Anger","Body Slam"],"picked":"SKIP","floor":3},{"not_picked":["Dropkick","Heavy Blade"],"picked":"Wild Strike","floor":5},{"not_picked":["Flex","Havoc"],"picked":"Thunderclap","floor":6},{"not_picked":["Immolate","Anger"],"picked":"Clothesline","floor":10},{"not_picked":["Entrench","Rage","Havoc"],"picked":"SKIP","floor":14},{"not_picked":["Body Slam","Hemokinesis"],"picked":"Armaments","floor":15},{"not_picked":["Body Slam","Iron Wave","Burning Pact"],"picked":"SKIP","floor":18},{"not_picked":["Seeing Red","Clothesline"],"picked":"Havoc+1","floor":20},{"not_picked":["Bloodletting+1","Ghostly Armor"],"picked":"Body Slam+1","floor":21},{"not_picked":["Combust","Whirlwind+1"],"picked":"Twin Strike+1","floor":22},{"not_picked":["Battle Trance+1","Spot Weakness","Clothesline"],"picked":"SKIP","floor":27},{"not_picked":["Clothesline","Warcry"],"picked":"Twin Strike","floor":28},{"not_picked":["Uppercut+1","Evolve"],"picked":"Perfected Strike","floor":29},{"not_picked":["Heavy Blade","Havoc+1"],"picked":"Pommel Strike","floor":30},{"not_picked":["Anger","Intimidate"],"picked":"Perfected Strike+1","floor":31},{"not_picked":["Bloodletting","Battle Trance+1"],"picked":"Warcry+1","floor":35},{"not_picked":["Warcry","Seeing Red","Sever Soul"],"picked":"SKIP","floor":36},{"not_picked":["Bloodletting","Blood for Blood+1","Uppercut"],"picked":"SKIP","floor":39},{"not_picked":["Heavy Blade+1","Body Slam"],"picked":"Clash+1","floor":40},{"not_picked":["Clash","Hemokinesis+1","Entrench+1"],"picked":"SKIP","floor":41},{"not_picked":["Rage","True Grit+1"],"picked":"Wild Strike+1","floor":42},{"not_picked":["Offering","Rampage","Body Slam+1"],"picked":"SKIP","floor":44},{"not_picked":["Shockwave+1","Warcry+1"],"picked":"Twin Strike+1","floor":46},{"not_picked":["Body Slam+1","Corruption+1"],"picked":"Twin Strike+1","floor":49}],"player_experience":57673,"relics_obtained":[{"floor":2,"key":"Omamori"},{"floor":6,"key":"Dream Catcher"},{"floor":9,"key":"Lantern"},{"floor":24,"key":"Red Mask"},{"floor":26,"key":"Mercury Hourglass"},{"floor":43,"key":"Pear"}],"event_choices":[{"damage_healed":0,"gold_gain":75,"player_choice":"Gather Gold","damage_taken":11,"max_hp_gain":0,"max_hp_loss":0,"event_name":"World of Goop","floor":4,"gold_loss":0},{"damage_healed":0,"gold_gain":0,"player_choice":"Entered Light","damage_taken":16,"max_hp_gain":0,"max_hp_loss":0,"event_name":"Shining Light","floor":11,"gold_loss":0,"cards_upgraded":["Clothesline","Defend_R"]},{"damage_healed":0,"gold_gain":0,"player_choice":"Grow","damage_taken":0,"max_hp_gain":0,"max_hp_loss":0,"event_name":"Living Wall","floor":12,"gold_loss":0,"cards_upgraded":["Flex"]},{"damage_healed":0,"gold_gain":0,"player_choice":"Leave","damage_taken":0,"max_hp_gain":0,"max_hp_loss":0,"event_name":"The Cleric","floor":13,"gold_loss":0},{"damage_healed":0,"gold_gain":0,"player_choice":"Simplicity","damage_taken":0,"max_hp_gain":0,"max_hp_loss":0,"event_name":"Back to Basics","floor":19,"gold_loss":0,"cards_upgraded":["Strike_R","Strike_R","Strike_R","Strike_R","Strike_R","Defend_R","Defend_R","Defend_R"]},{"damage_healed":0,"gold_gain":0,"player_choice":"Fought Bandits","damage_taken":0,"max_hp_gain":0,"max_hp_loss":0,"event_name":"Masked Bandits","floor":24,"gold_loss":0},{"damage_healed":0,"gold_gain":0,"player_choice":"Max HP","damage_taken":0,"max_hp_gain":0,"max_hp_loss":4,"event_name":"Winding Halls","floor":37,"gold_loss":0},{"cards_removed":["Strike_R"],"damage_healed":0,"gold_gain":0,"player_choice":"Removed Attack","damage_taken":0,"max_hp_gain":0,"max_hp_loss":0,"event_name":"Falling","floor":45,"gold_loss":0},{"damage_healed":0,"gold_gain":0,"player_choice":"Ignored","damage_taken":0,"max_hp_gain":0,"max_hp_loss":0,"event_name":"Mysterious Sphere","floor":48,"gold_loss":0}],"is_beta":false,"boss_relics":[{"not_picked":["Eternal Feather","Busted Crown"],"picked":"Fusion Hammer"},{"not_picked":["Empty Cage","Black Blood"],"picked":"Runic Cube"}],"items_purged_floors":[],"is_endless":false,"potions_floor_spawned":[3,14,22,24,27,28,35,42],"ascension_level":0}