{"gold_per_floor":[214,225,244,244,194,194,194,219,219,22,38,66,66,81,81,178,178,194,194,204,222,147,147,178,178,178,198,209,239,239,254,254,352,352,364,44,94,43,143,177,177,24,50,79,79,90,100,112,112,112,112,112,38,69,69],"floor_reached":55,"playtime":2801,"items_purged":["Strike_G","Dagger Spray"],"score":960,"play_id":"1023890b-8244-4931-b55b-3213ba9d4301","local_time":"20190815194933","is_ascension_mode":true,"campfire_choices":[{"data":"Skewer","floor":6,"key":"SMITH"},{"data":"A Thousand Cuts","floor":13,"key":"SMITH"},{"data":"Neutralize","floor":15,"key":"SMITH"},{"data":"Burst","floor":23,"key":"SMITH"},{"data":"Calculated Gamble","floor":25,"key":"SMITH"},{"data":"Cloak And Dagger","floor":32,"key":"SMITH"},{"floor":45,"key":"RECALL"},{"data":"Acrobatics","floor":49,"key":"SMITH"},{"data":"Backflip","floor":52,"key":"SMITH"}],"neow_cost":"NONE","seed_source_timestamp":36871517860300,"circlet_count":0,"master_deck":["Defend_G+1","Defend_G+1","Defend_G+1","Defend_G+1","Defend_G+1","Survivor","Neutralize+1","Skewer+1","Calculated Gamble+1","Cloak And Dagger+1","Quick Slash","A Thousand Cuts+1","Escape Plan","Burst+1","Setup+1","Adrenaline+1","Choke+1","Backflip+1","Backflip+1","Escape Plan","Acrobatics+1","A Thousand Cuts+1","Caltrops+1","Outmaneuver+1","Acrobatics+1","Deflect+1","Cloak And Dagger+1"],"special_seed":0,"relics":["Ring of the Snake","Paper Crane","Pantograph","Vajra","Sundial","Astrolabe","Blue Candle","Orichalcum","Mummified Hand","PreservedInsect","Philosopher\u0027s Stone","Frozen Egg 2","Torii","Ice Cream","Juzu Bracelet","Strawberry","Art of War"],"potions_floor_usage":[8,21,33,33,33,50,54,55,55],"damage_taken":[{"damage":0.0,"enemies":"2 Louse","floor":1.0,"turns":4.0},{"damage":0.0,"enemies":"Jaw Worm","floor":2.0,"turns":5.0},{"damage":0.0,"enemies":"Cultist","floor":3.0,"turns":4.0},{"damage":35,"enemies":"Lagavulin","floor":8,"turns":6},{"damage":0,"enemies":"Red Slaver","floor":11,"turns":2},{"damage":24,"enemies":"Gremlin Nob","floor":12,"turns":5},{"damage":0,"enemies":"Exordium Wildlife","floor":14,"turns":3},{"damage":19,"enemies":"The Guardian","floor":16,"turns":12},{"damage":4,"enemies":"Shell Parasite","floor":18,"turns":3},{"damage":0,"enemies":"Chosen","floor":20,"turns":3},{"damage":6,"enemies":"Snake Plant","floor":21,"turns":2},{"damage":4,"enemies":"Gremlin Leader","floor":24,"turns":2},{"damage":7,"enemies":"Centurion and Healer","floor":27,"turns":3},{"damage":5,"enemies":"Snecko","floor":28,"turns":3},{"damage":8,"enemies":"Book of Stabbing","floor":29,"turns":4},{"damage":0,"enemies":"Chosen and Byrds","floor":31,"turns":3},{"damage":43,"enemies":"Champ","floor":33,"turns":8},{"damage":0,"enemies":"3 Shapes","floor":35,"turns":2},{"damage":16,"enemies":"2 Orb Walkers","floor":37,"turns":3},{"damage":0,"enemies":"Mind Bloom Boss Battle","floor":39,"turns":4},{"damage":2,"enemies":"Nemesis","floor":40,"turns":5},{"damage":0,"enemies":"Giant Head","floor":44,"turns":4},{"damage":0,"enemies":"Orb Walker","floor":46,"turns":2},{"damage":0,"enemies":"Transient","floor":47,"turns":5},{"damage":0,"enemies":"Jaw Worm Horde","floor":48,"turns":3},{"damage":1,"enemies":"Time Eater","floor":50,"turns":9},{"damage":0,"enemies":"Shield and Spear","floor":54,"turns":2},{"damage":79,"enemies":"The Heart","floor":55,"turns":6}],"seed_played":"554055884811655840","potions_obtained":[{"floor":2.0,"key":"Energy Potion"},{"floor":12,"key":"GamblersBrew"},{"floor":16,"key":"Fire Potion"},{"floor":18,"key":"GamblersBrew"},{"floor":24,"key":"EssenceOfSteel"},{"floor":29,"key":"AttackPotion"},{"floor":33,"key":"LiquidBronze"},{"floor":35,"key":"Explosive Potion"},{"floor":47,"key":"Swift Potion"}],"is_trial":false,"path_per_floor":["M","M","M","?","?","R","?","E","T","$","M","E","R","M","R","B",null,"M","?","M","M","$","R","E","R","T","M","M","E","?","M","R","B",null,"M","$","?","$","?","E","?","$","T","E","R","M","M","M","R","B",null,"R","$","E","B"],"character_chosen":"THE_SILENT","items_purchased":["Vajra","Quick Slash","Frozen Egg 2","A Thousand Cuts+1","PowerPotion","Acrobatics","GhostInAJar"],"campfire_rested":0,"item_purchase_floors":[10,10,36,36,38,42,53],"current_hp_per_floor":[70,70,70,70,70,70,75,40,40,40,40,16,16,16,16,22,75,71,71,71,65,65,65,61,61,61,54,49,41,41,41,41,23,75,75,75,59,59,75,73,71,71,71,78,78,78,78,78,78,77,78,78,78,78,0],"gold":69,"neow_bonus":"HUNDRED_GOLD","is_prod":false,"is_daily":false,"chose_seed":false,"campfire_upgraded":8,"win_rate":0,"timestamp":1565894973,"path_taken":["M","M","M","?","?","R","?","E","T","$","?","E","R","M","R","BOSS","M","?","?","M","?","R","E","R","T","M","M","E","?","M","R","BOSS","M","$","?","$","?","E","?","$","T","E","R","M","M","M","R","BOSS","R","$","E","BOSS"],"build_version":"2019-07-17","purchased_purges":2,"victory":false,"max_hp_per_floor":[70,70,70,70,70,70,75,75,75,75,75,75,75,75,75,75,75,75,75,75,75,75,75,75,75,75,75,75,75,75,75,75,75,75,75,75,75,75,75,75,71,71,71,78,78,78,78,78,78,78,78,78,78,78,78],"card_choices":[{"not_picked":["Underhanded Strike","PiercingWail"],"picked":"Dagger Spray","floor":1.0},{"not_picked":["Poisoned Stab","Blade Dance"],"picked":"Skewer","floor":2.0},{"not_picked":["Underhanded Strike","Terror"],"picked":"Calculated Gamble","floor":3.0},{"not_picked":["Setup","Masterful Stab"],"picked":"Cloak And Dagger","floor":8},{"not_picked":["Slice","Deadly Poison"],"picked":"A Thousand Cuts","floor":11},{"not_picked":["Poisoned Stab","Reflex","Bane"],"picked":"SKIP","floor":12},{"not_picked":["PiercingWail","All Out Attack"],"picked":"Escape Plan","floor":14},{"not_picked":["Bullet Time","Night Terror"],"picked":"Burst","floor":16},{"not_picked":["Acrobatics","Slice"],"picked":"Backflip","floor":18},{"not_picked":["Dagger Spray","Setup","Choke+1"],"picked":"SKIP","floor":20},{"not_picked":["Cloak And Dagger","All Out Attack","Concentrate"],"picked":"SKIP","floor":21},{"not_picked":["Tools of the Trade","Bane+1"],"picked":"Backflip+1","floor":24},{"not_picked":["Caltrops","Expertise"],"picked":"Escape Plan","floor":27},{"not_picked":["Backflip","Prepared","Deadly Poison"],"picked":"SKIP","floor":28},{"not_picked":["Backflip","Dodge and Roll+1","Deflect"],"picked":"SKIP","floor":29},{"not_picked":["Dagger Throw+1","Heel Hook+1","Underhanded Strike"],"picked":"SKIP","floor":31},{"not_picked":["Poisoned Stab+1","Choke+1"],"picked":"Acrobatics+1","floor":35},{"not_picked":["Catalyst+1","Cloak And Dagger+1"],"picked":"Caltrops+1","floor":39},{"not_picked":["Distraction+1","Dodge and Roll+1"],"picked":"Outmaneuver+1","floor":40},{"not_picked":["Deflect","Die Die Die","Skewer+1"],"picked":"SKIP","floor":44},{"not_picked":["Dodge and Roll","Deadly Poison+1"],"picked":"Deflect+1","floor":46},{"not_picked":["Flying Knee+1","Dash+1","PiercingWail"],"picked":"SKIP","floor":47},{"not_picked":["Dagger Throw","Prepared+1","Dagger Spray+1"],"picked":"SKIP","floor":48},{"not_picked":["Flying Knee","Accuracy+1"],"picked":"Cloak And Dagger+1","floor":54}],"player_experience":1787684,"relics_obtained":[{"floor":8,"key":"Paper Crane"},{"floor":9,"key":"Pantograph"},{"floor":12,"key":"Sundial"},{"floor":24,"key":"Orichalcum"},{"floor":26,"key":"Mummified Hand"},{"floor":29,"key":"PreservedInsect"},{"floor":37,"key":"Torii"},{"floor":39,"key":"Ice Cream"},{"floor":40,"key":"Juzu Bracelet"},{"floor":44,"key":"Strawberry"},{"floor":54,"key":"Art of War"}],"event_choices":[{"damage_healed":0.0,"max_hp_gain":0.0,"max_hp_loss":0.0,"gold_gain":0.0,"event_name":"Liars Game","player_choice":"Ignored","floor":4.0,"gold_loss":0.0,"damage_taken":0.0},{"cards_removed":["Strike_G"],"damage_healed":0,"gold_gain":0,"player_choice":"Card Removal","damage_taken":0,"max_hp_gain":0,"max_hp_loss":0,"event_name":"The Cleric","floor":5,"gold_loss":50},{"damage_healed":0,"gold_gain":0,"player_choice":"Donut","damage_taken":0,"max_hp_gain":5,"max_hp_loss":0,"event_name":"Big Fish","floor":7,"gold_loss":0},{"damage_healed":0,"gold_gain":0,"player_choice":"Gave Potion","damage_taken":0,"relics_obtained":["Blue Candle"],"max_hp_gain":0,"max_hp_loss":0,"event_name":"WeMeetAgain","floor":19,"gold_loss":0},{"damage_healed":0,"gold_gain":0,"player_choice":"Simplicity","damage_taken":0,"max_hp_gain":0,"max_hp_loss":0,"event_name":"Back to Basics","floor":30,"gold_loss":0,"cards_upgraded":["Defend_G","Defend_G","Defend_G","Defend_G","Defend_G"]},{"damage_healed":0,"gold_gain":0,"player_choice":"Fight","damage_taken":0,"max_hp_gain":0,"max_hp_loss":0,"event_name":"Mysterious Sphere","floor":37,"gold_loss":0},{"damage_healed":0,"gold_gain":0,"player_choice":"Fight","damage_taken":0,"max_hp_gain":0,"max_hp_loss":0,"event_name":"MindBloom","floor":39,"gold_loss":0},{"damage_healed":0,"gold_gain":0,"player_choice":"Max HP","damage_taken":0,"max_hp_gain":0,"max_hp_loss":4,"event_name":"Winding Halls","floor":41,"gold_loss":0}],"is_beta":false,"boss_relics":[{"not_picked":["Tiny House","WristBlade"],"picked":"Astrolabe"},{"not_picked":["HoveringKite","Eternal Feather"],"picked":"Philosopher\u0027s Stone"}],"items_purged_floors":[22,42],"is_endless":false,"potions_floor_spawned":[2,12,16,18,24,29,33,35,40,47,48],"killed_by":"The Heart","ascension_level":4}