{"gold_per_floor":[118,68,68,0,14,41,53,85,85,115,134,134,156,81,81,183,183,202,202,214,229,249,249,262,262,285,285,302,64,64,17,17,120,120,136,148,7,22,22,22,52,52,52,52,4,16,16],"floor_reached":47,"playtime":1777,"items_purged":["Strike_R","Sword Boomerang"],"score":639,"play_id":"51c36080-0964-4607-bed8-f782c6cb08c3","local_time":"20191012171309","is_ascension_mode":true,"campfire_choices":[{"data":"Thunderclap","floor":12,"key":"SMITH"},{"floor":15,"key":"REST"},{"data":"Exhume","floor":23,"key":"SMITH"},{"floor":25,"key":"REST"},{"floor":27,"key":"REST"},{"data":"True Grit","floor":32,"key":"SMITH"},{"floor":40,"key":"REST"},{"floor":42,"key":"REST"},{"floor":44,"key":"REST"}],"neow_cost":"NONE","seed_source_timestamp":532960902780100,"circlet_count":0,"master_deck":["Bash+1","Carnage","Shockwave","Thunderclap+1","Bludgeon","Shrug It Off","Intimidate","Dropkick+1","Thunderclap+1","Offering","Twin Strike+1","Exhume+1","Iron Wave+1","Cleave+1","Blood for Blood+1","Exhume","Carnage+1","Warcry","Evolve","True Grit+1","Exhume","Second Wind+1","Wild Strike+1","Fire Breathing","Metallicize+1","Metallicize+1","Rampage+1","Shrug It Off+1","Wild Strike+1","Parasite"],"relics":["Burning Blood","Potion Belt","WingedGreaves","Mummified Hand","Molten Egg 2","Odd Mushroom","Pandora\u0027s Box","CultistMask","Orichalcum","Bottled Flame","Sozu","White Beast Statue","Toxic Egg 2"],"potions_floor_usage":[6,10,13,13,20,22,28,33,33,35,41],"damage_taken":[{"damage":5,"enemies":"Small Slimes","floor":1,"turns":4},{"damage":4,"enemies":"Cultist","floor":5,"turns":3},{"damage":23,"enemies":"3 Sentries","floor":6,"turns":8},{"damage":8,"enemies":"2 Louse","floor":7,"turns":3},{"damage":30,"enemies":"Lagavulin","floor":8,"turns":5},{"damage":12,"enemies":"Gremlin Nob","floor":10,"turns":3},{"damage":16,"enemies":"Lots of Slimes","floor":11,"turns":5},{"damage":0,"enemies":"The Mushroom Lair","floor":13,"turns":2},{"damage":52,"enemies":"The Guardian","floor":16,"turns":13},{"damage":5,"enemies":"Chosen","floor":18,"turns":4},{"damage":28,"enemies":"2 Thieves","floor":20,"turns":2},{"damage":12,"enemies":"Snecko","floor":21,"turns":2},{"damage":21,"enemies":"Cultist and Chosen","floor":22,"turns":5},{"damage":22,"enemies":"Sentry and Sphere","floor":24,"turns":3},{"damage":21,"enemies":"Centurion and Healer","floor":28,"turns":2},{"damage":36,"enemies":"Champ","floor":33,"turns":6},{"damage":22,"enemies":"3 Darklings","floor":35,"turns":4},{"damage":8,"enemies":"3 Shapes","floor":36,"turns":4},{"damage":37,"enemies":"Sphere and 2 Shapes","floor":38,"turns":5},{"damage":37,"enemies":"Reptomancer","floor":41,"turns":6},{"damage":42,"enemies":"Spire Growth","floor":46,"turns":5},{"damage":20,"enemies":"Writhing Mass","floor":47,"turns":3}],"seed_played":"-7224552078633666906","potions_obtained":[{"floor":3,"key":"LiquidBronze"},{"floor":3,"key":"DuplicationPotion"},{"floor":3,"key":"FairyPotion"},{"floor":5,"key":"FearPotion"},{"floor":7,"key":"SpeedPotion"},{"floor":8,"key":"DuplicationPotion"},{"floor":10,"key":"SteroidPotion"},{"floor":11,"key":"DuplicationPotion"},{"floor":16,"key":"Energy Potion"},{"floor":20,"key":"Block Potion"},{"floor":22,"key":"GamblersBrew"},{"floor":24,"key":"GamblersBrew"},{"floor":28,"key":"DuplicationPotion"},{"floor":33,"key":"Block Potion"}],"is_trial":false,"path_per_floor":["M","?","?","$","M","E","M","E","T","E","M","R","?","$","R","B",null,"M","?","M","M","M","R","M","R","T","R","M","$","?","$","R","B",null,"M","M","$","M","?","R","E","R","T","R","$","M","M"],"character_chosen":"IRONCLAD","items_purchased":["Shockwave","Bottled Flame","True Grit","Fire Breathing","Shrug It Off+1"],"campfire_rested":6,"item_purchase_floors":[4,29,31,37,45],"current_hp_per_floor":[73,73,73,73,75,58,56,32,32,26,16,16,22,22,46,30,68,69,69,47,41,26,26,10,34,34,58,43,43,43,43,43,13,63,47,45,45,14,14,38,7,31,31,55,55,19,0],"gold":16,"neow_bonus":"THREE_CARDS","is_prod":false,"is_daily":false,"chose_seed":false,"campfire_upgraded":3,"win_rate":0,"timestamp":1570889589,"path_taken":["M","?","?","$","?","E","M","E","T","E","M","R","?","$","R","BOSS","M","?","?","M","M","R","M","R","T","R","M","$","?","?","R","BOSS","M","?","$","M","?","R","E","R","T","R","?","M","M"],"build_version":"2019-10-11","purchased_purges":2,"victory":false,"max_hp_per_floor":[80,80,80,80,80,80,80,80,80,80,80,80,80,80,80,80,80,80,80,80,80,80,80,80,80,80,80,80,80,80,80,80,80,80,80,80,80,80,80,80,80,80,80,80,80,80,80],"card_choices":[{"not_picked":["Burning Pact","Shockwave"],"picked":"Carnage","floor":0},{"not_picked":["Ghostly Armor","Shrug It Off"],"picked":"Sword Boomerang","floor":1},{"not_picked":["Burning Pact","Shrug It Off"],"picked":"Thunderclap","floor":5},{"not_picked":["Dual Wield","Reaper"],"picked":"Bludgeon","floor":6},{"not_picked":["Sword Boomerang","Thunderclap"],"picked":"Shrug It Off","floor":7},{"not_picked":["Infernal Blade","Cleave"],"picked":"Intimidate","floor":8},{"not_picked":["Twin Strike","Cleave","Wild Strike"],"picked":"SKIP","floor":10},{"not_picked":["Spot Weakness","Carnage+1"],"picked":"Dropkick+1","floor":11},{"not_picked":["Body Slam+1","Sword Boomerang+1"],"picked":"Thunderclap+1","floor":13},{"not_picked":["Immolate+1","Double Tap"],"picked":"Offering","floor":16},{"not_picked":["Heavy Blade+1","Anger+1"],"picked":"Warcry","floor":18},{"not_picked":["Sword Boomerang+1","Havoc","Thunderclap+1"],"picked":"SKIP","floor":20},{"not_picked":["Anger+1","Reckless Charge+1","Sword Boomerang+1"],"picked":"SKIP","floor":21},{"not_picked":["Body Slam+1","Havoc+1","Twin Strike+1"],"picked":"SKIP","floor":22},{"not_picked":["Clothesline+1","Burning Pact","Flex"],"picked":"SKIP","floor":24},{"not_picked":["Rage","Twin Strike+1"],"picked":"Evolve","floor":28},{"not_picked":["Offering","Brutality"],"picked":"Exhume","floor":33},{"not_picked":["Whirlwind+1","Sword Boomerang+1"],"picked":"Second Wind+1","floor":35},{"not_picked":["Bloodletting","Iron Wave+1"],"picked":"Wild Strike+1","floor":36},{"not_picked":["Rage+1","Sword Boomerang+1"],"picked":"Metallicize+1","floor":38},{"not_picked":["Twin Strike+1","Perfected Strike+1"],"picked":"Rampage+1","floor":41},{"not_picked":["Cleave+1","Hemokinesis+1"],"picked":"Wild Strike+1","floor":46}],"player_experience":380685,"relics_obtained":[{"floor":6,"key":"Potion Belt"},{"floor":8,"key":"WingedGreaves"},{"floor":9,"key":"Mummified Hand"},{"floor":10,"key":"Molten Egg 2"},{"floor":13,"key":"Odd Mushroom"},{"floor":26,"key":"Orichalcum"},{"floor":41,"key":"White Beast Statue"},{"floor":43,"key":"Toxic Egg 2"}],"event_choices":[{"cards_removed":["Strike_R"],"damage_healed":0,"gold_gain":0,"player_choice":"Card Removal","damage_taken":0,"max_hp_gain":0,"max_hp_loss":0,"event_name":"The Cleric","floor":2,"gold_loss":50},{"damage_healed":0,"gold_gain":0,"player_choice":"Got Potions","damage_taken":0,"max_hp_gain":0,"max_hp_loss":0,"event_name":"Lab","floor":3,"gold_loss":0},{"damage_healed":0,"gold_gain":0,"player_choice":"Fought Mushrooms","damage_taken":0,"max_hp_gain":0,"max_hp_loss":0,"event_name":"Mushrooms","floor":13,"gold_loss":0},{"damage_healed":0,"gold_gain":0,"player_choice":"Trade","damage_taken":0,"relics_obtained":["CultistMask"],"max_hp_gain":0,"max_hp_loss":0,"event_name":"FaceTrader","floor":19,"gold_loss":0},{"damage_healed":0,"gold_gain":0,"player_choice":"Forge","damage_taken":0,"max_hp_gain":0,"max_hp_loss":0,"event_name":"Accursed Blacksmith","floor":30,"gold_loss":0,"cards_upgraded":["Bash"]},{"damage_healed":0,"gold_gain":0,"player_choice":"Copied","damage_taken":0,"max_hp_gain":0,"max_hp_loss":0,"event_name":"Duplicator","floor":39,"gold_loss":0,"cards_obtained":["Metallicize"]}],"is_beta":true,"boss_relics":[{"not_picked":["Fusion Hammer","Runic Cube"],"picked":"Pandora\u0027s Box"},{"not_picked":["SlaversCollar","Empty Cage"],"picked":"Sozu"}],"items_purged_floors":[14,37],"is_endless":false,"potions_floor_spawned":[5,7,8,10,11,16,20,22,24,28,33,38,41,46],"killed_by":"Writhing Mass","ascension_level":7}