{"gold_per_floor":[217,7,20,20,44,44,59,72,98,98,111,132,132,152,152,271,271,294,294,219,248,25,25,55,55,81,66,66,66,66,66,66,162,212,226,240,91,102,1101,1101,1121,1141,1141,570,587,587,587,587,587,587],"floor_reached":51,"playtime":7473,"items_purged":["Strike_G","Acrobatics"],"score":657,"play_id":"aff8b95e-01fb-415c-879c-bf221d91f29c","local_time":"20191005151237","is_ascension_mode":false,"campfire_choices":[{"floor":6.0,"key":"REST"},{"data":"Catalyst","floor":10.0,"key":"SMITH"},{"data":"Backflip","floor":15.0,"key":"SMITH"},{"data":"Adrenaline","floor":23.0,"key":"SMITH"},{"floor":25.0,"key":"REST"},{"data":"Bouncing Flask","floor":29.0,"key":"SMITH"},{"floor":32.0,"key":"REST"},{"floor":40.0,"key":"REST"},{"floor":49,"key":"REST"}],"neow_cost":"NONE","seed_source_timestamp":143987005463300,"circlet_count":0,"master_deck":["Strike_G+1","Defend_G+1","Defend_G+1","Defend_G+1","Defend_G+1","Defend_G+1","Survivor+1","Neutralize","Dagger Spray","Catalyst+1","Bane","Prepared","Poisoned Stab","Bouncing Flask+1","Deflect","Bullet Time","Backflip+1","Adrenaline+1","Bane+1","Well Laid Plans","Dash","Leg Sweep+1","Leg Sweep+1","Corpse Explosion","Bouncing Flask","Bane","Adrenaline","Crippling Poison","Noxious Fumes+1","Terror+1","PiercingWail","Secret Technique+1","Well Laid Plans","Madness+1","Deadly Poison+1","Madness+1","Crippling Poison+1"],"special_seed":0,"relics":["Ring of the Snake","Bloody Idol","War Paint","Omamori","Empty Cage","Red Mask","Lee\u0027s Waffle","Happy Flower","Dream Catcher","Tiny House","Snake Skull","Toxic Egg 2","Potion Belt"],"potions_floor_usage":[48,50,50,50],"damage_taken":[{"damage":2.0,"enemies":"Small Slimes","floor":1.0,"turns":4.0},{"damage":0.0,"enemies":"Jaw Worm","floor":3.0,"turns":3.0},{"damage":0.0,"enemies":"Cultist","floor":7.0,"turns":3.0},{"damage":1.0,"enemies":"Exordium Wildlife","floor":8.0,"turns":3.0},{"damage":0.0,"enemies":"Large Slime","floor":11.0,"turns":6.0},{"damage":1.0,"enemies":"Looter","floor":12.0,"turns":3.0},{"damage":0.0,"enemies":"3 Louse","floor":14.0,"turns":3.0},{"damage":45.0,"enemies":"The Guardian","floor":16.0,"turns":6.0},{"damage":1.0,"enemies":"3 Byrds","floor":18.0,"turns":6.0},{"damage":39.0,"enemies":"Masked Bandits","floor":21.0,"turns":8.0},{"damage":63.0,"enemies":"Gremlin Leader","floor":24.0,"turns":9.0},{"damage":5.0,"enemies":"2 Thieves","floor":27.0,"turns":4.0},{"damage":47.0,"enemies":"Champ","floor":33.0,"turns":12.0},{"damage":43.0,"enemies":"3 Darklings","floor":35.0,"turns":3.0},{"damage":15.0,"enemies":"3 Shapes","floor":36.0,"turns":4.0},{"damage":0.0,"enemies":"Transient","floor":38.0,"turns":5.0},{"damage":31,"enemies":"Spire Growth","floor":41,"turns":6},{"damage":7,"enemies":"Writhing Mass","floor":42,"turns":4},{"damage":0,"enemies":"Jaw Worm Horde","floor":45,"turns":3},{"damage":0,"enemies":"Transient","floor":48,"turns":1},{"damage":36,"enemies":"Time Eater","floor":50,"turns":9}],"seed_played":"8985068043383119902","potions_obtained":[{"floor":1.0,"key":"EntropicBrew"},{"floor":7.0,"key":"Strength Potion"},{"floor":11.0,"key":"Block Potion"},{"floor":24.0,"key":"Strength Potion"},{"floor":27.0,"key":"Poison Potion"},{"floor":34.0,"key":"SmokeBomb"},{"floor":35.0,"key":"LiquidBronze"},{"floor":38.0,"key":"GhostInAJar"},{"floor":45,"key":"LiquidBronze"}],"is_trial":false,"path_per_floor":["M","$","M","?","T","R","M","M","T","R","M","M","?","M","R","B",null,"M","?","?","?","$","R","E","R","T","M","?","R","?","$","R","B",null,"M","M","$","M","?","R","M","M","T","$","M","?","?","M","R","B",null],"character_chosen":"THE_SILENT","items_purchased":["Catalyst","Bane","Prepared","Lee\u0027s Waffle","Acrobatics","Snake Skull","Secret Technique+1","Well Laid Plans","Madness+1","Potion Belt"],"campfire_rested":5,"item_purchase_floors":[2,2,2,22,22,37,44,44,44,44],"current_hp_per_floor":[68,68,68,51,51,70,70,69,69,69,69,68,68,68,68,23,70,69,69,69,35,77,77,19,42,47,52,52,52,52,52,75,33,82,44,34,34,39,44,68,42,40,40,40,45,45,45,45,69,33],"gold":587,"neow_bonus":"HUNDRED_GOLD","is_prod":false,"is_daily":false,"chose_seed":false,"campfire_upgraded":4,"win_rate":0,"timestamp":1570309957,"path_taken":["M","$","M","?","?","R","?","M","T","R","M","M","?","M","R","BOSS","M","?","?","?","$","R","E","R","T","M","?","R","?","?","R","BOSS","M","M","$","M","?","R","M","M","T","$","M","?","?","M","R","BOSS"],"build_version":"2019-07-17","purchased_purges":2,"victory":true,"max_hp_per_floor":[70,70,70,70,70,70,70,70,70,70,70,70,70,70,70,70,70,70,70,70,70,77,77,77,77,77,77,77,77,77,77,77,77,82,82,82,82,82,82,82,82,82,82,82,82,82,82,82,82,82],"card_choices":[{"not_picked":["Tactician","Escape Plan"],"picked":"Dagger Spray","floor":1.0},{"not_picked":["Predator","Underhanded Strike"],"picked":"Poisoned Stab","floor":3.0},{"not_picked":["Flying Knee","Heel Hook"],"picked":"Bouncing Flask","floor":7.0},{"not_picked":["Flying Knee","Poisoned Stab"],"picked":"Deflect","floor":8.0},{"not_picked":["Dagger Throw","Deflect"],"picked":"Bullet Time","floor":11.0},{"not_picked":["Distraction","All Out Attack","Slice"],"picked":"SKIP","floor":12.0},{"not_picked":["Underhanded Strike","Cloak And Dagger"],"picked":"Backflip","floor":14.0},{"not_picked":["Phantasmal Killer","Glass Knife"],"picked":"Adrenaline","floor":16.0},{"not_picked":["Setup","Deflect"],"picked":"Bane+1","floor":18.0},{"not_picked":["Dash","Backstab"],"picked":"Well Laid Plans","floor":21.0},{"not_picked":["Tactician","Acrobatics"],"picked":"Dash","floor":24.0},{"not_picked":["Distraction","Sucker Punch"],"picked":"Leg Sweep+1","floor":27.0},{"not_picked":["Flechettes","Cloak And Dagger"],"picked":"Leg Sweep+1","floor":32.0},{"not_picked":["After Image","Storm of Steel"],"picked":"Corpse Explosion","floor":33.0},{"not_picked":["Poisoned Stab","Slice"],"picked":"Bouncing Flask","floor":34.0},{"not_picked":["Cloak And Dagger+1","Blade Dance"],"picked":"Bane","floor":35.0},{"not_picked":["Infinite Blades","Well Laid Plans+1"],"picked":"Adrenaline","floor":36.0},{"not_picked":["PiercingWail+1","Acrobatics+1"],"picked":"Crippling Poison","floor":38.0},{"not_picked":["Acrobatics+1","Eviscerate+1"],"picked":"Noxious Fumes+1","floor":40.0},{"not_picked":["Setup+1","Accuracy+1"],"picked":"Terror+1","floor":41},{"not_picked":["Acrobatics","Dagger Throw+1"],"picked":"PiercingWail","floor":42},{"not_picked":["Flying Knee+1","Deflect+1"],"picked":"Deadly Poison+1","floor":45},{"not_picked":["Mind Blast","Trip+1"],"picked":"Madness+1","floor":47},{"not_picked":["Blade Dance+1","Bane+1"],"picked":"Crippling Poison+1","floor":49}],"player_experience":355754,"relics_obtained":[{"floor":5.0,"key":"War Paint"},{"floor":9.0,"key":"Omamori"},{"floor":21.0,"key":"Red Mask"},{"floor":24.0,"key":"Happy Flower"},{"floor":26.0,"key":"Dream Catcher"},{"floor":43,"key":"Toxic Egg 2"}],"event_choices":[{"damage_healed":0.0,"max_hp_gain":0.0,"max_hp_loss":0.0,"gold_gain":0.0,"event_name":"Golden Idol","player_choice":"Take Damage","floor":4.0,"gold_loss":0.0,"damage_taken":17.0,"relics_obtained":["Golden Idol"]},{"damage_healed":0.0,"max_hp_gain":0.0,"max_hp_loss":0.0,"gold_gain":0.0,"event_name":"Liars Game","player_choice":"Ignored","floor":13.0,"gold_loss":0.0,"damage_taken":0.0},{"damage_healed":0.0,"max_hp_gain":0.0,"max_hp_loss":0.0,"gold_gain":0.0,"event_name":"Forgotten Altar","player_choice":"Gave Idol","floor":19.0,"relics_lost":["Golden Idol"],"gold_loss":0.0,"damage_taken":0.0,"relics_obtained":["Bloody Idol"]},{"cards_removed":["Strike_G"],"damage_healed":0.0,"max_hp_gain":0.0,"max_hp_loss":0.0,"gold_gain":0.0,"event_name":"Beggar","player_choice":"Gave Gold","floor":20.0,"gold_loss":75.0,"damage_taken":0.0},{"damage_healed":0.0,"max_hp_gain":0.0,"max_hp_loss":0.0,"gold_gain":0.0,"event_name":"Masked Bandits","player_choice":"Fought Bandits","floor":21.0,"gold_loss":0.0,"damage_taken":0.0},{"damage_healed":0.0,"max_hp_gain":0.0,"max_hp_loss":0.0,"gold_gain":0.0,"event_name":"Back to Basics","player_choice":"Simplicity","floor":28.0,"gold_loss":0.0,"damage_taken":0.0,"cards_upgraded":["Strike_G","Defend_G","Defend_G","Defend_G"]},{"damage_healed":0.0,"max_hp_gain":0.0,"max_hp_loss":0.0,"gold_gain":999.0,"event_name":"MindBloom","player_choice":"Gold","floor":39.0,"gold_loss":0.0,"damage_taken":0.0,"cards_obtained":["Normality","Normality"]},{"damage_healed":0,"gold_gain":0,"player_choice":"Ignored","damage_taken":0,"max_hp_gain":0,"max_hp_loss":0,"event_name":"Mysterious Sphere","floor":46,"gold_loss":0},{"damage_healed":0,"gold_gain":0,"player_choice":"Memory 1","damage_taken":0,"max_hp_gain":0,"max_hp_loss":0,"event_name":"SensoryStone","floor":47,"gold_loss":0}],"is_beta":false,"boss_relics":[{"not_picked":["White Beast Statue","Lizard Tail"],"picked":"Empty Cage"},{"not_picked":["Orrery","HoveringKite"],"picked":"Tiny House"}],"items_purged_floors":[2,44],"is_endless":false,"potions_floor_spawned":[1,7,11,24,27,35,38,45,48],"ascension_level":0}