{"gold_per_floor":[116,128,139,64,64,64,64,84,110,110,154,175,209,233,233,361,361,382,46,70,94,114,147,180,180,180,220,180,203,234,79,79,207,207,221,221,240,53,73,109,109,122,173,189,229,249,284,298,298,298],"floor_reached":51,"playtime":2618,"items_purged":["Strike_R"],"score":1027,"play_id":"80f9d7c8-ca5a-444a-a0b0-cb9eca088ae1","local_time":"20191021160445","is_ascension_mode":true,"campfire_choices":[{"data":"Immolate","floor":6,"key":"SMITH"},{"data":"Bash","floor":15,"key":"SMITH"},{"data":"Bludgeon","floor":25,"key":"SMITH"},{"data":"Burning Pact","floor":32,"key":"SMITH"},{"data":"Malaise","floor":41,"key":"SMITH"},{"data":"Feel No Pain","floor":49,"key":"SMITH"}],"neow_cost":"TEN_PERCENT_HP_LOSS","seed_source_timestamp":889496058518000,"circlet_count":0,"master_deck":["Strike_R+1","Strike_R+1","Defend_R","Defend_R","Defend_R","Bash+1","Iron Wave+1","Thunderclap","Headbutt","Immolate+1","Feel No Pain+1","Shrug It Off","Bludgeon+1","Burning Pact+1","Metallicize+1","Anger+1","Malaise+1","Protect+1","Master of Strategy","Static Discharge+1","Dark Shackles+1","PiercingWail","Seek","Riddle With Holes+1"],"relics":["Burning Blood","Golden Idol","MealTicket","Dream Catcher","Meat on the Bone","Velvet Choker","Kunai","CloakClasp","Red Mask","Oddly Smooth Stone","Singing Bowl","Pear","PrismaticShard","Black Star","Ancient Tea Set","Bottled Lightning","PreservedInsect","TungstenRod","Shuriken","Toxic Egg 2"],"potions_floor_usage":[14,16,20,22,30,33,45,48],"damage_taken":[{"damage":7,"enemies":"Cultist","floor":1,"turns":5},{"damage":2,"enemies":"2 Louse","floor":2,"turns":3},{"damage":10,"enemies":"Small Slimes","floor":3,"turns":4},{"damage":8,"enemies":"Gremlin Gang","floor":8,"turns":3},{"damage":9,"enemies":"3 Sentries","floor":11,"turns":3},{"damage":0,"enemies":"Large Slime","floor":12,"turns":3},{"damage":14,"enemies":"Gremlin Nob","floor":13,"turns":3},{"damage":0,"enemies":"Looter","floor":14,"turns":3},{"damage":0,"enemies":"Slime Boss","floor":16,"turns":4},{"damage":6,"enemies":"Shell Parasite","floor":18,"turns":5},{"damage":10,"enemies":"2 Thieves","floor":20,"turns":4},{"damage":3,"enemies":"3 Cultists","floor":21,"turns":4},{"damage":1,"enemies":"Snake Plant","floor":22,"turns":3},{"damage":31,"enemies":"Slavers","floor":23,"turns":3},{"damage":0,"enemies":"Masked Bandits","floor":24,"turns":1},{"damage":14,"enemies":"Book of Stabbing","floor":27,"turns":4},{"damage":0,"enemies":"Centurion and Healer","floor":29,"turns":4},{"damage":4,"enemies":"Slavers","floor":30,"turns":4},{"damage":29,"enemies":"Automaton","floor":33,"turns":10},{"damage":3,"enemies":"Orb Walker","floor":35,"turns":4},{"damage":0,"enemies":"3 Shapes","floor":37,"turns":3},{"damage":1,"enemies":"3 Darklings","floor":39,"turns":6},{"damage":14,"enemies":"Nemesis","floor":40,"turns":9},{"damage":0,"enemies":"Spire Growth","floor":42,"turns":4},{"damage":0,"enemies":"Sphere and 2 Shapes","floor":44,"turns":2},{"damage":50,"enemies":"Reptomancer","floor":45,"turns":10},{"damage":0,"enemies":"Transient","floor":46,"turns":5},{"damage":1,"enemies":"Nemesis","floor":47,"turns":11},{"damage":3,"enemies":"3 Darklings","floor":48,"turns":4},{"damage":12,"enemies":"Awakened One","floor":50,"turns":18}],"seed_played":"8883479105538609123","potions_obtained":[{"floor":2,"key":"BloodPotion"},{"floor":11,"key":"SteroidPotion"},{"floor":12,"key":"Block Potion"},{"floor":14,"key":"LiquidMemories"},{"floor":16,"key":"LiquidMemories"},{"floor":18,"key":"PowerPotion"},{"floor":23,"key":"EssenceOfSteel"},{"floor":24,"key":"SpeedPotion"},{"floor":29,"key":"GamblersBrew"},{"floor":30,"key":"DuplicationPotion"},{"floor":39,"key":"FearPotion"},{"floor":42,"key":"LiquidBronze"},{"floor":45,"key":"Weak Potion"}],"is_trial":false,"path_per_floor":["M","M","M","$","?","R","?","M","T","?","E","M","E","M","R","B",null,"M","$","M","M","M","E","?","R","T","E","?","M","E","$","R","B",null,"M","?","M","$","M","E","R","M","T","M","E","M","E","M","R","B",null],"character_chosen":"IRONCLAD","items_purchased":["Immolate","Kunai","PrismaticShard","Master of Strategy"],"campfire_rested":0,"item_purchase_floors":[4,19,31,38],"current_hp_per_floor":[71,72,68,68,50,50,36,34,34,27,24,30,22,54,54,60,72,72,72,68,71,72,47,53,53,53,45,45,53,67,82,82,59,86,86,86,88,88,90,82,82,88,88,90,58,66,71,76,76,70],"gold":298,"neow_bonus":"REMOVE_TWO","is_prod":false,"is_daily":false,"chose_seed":false,"campfire_upgraded":6,"win_rate":0,"timestamp":1571670285,"path_taken":["M","M","M","$","?","R","?","M","T","?","E","?","E","M","R","BOSS","M","$","?","M","M","E","?","R","T","E","?","?","E","$","R","BOSS","M","?","M","$","M","E","R","M","T","M","E","?","E","?","R","BOSS"],"build_version":"2019-10-18","purchased_purges":1,"victory":true,"max_hp_per_floor":[72,72,72,72,72,72,72,72,72,72,72,72,72,72,72,72,72,72,72,72,72,72,72,72,72,72,72,72,74,86,86,86,86,86,86,86,88,88,90,90,90,90,90,90,90,92,92,94,94,94],"card_choices":[{"not_picked":["Battle Trance","Burning Pact"],"picked":"Iron Wave","floor":1},{"not_picked":["Perfected Strike","Warcry"],"picked":"Thunderclap","floor":2},{"not_picked":["Cleave","Rage"],"picked":"Headbutt","floor":3},{"not_picked":["Searing Blow","Second Wind","Iron Wave"],"picked":"SKIP","floor":8},{"not_picked":["Pommel Strike","Armaments","Cleave"],"picked":"SKIP","floor":11},{"not_picked":["Warcry","Blood for Blood","Sever Soul"],"picked":"SKIP","floor":12},{"not_picked":["Sword Boomerang","Hemokinesis"],"picked":"Feel No Pain","floor":13},{"not_picked":["Warcry","Pommel Strike"],"picked":"Shrug It Off","floor":14},{"not_picked":["Exhume","Brutality"],"picked":"Bludgeon","floor":16},{"not_picked":["Body Slam","Corruption","Perfected Strike+1"],"picked":"SKIP","floor":18},{"not_picked":["Clothesline","Dark Embrace"],"picked":"Burning Pact","floor":20},{"not_picked":["Thunderclap","Fire Breathing","Body Slam"],"picked":"SKIP","floor":21},{"not_picked":["Body Slam","Fire Breathing","Cleave"],"picked":"SKIP","floor":22},{"not_picked":["Feel No Pain+1","Reckless Charge"],"picked":"Metallicize+1","floor":23},{"not_picked":["Burning Pact+1","Havoc"],"picked":"Anger+1","floor":27},{"not_picked":["Cleave","Havoc","Reckless Charge+1"],"picked":"Singing Bowl","floor":29},{"not_picked":["Sword Boomerang","Iron Wave","Clothesline"],"picked":"Singing Bowl","floor":30},{"not_picked":["Reboot","Wraith Form v2"],"picked":"Malaise","floor":33},{"not_picked":["Redo","Ghostly Armor+1"],"picked":"Protect+1","floor":35},{"not_picked":["Escape Plan+1","Slice+1","EmptyBody"],"picked":"Singing Bowl","floor":37},{"not_picked":["Cleave","Heel Hook","Capacitor"],"picked":"Singing Bowl","floor":39},{"not_picked":["Hologram+1","FlyingSleeves"],"picked":"Static Discharge+1","floor":40},{"not_picked":["PathToVictory","Blade Dance+1"],"picked":"Dark Shackles+1","floor":42},{"not_picked":["Havoc+1","CarveReality"],"picked":"PiercingWail","floor":44},{"not_picked":["Sword Boomerang+1","Armaments+1"],"picked":"Seek","floor":45},{"not_picked":["Flying Knee+1","Heavy Blade+1","Crescendo"],"picked":"Singing Bowl","floor":46},{"not_picked":["EmptyBody+1","Setup+1"],"picked":"Riddle With Holes+1","floor":47},{"not_picked":["Armaments+1","Weave+1","Fire Breathing+1"],"picked":"Singing Bowl","floor":48}],"player_experience":1662741,"relics_obtained":[{"floor":9,"key":"MealTicket"},{"floor":11,"key":"Dream Catcher"},{"floor":13,"key":"Meat on the Bone"},{"floor":23,"key":"CloakClasp"},{"floor":24,"key":"Red Mask"},{"floor":26,"key":"Oddly Smooth Stone"},{"floor":27,"key":"Singing Bowl"},{"floor":30,"key":"Pear"},{"floor":40,"key":"Ancient Tea Set"},{"floor":40,"key":"Bottled Lightning"},{"floor":45,"key":"PreservedInsect"},{"floor":45,"key":"TungstenRod"},{"floor":47,"key":"Shuriken"},{"floor":47,"key":"Toxic Egg 2"}],"event_choices":[{"damage_healed":0,"gold_gain":0,"player_choice":"Take Damage","damage_taken":18,"relics_obtained":["Golden Idol"],"max_hp_gain":0,"max_hp_loss":0,"event_name":"Golden Idol","floor":5,"gold_loss":0},{"damage_healed":0,"gold_gain":0,"player_choice":"Entered Light","damage_taken":14,"max_hp_gain":0,"max_hp_loss":0,"event_name":"Shining Light","floor":7,"gold_loss":0,"cards_upgraded":["Strike_R","Strike_R"]},{"damage_healed":0,"gold_gain":0,"player_choice":"Damaged","damage_taken":7,"max_hp_gain":0,"max_hp_loss":0,"event_name":"Wheel of Change","floor":10,"gold_loss":0},{"damage_healed":0,"gold_gain":0,"player_choice":"Fought Bandits","damage_taken":0,"max_hp_gain":0,"max_hp_loss":0,"event_name":"Masked Bandits","floor":24,"gold_loss":0},{"damage_healed":0,"gold_gain":0,"player_choice":"Upgrade","damage_taken":0,"max_hp_gain":0,"max_hp_loss":0,"event_name":"Designer","floor":28,"gold_loss":40,"cards_upgraded":["Iron Wave"]},{"cards_removed":["Defend_R"],"damage_healed":0,"gold_gain":0,"player_choice":"Offered Basic","damage_taken":0,"max_hp_gain":0,"max_hp_loss":0,"event_name":"Bonfire Elementals","floor":36,"gold_loss":0}],"is_beta":true,"boss_relics":[{"not_picked":["Calling Bell","Astrolabe"],"picked":"Velvet Choker"},{"not_picked":["Pandora\u0027s Box","Snecko Eye"],"picked":"Black Star"}],"items_purged_floors":[19],"is_endless":false,"potions_floor_spawned":[2,11,12,14,16,18,23,24,29,30,39,42,44,45],"ascension_level":1}