{"gold_per_floor":[114,114,1,1,1,65,83,117,141,20,32,32,32,47,47,172,172,185,199,114,114,64,64,64],"floor_reached":24,"playtime":1149,"items_purged":["Strike_R","Strike_R","Havoc"],"score":202,"play_id":"acf5d16c-f5ba-4ac3-bafc-12c5dd01d2b3","local_time":"20180721105656","is_ascension_mode":false,"campfire_choices":[{"floor":12,"key":"REST"},{"floor":15,"key":"REST"},{"data":"Warcry","floor":23,"key":"SMITH"}],"neow_cost":"","seed_source_timestamp":590730328363264,"circlet_count":0,"master_deck":["Strike_R+1","Strike_R+1","Defend_R","Defend_R","Defend_R+1","Defend_R+1","Bash+1","Inflame","Burning Pact","Hemokinesis","Feel No Pain","Fiend Fire+1","Warcry+1","Metallicize","Injury","Flex","Exhume","Shrug It Off","Wild Strike"],"relics":["Burning Blood","Smiling Mask","Tiny Chest","War Paint","Whetstone","Golden Idol","Mark of Pain","Centennial Puzzle"],"potions_floor_usage":[6,16,16,19],"damage_taken":[{"damage":1,"enemies":"Cultist","floor":1,"turns":3},{"damage":27,"enemies":"Gremlin Nob","floor":6,"turns":4},{"damage":1,"enemies":"Jaw Worm","floor":7,"turns":3},{"damage":51,"enemies":"Lagavulin","floor":8,"turns":8},{"damage":2,"enemies":"2 Louse","floor":11,"turns":4},{"damage":9,"enemies":"Exordium Wildlife","floor":14,"turns":4},{"damage":59,"enemies":"The Guardian","floor":16,"turns":12},{"damage":10,"enemies":"Spheric Guardian","floor":18,"turns":4},{"damage":39,"enemies":"3 Byrds","floor":19,"turns":8},{"damage":57,"enemies":"Book of Stabbing","floor":24,"turns":5}],"seed_played":"-3835941693308990479","potions_obtained":[{"floor":1,"key":"Regen Potion"},{"floor":11,"key":"LiquidBronze"},{"floor":14,"key":"FairyPotion"},{"floor":18,"key":"Poison Potion"}],"is_trial":false,"path_per_floor":["M","?","$","?","T","E","M","E","T","$","M","R","?","M","R","B",null,"M","M","?","?","$","R"],"character_chosen":"IRONCLAD","items_purchased":["Inflame","Warcry","SpeedPotion"],"campfire_rested":2,"item_purchase_floors":[3,10,10],"current_hp_per_floor":[80,64,64,64,64,52,57,12,12,12,16,40,40,37,61,8,80,76,43,43,43,43,43,0],"gold":64,"neow_bonus":"","is_prod":false,"is_daily":false,"chose_seed":false,"campfire_upgraded":1,"win_rate":0.0,"timestamp":1532159816,"path_taken":["M","?","$","?","?","E","?","E","T","?","?","R","?","M","R","BOSS","M","M","?","?","$","R","E"],"build_version":"2018-07-19v2","purchased_purges":3,"victory":false,"max_hp_per_floor":[80,80,80,80,80,80,80,80,80,80,80,80,80,80,80,80,80,80,80,80,80,80,80,80],"card_choices":[{"not_picked":["Whirlwind","Pummel"],"picked":"Havoc","floor":1},{"not_picked":["Rupture","Clash"],"picked":"Hemokinesis","floor":6},{"not_picked":["Searing Blow","Flex"],"picked":"Feel No Pain","floor":7},{"not_picked":["Shrug It Off","Cleave"],"picked":"Fiend Fire","floor":8},{"not_picked":["Carnage","Twin Strike"],"picked":"Metallicize","floor":11},{"not_picked":["Heavy Blade","Pommel Strike"],"picked":"Flex","floor":14},{"not_picked":["Feed","Berserk"],"picked":"Exhume","floor":16},{"not_picked":["Dropkick","Perfected Strike"],"picked":"Shrug It Off","floor":18},{"not_picked":["Sword Boomerang","Perfected Strike","Intimidate"],"picked":"SKIP","floor":19}],"player_experience":126162,"relics_obtained":[{"floor":5,"key":"Smiling Mask"},{"floor":6,"key":"Tiny Chest"},{"floor":8,"key":"War Paint"},{"floor":9,"key":"Whetstone"}],"event_choices":[{"event_name":"Shining Light","player_choice":"Entered Light","floor":2,"damage_taken":0},{"event_name":"Living Wall","player_choice":"Change","floor":4,"damage_taken":0},{"event_name":"Golden Idol","player_choice":"Take Wound","floor":13,"damage_taken":0},{"event_name":"Addict","player_choice":"Obtained Relic","floor":20,"damage_taken":0},{"event_name":"The Library","player_choice":"Read","floor":21,"damage_taken":0}],"is_beta":false,"boss_relics":[{"not_picked":["Astrolabe","Black Star"],"picked":"Mark of Pain"}],"items_purged_floors":[3,10,22],"is_endless":false,"potions_floor_spawned":[1,11,14,18],"killed_by":"Book of Stabbing","ascension_level":0}