{"gold_per_floor":[117,129,9,24,36,36,69,69,150,163,176,195,195,195,195,297,297,310,161,189,10,29,29,47,61,136,154,154,154,181,200,200,295,295,312,323,71,83,83,83,83,83],"floor_reached":42,"playtime":1245,"items_purged":["Strike_R","Strike_R","Strike_R"],"score":447,"play_id":"0e53def6-6767-41b2-be8a-be4acf63ce85","local_time":"20180720184944","is_ascension_mode":false,"campfire_choices":[{"data":"Cleave","floor":6,"key":"SMITH"},{"data":"Infernal Blade","floor":8,"key":"SMITH"},{"floor":13,"key":"REST"},{"floor":15,"key":"REST"},{"data":"True Grit","floor":23,"key":"SMITH"},{"data":"Limit Break","floor":29,"key":"SMITH"},{"data":"Spot Weakness","floor":32,"key":"SMITH"},{"floor":40,"key":"REST"}],"neow_cost":"NONE","seed_source_timestamp":532602870318335,"circlet_count":0,"master_deck":["Strike_R","Strike_R","Defend_R","Defend_R","Defend_R","Defend_R","Bash","Flex","Thunderclap","Thunderclap","Cleave+1","Spot Weakness+1","Infernal Blade+1","Flex","Limit Break+1","Cleave","True Grit+1","Flex+1","Flex","Regret","Iron Wave+1","Immolate","Immolate","Flex","True Grit","Infernal Blade+1","Iron Wave+1","Flex+1","Madness","Madness"],"relics":["Burning Blood","Gambling Chip","Pen Nib","Cursed Key","Red Mask","Mummified Hand","Nloth\u0027s Gift","Blood Vial","Orrery","Shuriken"],"potions_floor_usage":[5,16,18,18,27,30,33,36],"damage_taken":[{"damage":1,"enemies":"Cultist","floor":1,"turns":3},{"damage":5,"enemies":"Jaw Worm","floor":2,"turns":4},{"damage":0,"enemies":"Small Slimes","floor":4,"turns":2},{"damage":0,"enemies":"3 Louse","floor":5,"turns":1},{"damage":44,"enemies":"Lagavulin","floor":7,"turns":6},{"damage":4,"enemies":"2 Fungi Beasts","floor":10,"turns":2},{"damage":21,"enemies":"Exordium Wildlife","floor":11,"turns":2},{"damage":2,"enemies":"Blue Slaver","floor":12,"turns":2},{"damage":54,"enemies":"Hexaghost","floor":16,"turns":7},{"damage":10,"enemies":"Spheric Guardian","floor":18,"turns":3},{"damage":10,"floor":20,"turns":2},{"damage":1,"enemies":"Chosen","floor":22,"turns":3},{"damage":14,"enemies":"Centurion and Healer","floor":24,"turns":3},{"damage":1,"enemies":"Chosen and Byrds","floor":25,"turns":2},{"damage":8,"enemies":"Snecko","floor":27,"turns":4},{"damage":9,"enemies":"Gremlin Leader","floor":30,"turns":4},{"damage":32,"enemies":"Cultist and Chosen","floor":31,"turns":5},{"damage":49,"enemies":"Collector","floor":33,"turns":7},{"damage":29,"enemies":"Orb Walker","floor":35,"turns":4},{"damage":0,"enemies":"3 Darklings","floor":36,"turns":2},{"damage":44,"enemies":"Transient","floor":38,"turns":5},{"damage":50,"enemies":"Sphere and 2 Shapes","floor":42,"turns":3}],"seed_played":"7545563828043300448","potions_obtained":[{"floor":1,"key":"Explosive Potion"},{"floor":7,"key":"Ancient Potion"},{"floor":12,"key":"SkillPotion"},{"floor":16,"key":"Poison Potion"},{"floor":24,"key":"Regen Potion"},{"floor":27,"key":"Swift Potion"},{"floor":31,"key":"Energy Potion"},{"floor":33,"key":"SteroidPotion"},{"floor":35,"key":"PowerPotion"}],"is_trial":false,"path_per_floor":["M","M","$","M","M","R","E","R","T","M","M","M","R","?","R","B",null,"M","$","?","$","M","R","M","M","T","M","?","R","E","M","R","B",null,"M","M","$","M","?","R","?"],"character_chosen":"IRONCLAD","items_purchased":["Cleave","Cleave","True Grit","Shuriken"],"campfire_rested":3,"item_purchase_floors":[3,19,21,37],"current_hp_per_floor":[80,80,80,80,80,80,42,42,42,44,29,33,57,57,80,32,80,76,76,72,72,77,77,69,74,74,79,79,79,76,52,52,11,80,57,65,65,29,29,53,43,0],"gold":83,"neow_bonus":"THREE_CARDS","is_prod":false,"is_daily":false,"chose_seed":false,"campfire_upgraded":5,"win_rate":0.0,"timestamp":1532101784,"path_taken":["M","M","$","M","M","R","E","R","T","M","?","M","R","?","R","BOSS","M","$","?","?","?","R","M","M","T","M","?","R","E","M","R","BOSS","M","M","$","M","?","R","?","M"],"build_version":"2018-07-19v2","purchased_purges":3,"victory":false,"max_hp_per_floor":[80,80,80,80,80,80,80,80,80,80,80,80,80,80,80,80,80,80,80,80,80,80,80,80,80,80,80,80,80,80,80,80,80,80,80,80,80,80,80,80,80,80],"card_choices":[{"not_picked":["Headbutt","Metallicize"],"picked":"Flex","floor":0},{"not_picked":["Evolve","Pommel Strike"],"picked":"Thunderclap","floor":1},{"not_picked":["Metallicize","Armaments"],"picked":"Thunderclap","floor":2},{"not_picked":["Combust","Evolve"],"picked":"Spot Weakness","floor":4},{"not_picked":["Thunderclap","Shockwave"],"picked":"Infernal Blade","floor":5},{"not_picked":["Sever Soul","Thunderclap"],"picked":"Flex","floor":7},{"not_picked":["Perfected Strike","Thunderclap","Pommel Strike"],"picked":"SKIP","floor":10},{"not_picked":["Clash","Blood for Blood","Havoc"],"picked":"SKIP","floor":11},{"not_picked":["Pummel","Warcry","Heavy Blade"],"picked":"SKIP","floor":12},{"not_picked":["Demon Form","Feed"],"picked":"Limit Break","floor":16},{"not_picked":["Wild Strike","Perfected Strike","Armaments"],"picked":"SKIP","floor":18},{"not_picked":["Headbutt","Shrug It Off+1"],"picked":"Flex+1","floor":22},{"not_picked":["Carnage","Flex","Twin Strike+1"],"picked":"SKIP","floor":24},{"not_picked":["Warcry+1","Twin Strike"],"picked":"Flex","floor":25},{"not_picked":["Perfected Strike+1","Combust"],"picked":"Iron Wave+1","floor":27},{"not_picked":["Shrug It Off+1","True Grit"],"picked":"Immolate","floor":30},{"not_picked":["Thunderclap","Perfected Strike","Pommel Strike"],"picked":"SKIP","floor":31},{"not_picked":["Impervious","Juggernaut"],"picked":"Immolate","floor":33},{"not_picked":["Twin Strike","Wild Strike"],"picked":"Flex","floor":34},{"not_picked":["Anger","Whirlwind"],"picked":"Cleave","floor":34},{"not_picked":["Pommel Strike+1","Sword Boomerang"],"picked":"True Grit","floor":34},{"not_picked":["Clash","True Grit+1"],"picked":"Infernal Blade+1","floor":35},{"not_picked":["Reckless Charge+1","Anger"],"picked":"Iron Wave+1","floor":36},{"not_picked":["Thunderclap+1","Headbutt"],"picked":"Flex+1","floor":38}],"player_experience":116295,"relics_obtained":[{"floor":7,"key":"Gambling Chip"},{"floor":9,"key":"Self Forming Clay"},{"floor":20,"key":"Red Mask"},{"floor":26,"key":"Mummified Hand"},{"floor":30,"key":"Blood Vial"}],"event_choices":[{"event_name":"Dead Adventurer","player_choice":"Searched \u00271\u0027 times","floor":14,"damage_taken":0},{"event_name":"Masked Bandits","player_choice":"Fought over 161 gold","floor":20,"damage_taken":0},{"event_name":"N\u0027loth","player_choice":"Traded a Self Forming Clay","floor":28,"damage_taken":0},{"event_name":"Falling","player_choice":"Removed Attack","floor":39,"damage_taken":0},{"event_name":"Winding Halls","player_choice":"Embrace Madness","floor":41,"damage_taken":0}],"is_beta":false,"boss_relics":[{"not_picked":["Tiny House","Runic Cube"],"picked":"Cursed Key"},{"not_picked":["Black Star","Lizard Tail"],"picked":"Orrery"}],"items_purged_floors":[3,19,21],"is_endless":false,"potions_floor_spawned":[1,7,12,16,24,27,31,33,35],"killed_by":"Sphere and 2 Shapes","ascension_level":0}