{"gold_per_floor":[116,116,132,150,150,183,183,133,181,209,209,134,149,183,183,279,279,291,291,272,20,34,34,45,45,45,45,55,55],"floor_reached":29,"playtime":832,"items_purged":["Strike_R","Writhe"],"score":316,"play_id":"3e88c30e-21c4-4269-a5aa-b6c001f31547","local_time":"20191012143607","is_ascension_mode":true,"campfire_choices":[{"data":"Bash","floor":7,"key":"SMITH"},{"data":"Evolve","floor":11,"key":"SMITH"},{"floor":15,"key":"REST"},{"data":"Armaments","floor":23,"key":"SMITH"},{"data":"Dark Embrace","floor":25,"key":"SMITH"},{"data":"Havoc","floor":27,"key":"SMITH"}],"neow_cost":"NONE","seed_source_timestamp":524483424852500,"circlet_count":0,"master_deck":["Bash+1","Anger","Fire Breathing","Clothesline","Evolve+1","Havoc+1","Fiend Fire","Impervious","Perfected Strike","Dark Embrace+1","Sword Boomerang","Feed","Heavy Blade","Ghostly Armor","Ghostly Armor+1","Armaments+1"],"relics":["Burning Blood","NeowsBlessing","Boot","Regal Pillow","Orichalcum","Incense Burner","Pandora\u0027s Box","PreservedInsect","Vajra","Kunai"],"potions_floor_usage":[6,14,14,24,24,29],"damage_taken":[{"damage":0,"enemies":"Jaw Worm","floor":1,"turns":1},{"damage":0,"enemies":"Cultist","floor":3,"turns":1},{"damage":0,"enemies":"Small Slimes","floor":4,"turns":1},{"damage":35,"enemies":"Lagavulin","floor":6,"turns":8},{"damage":35,"enemies":"3 Sentries","floor":10,"turns":5},{"damage":11,"enemies":"Looter","floor":13,"turns":3},{"damage":12,"enemies":"Gremlin Nob","floor":14,"turns":4},{"damage":39,"enemies":"Slime Boss","floor":16,"turns":7},{"damage":24,"enemies":"Shell Parasite","floor":18,"turns":5},{"damage":21,"enemies":"2 Thieves","floor":20,"turns":4},{"damage":13,"enemies":"Centurion and Healer","floor":22,"turns":7},{"damage":16,"enemies":"Cultist and Chosen","floor":24,"turns":5},{"damage":33,"enemies":"Snake Plant","floor":28,"turns":6},{"damage":19,"enemies":"Slavers","floor":29,"turns":1}],"seed_played":"5405072912637960699","potions_obtained":[{"floor":3,"key":"Dexterity Potion"},{"floor":4,"key":"EssenceOfSteel"},{"floor":6,"key":"Fruit Juice"},{"floor":10,"key":"DuplicationPotion"},{"floor":18,"key":"Weak Potion"},{"floor":22,"key":"Regen Potion"}],"is_trial":false,"path_per_floor":["M","?","M","M","?","E","R","?","T","E","R","$","M","E","R","B",null,"M","?","M","$","M","R","M","R","T","R","M","E"],"character_chosen":"IRONCLAD","items_purchased":["Vajra"],"campfire_rested":1,"item_purchase_floors":[21],"current_hp_per_floor":[78,78,80,80,85,61,61,61,61,32,32,32,27,21,63,30,75,57,57,42,42,35,35,37,37,37,37,10,0],"gold":55,"neow_bonus":"THREE_ENEMY_KILL","is_prod":false,"is_daily":false,"chose_seed":false,"campfire_upgraded":5,"win_rate":0,"timestamp":1570880167,"path_taken":["M","?","M","?","?","E","R","?","T","E","R","$","M","E","R","BOSS","M","?","M","$","M","R","M","R","T","R","M","E"],"build_version":"2019-10-11","purchased_purges":2,"victory":false,"max_hp_per_floor":[80,80,80,80,85,90,90,90,90,90,90,90,90,90,90,90,90,90,90,90,90,90,90,90,90,90,90,90,90],"card_choices":[{"not_picked":["Body Slam","Whirlwind"],"picked":"Anger","floor":1},{"not_picked":["Burning Pact","Pummel"],"picked":"Fire Breathing","floor":3},{"not_picked":["Hemokinesis","Sword Boomerang"],"picked":"Clothesline","floor":4},{"not_picked":["Wild Strike","Iron Wave"],"picked":"Evolve","floor":6},{"not_picked":["Searing Blow","Spot Weakness"],"picked":"Havoc","floor":10},{"not_picked":["Feed","Perfected Strike","Infernal Blade"],"picked":"SKIP","floor":13},{"not_picked":["Headbutt","Anger"],"picked":"Fiend Fire","floor":14},{"not_picked":["Double Tap","Barricade"],"picked":"Impervious","floor":16},{"not_picked":["Havoc","Entrench+1"],"picked":"Ghostly Armor+1","floor":18},{"not_picked":["Heavy Blade","Havoc+1","Twin Strike"],"picked":"SKIP","floor":20},{"not_picked":["Fire Breathing","Iron Wave"],"picked":"Armaments","floor":22},{"not_picked":["Entrench","Clothesline","Pummel+1"],"picked":"SKIP","floor":24},{"not_picked":["Thunderclap","Body Slam","Heavy Blade"],"picked":"SKIP","floor":28}],"player_experience":373442,"relics_obtained":[{"floor":6,"key":"Boot"},{"floor":9,"key":"Regal Pillow"},{"floor":10,"key":"Orichalcum"},{"floor":14,"key":"Incense Burner"},{"floor":26,"key":"Kunai"}],"event_choices":[{"cards_removed":["Strike_R"],"damage_healed":0,"gold_gain":0,"player_choice":"Purged","damage_taken":0,"max_hp_gain":0,"max_hp_loss":0,"event_name":"Purifier","floor":2,"gold_loss":0},{"damage_healed":0,"gold_gain":0,"player_choice":"Donut","damage_taken":0,"max_hp_gain":5,"max_hp_loss":0,"event_name":"Big Fish","floor":5,"gold_loss":0},{"cards_removed":["Strike_R"],"damage_healed":0,"gold_gain":0,"player_choice":"Card Removal","damage_taken":0,"max_hp_gain":0,"max_hp_loss":0,"event_name":"The Cleric","floor":8,"gold_loss":50},{"damage_healed":0,"gold_gain":0,"player_choice":"Opened","damage_taken":0,"relics_obtained":["PreservedInsect"],"max_hp_gain":0,"max_hp_loss":0,"event_name":"The Mausoleum","floor":19,"gold_loss":0,"cards_obtained":["Writhe"]}],"is_beta":true,"boss_relics":[{"not_picked":["Snecko Eye","Philosopher\u0027s Stone"],"picked":"Pandora\u0027s Box"}],"items_purged_floors":[12,21],"is_endless":false,"potions_floor_spawned":[3,4,6,10,18,22],"killed_by":"Slavers","ascension_level":6}