{"gold_per_floor":[209,77,96,107,126,156,1,33,60,72,98,110,47,0,12,98,110,142,154,166,198,210,222,246,283,371,1,1,19,19,53,53,127,127,139,164,2,15,15,15,48,48,73,73,92,107,118,37,37,37,37],"floor_reached":52,"playtime":4112,"items_purged":["Strike_B","Strike_B"],"score":1781,"play_id":"66745cce-2b6a-4029-a6a8-15967043d865","local_time":"20191026220232","is_ascension_mode":true,"campfire_choices":[{"data":"Streamline","floor":10.0,"key":"SMITH"},{"data":"Consume","floor":12.0,"key":"SMITH"},{"data":"Zap","floor":15.0,"key":"SMITH"},{"data":"Dualcast","floor":23.0,"key":"SMITH"},{"data":"Self Repair","floor":28.0,"key":"SMITH"},{"floor":30.0,"key":"REST"},{"floor":32.0,"key":"REST"},{"floor":40.0,"key":"REST"},{"floor":42.0,"key":"REST"},{"floor":44.0,"key":"RECALL"},{"floor":49.0,"key":"REST"}],"neow_cost":"NONE","seed_source_timestamp":1219066110164700,"circlet_count":0,"master_deck":["AscendersBane","Strike_B","Defend_B","Defend_B","Defend_B","Defend_B","Zap+1","Dualcast+1","Rip and Tear+1","Streamline+1","Glacier","Cold Snap+1","BootSequence","Ball Lightning","Glacier","Consume+1","Leap","Electrodynamics","Self Repair+1","Consume+1","Glacier+1","Echo Form","Rebound","Consume+1","Echo Form"],"special_seed":0,"relics":["Cracked Core","Bag of Preparation","Whetstone","MawBank","Inserter","Potion Belt","Meat on the Bone","DollysMirror","Oddly Smooth Stone","Blue Candle","Fusion Hammer","Ginger","Lantern","Blood Vial","Centennial Puzzle"],"potions_floor_usage":[50,51,51,51],"damage_taken":[{"damage":3.0,"enemies":"2 Louse","floor":1.0,"turns":2.0},{"damage":1.0,"enemies":"Cultist","floor":3.0,"turns":3.0},{"damage":3.0,"enemies":"Small Slimes","floor":4.0,"turns":3.0},{"damage":22.0,"enemies":"Exordium Thugs","floor":5.0,"turns":6.0},{"damage":8.0,"enemies":"Lagavulin","floor":6.0,"turns":5.0},{"damage":6.0,"enemies":"Gremlin Nob","floor":8.0,"turns":3.0},{"damage":0.0,"enemies":"2 Fungi Beasts","floor":11.0,"turns":3.0},{"damage":7.0,"enemies":"Hexaghost","floor":16.0,"turns":9.0},{"damage":1.0,"enemies":"Spheric Guardian","floor":18.0,"turns":5.0},{"damage":9.0,"enemies":"3 Byrds","floor":21.0,"turns":4.0},{"damage":1.0,"enemies":"Snecko","floor":24.0,"turns":5.0},{"damage":45.0,"enemies":"Book of Stabbing","floor":25.0,"turns":7.0},{"damage":19.0,"enemies":"Shelled Parasite and Fungi","floor":29.0,"turns":6.0},{"damage":39.0,"enemies":"Slavers","floor":31.0,"turns":5.0},{"damage":38.0,"enemies":"Collector","floor":33.0,"turns":12.0},{"damage":7.0,"enemies":"Orb Walker","floor":35.0,"turns":4.0},{"damage":0.0,"enemies":"Mind Bloom Boss Battle","floor":36.0,"turns":6.0},{"damage":44.0,"enemies":"3 Darklings","floor":38.0,"turns":9.0},{"damage":29.0,"enemies":"Reptomancer","floor":41.0,"turns":8.0},{"damage":0.0,"enemies":"4 Shapes","floor":45.0,"turns":4.0},{"damage":29.0,"enemies":"Writhing Mass","floor":46.0,"turns":7.0},{"damage":3.0,"enemies":"3 Darklings","floor":47.0,"turns":3.0},{"damage":21,"enemies":"Time Eater","floor":50,"turns":17},{"damage":8,"enemies":"Donu and Deca","floor":51,"turns":40}],"seed_played":"8157175722100979383","potions_obtained":[{"floor":4.0,"key":"PowerPotion"},{"floor":6.0,"key":"SteroidPotion"},{"floor":11.0,"key":"PowerPotion"},{"floor":18.0,"key":"Fire Potion"},{"floor":24.0,"key":"Strength Potion"},{"floor":33.0,"key":"BlessingOfTheForge"},{"floor":36.0,"key":"PowerPotion"},{"floor":47.0,"key":"PotionOfCapacity"}],"is_trial":false,"path_per_floor":["M","$","M","M","M","E","$","E","T","R","M","R","?","?","R","B",null,"M","?","$","M","?","R","M","E","T","$","R","M","R","E","R","B",null,"M","?","$","M","?","R","E","R","T","R","M","M","M","$","R","B","B",null],"character_chosen":"DEFECT","items_purchased":["Streamline","Ball Lightning","DollysMirror","Oddly Smooth Stone","Dexterity Potion","Lantern","Echo Form"],"campfire_rested":5,"item_purchase_floors":[2,7,27,27,27,37,48],"current_hp_per_floor":[61,61,60,57,35,27,27,21,21,21,21,21,21,21,21,14,57,56,81,81,72,72,72,71,26,26,26,26,29,53,36,60,44,72,75,81,81,59,59,81,62,81,81,81,81,72,81,81,81,80,81],"gold":37,"neow_bonus":"HUNDRED_GOLD","is_prod":false,"is_daily":false,"chose_seed":false,"campfire_upgraded":5,"win_rate":0,"timestamp":1572141752,"path_taken":["M","$","M","M","M","E","$","E","T","R","M","R","?","?","R","BOSS","M","?","$","?","?","R","M","E","T","?","R","M","R","E","R","BOSS","M","?","$","M","?","R","E","R","T","R","M","M","M","$","R","BOSS","BOSS"],"build_version":"2019-10-25-V3","purchased_purges":2,"victory":true,"max_hp_per_floor":[71,71,71,71,71,71,71,71,71,71,71,71,71,71,71,71,71,71,81,81,81,81,81,81,81,81,81,81,81,81,81,81,81,81,81,81,81,81,81,81,81,81,81,81,81,81,81,81,81,81,81],"card_choices":[{"not_picked":["Barrage","Conserve Battery"],"picked":"Rip and Tear","floor":1.0},{"not_picked":["Static Discharge","Double Energy"],"picked":"Glacier","floor":3.0},{"not_picked":["Sweeping Beam","Conserve Battery"],"picked":"Cold Snap","floor":4.0},{"not_picked":["Beam Cell","Chill"],"picked":"Lockon","floor":5.0},{"not_picked":["Beam Cell","Sweeping Beam"],"picked":"BootSequence","floor":6.0},{"not_picked":["Streamline","Gash"],"picked":"Glacier","floor":8.0},{"not_picked":["Stack","Streamline"],"picked":"Consume","floor":11.0},{"not_picked":["All For One","Hyperbeam"],"picked":"Core Surge","floor":16.0},{"not_picked":["Streamline","Redo+1"],"picked":"Leap","floor":18.0},{"not_picked":["Leap","Barrage","White Noise"],"picked":"SKIP","floor":21.0},{"not_picked":["Compile Driver","Hologram+1"],"picked":"Electrodynamics","floor":24.0},{"not_picked":["Barrage","Stack"],"picked":"Self Repair","floor":25.0},{"not_picked":["Stack","Leap","Force Field"],"picked":"SKIP","floor":29.0},{"not_picked":["Hologram","Turbo"],"picked":"Glacier+1","floor":31.0},{"not_picked":["Buffer","Meteor Strike"],"picked":"Echo Form","floor":33.0},{"not_picked":["Defragment","Sweeping Beam+1","Redo"],"picked":"SKIP","floor":35.0},{"not_picked":["Stack+1","Redo+1"],"picked":"Rebound","floor":36.0},{"not_picked":["Sweeping Beam","Cold Snap+1","Chill"],"picked":"SKIP","floor":38.0},{"not_picked":["Lockon","Streamline","Static Discharge"],"picked":"SKIP","floor":41.0},{"not_picked":["Blizzard","Self Repair"],"picked":"Consume+1","floor":45.0},{"not_picked":["Scrape","Coolheaded","Streamline"],"picked":"SKIP","floor":46.0},{"not_picked":["Barrage","Beam Cell","Heatsinks+1"],"picked":"SKIP","floor":47.0}],"player_experience":935406,"relics_obtained":[{"floor":6.0,"key":"Bag of Preparation"},{"floor":8.0,"key":"Whetstone"},{"floor":9.0,"key":"MawBank"},{"floor":25.0,"key":"Potion Belt"},{"floor":26.0,"key":"Meat on the Bone"},{"floor":31.0,"key":"Blue Candle"},{"floor":36.0,"key":"Ginger"},{"floor":41.0,"key":"Blood Vial"},{"floor":43.0,"key":"Centennial Puzzle"}],"event_choices":[{"cards_removed":["Strike_B"],"damage_healed":0.0,"max_hp_gain":0.0,"max_hp_loss":0.0,"gold_gain":0.0,"event_name":"The Cleric","player_choice":"Card Removal","floor":13.0,"gold_loss":75.0,"damage_taken":0.0},{"damage_healed":0.0,"max_hp_gain":0.0,"max_hp_loss":0.0,"gold_gain":0.0,"event_name":"World of Goop","player_choice":"Left Gold","floor":14.0,"gold_loss":59.0,"damage_taken":0.0},{"cards_removed":["Core Surge"],"damage_healed":15.0,"max_hp_gain":10.0,"max_hp_loss":0.0,"gold_gain":0.0,"event_name":"Bonfire Elementals","player_choice":"Offered Rare","floor":19.0,"gold_loss":0.0,"damage_taken":0.0},{"damage_healed":0.0,"max_hp_gain":0.0,"max_hp_loss":0.0,"gold_gain":0.0,"event_name":"Vampires","player_choice":"Ignored","floor":22.0,"gold_loss":0.0,"damage_taken":0.0},{"damage_healed":0.0,"max_hp_gain":0.0,"max_hp_loss":0.0,"gold_gain":0.0,"event_name":"MindBloom","player_choice":"Fight","floor":36.0,"gold_loss":0.0,"damage_taken":0.0},{"cards_removed":["Lockon"],"damage_healed":0.0,"max_hp_gain":0.0,"max_hp_loss":0.0,"gold_gain":0.0,"event_name":"Falling","player_choice":"Removed Attack","floor":39.0,"gold_loss":0.0,"damage_taken":0.0}],"is_beta":true,"boss_relics":[{"not_picked":["SacredBark","SlaversCollar"],"picked":"Inserter"},{"not_picked":["Astrolabe","Coffee Dripper"],"picked":"Fusion Hammer"}],"items_purged_floors":[2,7],"is_endless":false,"potions_floor_spawned":[4,6,11,18,24,33,36,47],"ascension_level":20}