{"gold_per_floor":[109,121,121,140,65,65,91,91,391,407,419,430,459,222,222,323,323,343,92,2,14,27,27],"floor_reached":23,"playtime":1395,"items_purged":["Strike_R","Strike_R","Strike_R"],"score":284,"play_id":"e272a194-f6ef-4f9e-8db7-d2ed07c0c836","local_time":"20191017150056","is_ascension_mode":true,"campfire_choices":[{"data":"Combust","floor":6.0,"key":"SMITH"},{"data":"Spot Weakness","floor":8.0,"key":"SMITH"},{"floor":15.0,"key":"REST"}],"neow_cost":"NONE","seed_source_timestamp":0,"circlet_count":0,"master_deck":["Defend_R","Defend_R","Defend_R","Defend_R","Bash","Combust+1","Shrug It Off","Spot Weakness+1","Finesse","Iron Wave","Sword Boomerang","Clothesline","Immolate+1","Demon Form","Shockwave","Flame Barrier","Warcry+1","Heavy Blade"],"special_seed":0,"relics":["Burning Blood","Shuriken","Old Coin","Dodecahedron","Mark of Pain"],"potions_floor_usage":[16,21,23,23],"damage_taken":[{"damage":9.0,"enemies":"Jaw Worm","floor":1.0,"turns":4.0},{"damage":10.0,"enemies":"Cultist","floor":2.0,"turns":5.0},{"damage":8.0,"enemies":"Small Slimes","floor":4.0,"turns":4.0},{"damage":43.0,"enemies":"Gremlin Nob","floor":7.0,"turns":5.0},{"damage":2.0,"enemies":"Exordium Wildlife","floor":10.0,"turns":3.0},{"damage":21.0,"enemies":"Exordium Thugs","floor":11.0,"turns":4.0},{"damage":2.0,"enemies":"Looter","floor":12.0,"turns":3.0},{"damage":14.0,"enemies":"Lagavulin","floor":13.0,"turns":6.0},{"damage":41,"enemies":"Slime Boss","floor":16,"turns":8},{"damage":28,"enemies":"Chosen","floor":18,"turns":5},{"damage":11,"enemies":"3 Byrds","floor":21,"turns":4},{"damage":27,"enemies":"Sentry and Sphere","floor":22,"turns":4},{"damage":17,"enemies":"Gremlin Leader","floor":23,"turns":2}],"seed_played":"5200061692279570519","potions_obtained":[{"floor":4.0,"key":"Poison Potion"},{"floor":7.0,"key":"BloodPotion"},{"floor":11.0,"key":"Strength Potion"},{"floor":12.0,"key":"LiquidBronze"},{"floor":18,"key":"Poison Potion"}],"is_trial":false,"path_per_floor":["M","M","?","M","$","R","E","R","T","M","M","M","E","$","R","B",null,"M","$","?","M","M","E"],"character_chosen":"IRONCLAD","items_purchased":["Immolate","Flame Barrier","Block Potion"],"campfire_rested":1,"item_purchase_floors":[14,19,19],"current_hp_per_floor":[69,65,65,63,63,63,26,26,26,30,15,19,11,11,35,20,65,43,43,43,38,17,0],"gold":27,"neow_bonus":"TRANSFORM_CARD","is_prod":false,"is_daily":false,"chose_seed":false,"campfire_upgraded":2,"win_rate":0,"timestamp":1571317256,"path_taken":["M","M","?","M","$","R","E","R","T","?","M","M","E","?","R","BOSS","M","?","?","M","M","E"],"build_version":"2019-07-17","purchased_purges":3,"victory":false,"max_hp_per_floor":[80,80,80,80,80,80,80,80,80,80,80,80,80,80,80,80,80,80,80,80,80,80,80],"card_choices":[{"not_picked":["Thunderclap","Perfected Strike"],"picked":"Shrug It Off","floor":1.0},{"not_picked":["Clothesline","Perfected Strike"],"picked":"Spot Weakness","floor":2.0},{"not_picked":["Heavy Blade","Body Slam","Perfected Strike"],"picked":"SKIP","floor":4.0},{"not_picked":["Power Through","Perfected Strike"],"picked":"Iron Wave","floor":7.0},{"not_picked":["Feel No Pain","Shrug It Off"],"picked":"Sword Boomerang","floor":10.0},{"not_picked":["Wild Strike","Body Slam","Havoc"],"picked":"SKIP","floor":11.0},{"not_picked":["Juggernaut","Headbutt"],"picked":"Clothesline","floor":12.0},{"not_picked":["Body Slam","Flex","Perfected Strike"],"picked":"SKIP","floor":13.0},{"not_picked":["Impervious","Exhume"],"picked":"Demon Form","floor":16},{"not_picked":["True Grit","Intimidate"],"picked":"Shockwave","floor":18},{"not_picked":["Body Slam","Sword Boomerang"],"picked":"Warcry+1","floor":21},{"not_picked":["Flex","Rampage"],"picked":"Heavy Blade","floor":22}],"player_experience":284008,"relics_obtained":[{"floor":7.0,"key":"Shuriken"},{"floor":9.0,"key":"Old Coin"},{"floor":13.0,"key":"Dodecahedron"}],"event_choices":[{"damage_healed":0.0,"max_hp_gain":0.0,"max_hp_loss":0.0,"gold_gain":0.0,"event_name":"Match and Keep!","player_choice":"1 cards matched","floor":3.0,"gold_loss":0.0,"damage_taken":0.0,"cards_obtained":["Finesse"]},{"cards_removed":["Strike_R"],"damage_healed":0,"gold_gain":0,"player_choice":"Upgrade and Remove","damage_taken":0,"max_hp_gain":0,"max_hp_loss":0,"event_name":"Designer","floor":20,"gold_loss":90,"cards_upgraded":["Immolate"]}],"is_beta":false,"boss_relics":[{"not_picked":["White Beast Statue","Busted Crown"],"picked":"Mark of Pain"}],"items_purged_floors":[5,14,19],"is_endless":false,"potions_floor_spawned":[4,7,11,12,18],"killed_by":"Gremlin Leader","ascension_level":8}