{"gold_per_floor":[113,113,125,135,154,154,184,202,250,250,263,82,82,92,92,168,168,180,196,24,24,42,42],"floor_reached":23,"playtime":1795,"items_purged":["Strike_B"],"score":351,"play_id":"620d97f7-2e3c-4537-900d-5245149d43a3","local_time":"20191026193220","is_ascension_mode":true,"campfire_choices":[{"data":"Zap","floor":6.0,"key":"SMITH"},{"floor":10,"key":"REST"},{"data":"Thunder Strike","floor":13,"key":"SMITH"},{"floor":15,"key":"REST"}],"neow_cost":"NONE","seed_source_timestamp":1164818087325700,"circlet_count":0,"master_deck":["AscendersBane","Strike_B","Strike_B","Defend_B","Defend_B","Defend_B","Defend_B","Zap+1","Dualcast","Thunder Strike+1","Genetic Algorithm","Genetic Algorithm","Sweeping Beam","Conserve Battery","Ball Lightning","Conserve Battery","Cold Snap","Ball Lightning","Biased Cognition","Chill+1","Go for the Eyes","Core Surge","Genetic Algorithm"],"special_seed":0,"relics":["FrozenCore","Boot","Potion Belt"],"potions_floor_usage":[7,7,8,18,19,22],"damage_taken":[{"damage":2.0,"enemies":"Jaw Worm","floor":1.0,"turns":3.0},{"damage":6.0,"enemies":"Cultist","floor":3.0,"turns":3.0},{"damage":14.0,"enemies":"2 Louse","floor":4.0,"turns":3.0},{"damage":4.0,"enemies":"Lots of Slimes","floor":5.0,"turns":3.0},{"damage":37,"enemies":"Gremlin Nob","floor":7,"turns":5},{"damage":0,"enemies":"2 Fungi Beasts","floor":8,"turns":3},{"damage":1,"enemies":"Blue Slaver","floor":11,"turns":4},{"damage":0,"enemies":"Exordium Wildlife","floor":14,"turns":5},{"damage":18,"enemies":"Hexaghost","floor":16,"turns":10},{"damage":3,"enemies":"Spheric Guardian","floor":18,"turns":5},{"damage":10,"enemies":"2 Thieves","floor":19,"turns":4},{"damage":19,"enemies":"3 Cultists","floor":22,"turns":6},{"damage":28,"enemies":"Book of Stabbing","floor":23,"turns":5}],"seed_played":"-1801883651716436279","potions_obtained":[{"floor":3.0,"key":"Strength Potion"},{"floor":4.0,"key":"SteroidPotion"},{"floor":5.0,"key":"FocusPotion"},{"floor":7,"key":"SteroidPotion"},{"floor":16,"key":"AttackPotion"},{"floor":18,"key":"SkillPotion"},{"floor":19,"key":"Energy Potion"}],"is_trial":false,"path_per_floor":["M","?","M","M","M","R","E","M","T","R","M","$","R","M","R","B",null,"M","M","$","?","M","E"],"character_chosen":"DEFECT","items_purchased":["SkillPotion","Ball Lightning","Core Surge"],"campfire_rested":2,"item_purchase_floors":[12,12,20],"current_hp_per_floor":[62,62,56,42,38,38,1,1,1,22,21,21,21,21,42,24,59,56,46,46,46,27,0],"gold":42,"neow_bonus":"ONE_RANDOM_RARE_CARD","is_prod":false,"is_daily":false,"chose_seed":false,"campfire_upgraded":2,"win_rate":0,"timestamp":1572111140,"path_taken":["M","?","M","M","M","R","E","M","T","R","M","$","R","M","R","BOSS","M","M","$","?","?","E"],"build_version":"2019-07-17","purchased_purges":1,"victory":false,"max_hp_per_floor":[71,71,71,71,71,71,71,71,71,71,71,71,71,71,71,71,71,71,71,71,71,71,71],"card_choices":[{"not_picked":["Coolheaded","Turbo"],"picked":"Genetic Algorithm","floor":1.0},{"not_picked":["Loop","Sunder"],"picked":"Genetic Algorithm","floor":3.0},{"not_picked":["Consume","Barrage"],"picked":"Sweeping Beam","floor":4.0},{"not_picked":["Turbo","Steam"],"picked":"Conserve Battery","floor":5.0},{"not_picked":["Darkness","Stack"],"picked":"Ball Lightning","floor":7},{"not_picked":["FTL","Consume"],"picked":"Conserve Battery","floor":8},{"not_picked":["Steam","Hello World"],"picked":"Cold Snap","floor":11},{"not_picked":["Hologram","Rebound","Force Field"],"picked":"SKIP","floor":14},{"not_picked":["All For One","Creative AI"],"picked":"Biased Cognition","floor":16},{"not_picked":["Compile Driver","Rebound"],"picked":"Chill+1","floor":18},{"not_picked":["Turbo","Darkness"],"picked":"Go for the Eyes","floor":19},{"not_picked":["Turbo","Streamline","Force Field"],"picked":"SKIP","floor":22}],"player_experience":355245,"relics_obtained":[{"floor":7,"key":"Boot"},{"floor":9,"key":"Potion Belt"}],"event_choices":[{"cards_removed":["Strike_B"],"damage_healed":0.0,"max_hp_gain":0.0,"max_hp_loss":0.0,"gold_gain":0.0,"event_name":"Living Wall","player_choice":"Forget","floor":2.0,"gold_loss":0.0,"damage_taken":0.0},{"damage_healed":0,"gold_gain":0,"player_choice":"Copied","damage_taken":0,"max_hp_gain":0,"max_hp_loss":0,"event_name":"Duplicator","floor":21,"gold_loss":0,"cards_obtained":["Genetic Algorithm"]}],"is_beta":false,"boss_relics":[{"not_picked":["Astrolabe","Eternal Feather"],"picked":"FrozenCore"}],"items_purged_floors":[12],"is_endless":false,"potions_floor_spawned":[3,4,5,7,16,18,19],"killed_by":"Book of Stabbing","ascension_level":16}