{"gold_per_floor":[114,132,149,224,324,355,355,390,390,404,404,415,415],"floor_reached":13,"playtime":424,"items_purged":[],"score":138,"play_id":"168a2ec1-f9c1-4aa9-aede-c2b0803f36b4","local_time":"20190831212322","is_ascension_mode":true,"campfire_choices":[{"floor":7,"key":"REST"},{"data":"Zap","floor":11,"key":"SMITH"}],"neow_cost":"NONE","seed_source_timestamp":1427337999736000,"circlet_count":0,"master_deck":["Strike_B","Strike_B","Strike_B","Defend_B","Defend_B","Defend_B","Defend_B","Zap+1","Dualcast","Rip and Tear","Ball Lightning","Rebound","Hologram","Electrodynamics","Coolheaded","Hologram"],"relics":["Cracked Core","Pen Nib","Du-Vu Doll","The Courier"],"potions_floor_usage":[8,12],"damage_taken":[{"damage":5,"enemies":"Small Slimes","floor":1,"turns":3},{"damage":2,"enemies":"Jaw Worm","floor":2,"turns":2},{"damage":0,"enemies":"Cultist","floor":3,"turns":3},{"damage":25,"enemies":"Lagavulin","floor":6,"turns":5},{"damage":20,"enemies":"3 Sentries","floor":8,"turns":5},{"damage":0,"enemies":"Blue Slaver","floor":10,"turns":2},{"damage":14,"enemies":"3 Louse","floor":12,"turns":3},{"damage":26,"enemies":"Gremlin Nob","floor":13,"turns":3}],"seed_played":"6794955741020080637","potions_obtained":[{"floor":2,"key":"SteroidPotion"},{"floor":6,"key":"GamblersBrew"}],"is_trial":false,"path_per_floor":["M","M","M","?","?","E","R","E","T","M","R","M","E"],"character_chosen":"DEFECT","items_purchased":[],"campfire_rested":1,"item_purchase_floors":[],"current_hp_per_floor":[63,61,61,50,50,25,47,27,27,27,27,13,0],"gold":415,"neow_bonus":"REMOVE_CARD","is_prod":false,"is_daily":false,"chose_seed":false,"campfire_upgraded":1,"win_rate":0,"timestamp":1567283002,"path_taken":["M","M","M","?","?","E","R","E","T","M","R","?","E"],"build_version":"2019-07-17","purchased_purges":0,"victory":false,"max_hp_per_floor":[75,75,75,75,75,75,75,75,75,75,75,75,75],"card_choices":[{"not_picked":["Compile Driver","Stack"],"picked":"Rip and Tear","floor":1},{"not_picked":["Go for the Eyes","Conserve Battery"],"picked":"Ball Lightning","floor":2},{"not_picked":["Barrage","Stack"],"picked":"Rebound","floor":3},{"not_picked":["Turbo","Loop"],"picked":"Hologram","floor":6},{"not_picked":["Chaos","Cold Snap"],"picked":"Electrodynamics","floor":8},{"not_picked":["Streamline","Rip and Tear"],"picked":"Coolheaded","floor":10},{"not_picked":["Streamline","Redo"],"picked":"Hologram","floor":12}],"player_experience":1889996,"relics_obtained":[{"floor":6,"key":"Pen Nib"},{"floor":8,"key":"Du-Vu Doll"},{"floor":9,"key":"The Courier"}],"event_choices":[{"damage_healed":0,"gold_gain":75,"player_choice":"Gather Gold","damage_taken":11,"max_hp_gain":0,"max_hp_loss":0,"event_name":"World of Goop","floor":4,"gold_loss":0},{"damage_healed":0,"gold_gain":100,"player_choice":"Pray","damage_taken":0,"max_hp_gain":0,"max_hp_loss":0,"event_name":"Golden Shrine","floor":5,"gold_loss":0}],"is_beta":false,"boss_relics":[],"items_purged_floors":[],"is_endless":false,"potions_floor_spawned":[2,6],"killed_by":"Gremlin Nob","ascension_level":9}