{"gold_per_floor":[110,110,60,78,96,124,124,155,229,229,244,214,214,231,231,326,326,336,355,371,4,18,18,52,52,52,77,77,96,113,142,142,244,244,255,271,290,304,404,404],"floor_reached":40,"playtime":2747,"items_purged":["Strike_R"],"score":713,"play_id":"aa0246ca-c669-423f-ba16-e97162a75c0f","local_time":"20191024230302","is_ascension_mode":true,"campfire_choices":[{"data":"Bash","floor":7,"key":"SMITH"},{"data":"Metallicize","floor":10,"key":"SMITH"},{"data":"Anger","floor":13,"key":"SMITH"},{"data":"Combust","floor":15,"key":"SMITH"},{"floor":23,"key":"REST"},{"data":"Hemokinesis","floor":25,"key":"SMITH"},{"floor":32,"key":"REST"}],"neow_cost":"NONE","seed_source_timestamp":621976609515700,"circlet_count":0,"master_deck":["AscendersBane","Strike_R","Strike_R","Defend_R","Defend_R","Defend_R","Defend_R","Bash+1","Anger+1","Armaments","Thunderclap","Feel No Pain","Metallicize+1","Spot Weakness","Combust+1","Fiend Fire","Havoc","True Grit","Hemokinesis+1","Feel No Pain","Sever Soul","Shockwave+1","Body Slam+1","Burning Pact","Body Slam+1","Dark Embrace","Disarm","Berserk","Headbutt+1","Disarm+1","Rupture+1","Battle Trance"],"relics":["Burning Blood","Gambling Chip","Dream Catcher","Mummified Hand","Runic Cube","Bottled Tornado","Regal Pillow","Vajra","Orichalcum","StoneCalendar","Fusion Hammer","Incense Burner"],"potions_floor_usage":[6,8,14,24,24,24,27,29,31,33,37,39,40],"damage_taken":[{"damage":12,"enemies":"Jaw Worm","floor":1,"turns":5},{"damage":4,"enemies":"2 Louse","floor":4,"turns":4},{"damage":5,"enemies":"Small Slimes","floor":5,"turns":3},{"damage":18,"enemies":"Gremlin Nob","floor":6,"turns":4},{"damage":35,"enemies":"Lagavulin","floor":8,"turns":9},{"damage":11,"enemies":"Gremlin Gang","floor":11,"turns":5},{"damage":0,"enemies":"Blue Slaver","floor":14,"turns":6},{"damage":20,"enemies":"Slime Boss","floor":16,"turns":9},{"damage":15,"enemies":"Shell Parasite","floor":18,"turns":5},{"damage":13,"enemies":"Spheric Guardian","floor":19,"turns":5},{"damage":27,"enemies":"Chosen and Byrds","floor":20,"turns":5},{"damage":29,"enemies":"Cultist and Chosen","floor":22,"turns":8},{"damage":18,"enemies":"Slavers","floor":24,"turns":6},{"damage":25,"enemies":"Book of Stabbing","floor":27,"turns":5},{"damage":7,"enemies":"3 Cultists","floor":29,"turns":4},{"damage":5,"enemies":"Centurion and Healer","floor":30,"turns":7},{"damage":33,"enemies":"Gremlin Leader","floor":31,"turns":6},{"damage":19,"enemies":"Automaton","floor":33,"turns":8},{"damage":8,"enemies":"Orb Walker","floor":35,"turns":3},{"damage":26,"enemies":"3 Darklings","floor":36,"turns":4},{"damage":32,"enemies":"Transient","floor":37,"turns":5},{"damage":36,"enemies":"Spire Growth","floor":38,"turns":4},{"damage":0,"enemies":"Mind Bloom Boss Battle","floor":39,"turns":6},{"damage":23,"enemies":"Reptomancer","floor":40,"turns":2}],"seed_played":"5528498020061183129","potions_obtained":[{"floor":4,"key":"BloodPotion"},{"floor":5,"key":"AttackPotion"},{"floor":12,"key":"EntropicBrew"},{"floor":12,"key":"Fruit Juice"},{"floor":14,"key":"Strength Potion"},{"floor":24,"key":"BloodPotion"},{"floor":27,"key":"EssenceOfSteel"},{"floor":30,"key":"LiquidBronze"},{"floor":31,"key":"SkillPotion"},{"floor":35,"key":"Fire Potion"},{"floor":37,"key":"Energy Potion"},{"floor":39,"key":"Block Potion"}],"is_trial":false,"path_per_floor":["M","?","?","M","M","E","R","E","T","R","M","?","R","M","R","B",null,"M","M","M","$","M","R","E","R","T","E","?","M","M","E","R","B",null,"M","M","M","M","?","E"],"character_chosen":"IRONCLAD","items_purchased":["Bottled Tornado","Feel No Pain"],"campfire_rested":2,"item_purchase_floors":[21,21],"current_hp_per_floor":[74,67,67,69,70,58,58,51,51,51,46,46,46,57,57,43,81,72,65,44,44,21,48,36,36,36,40,40,62,63,36,78,65,86,84,64,38,8,14,0],"gold":404,"neow_bonus":"TEN_PERCENT_HP_BONUS","is_prod":false,"is_daily":false,"chose_seed":false,"campfire_upgraded":5,"win_rate":0,"timestamp":1571983382,"path_taken":["M","?","?","M","M","E","R","E","T","R","M","?","R","M","R","BOSS","M","?","M","$","M","R","E","R","T","E","?","M","?","E","R","BOSS","M","M","M","M","?","E"],"build_version":"2019-07-17","purchased_purges":1,"victory":false,"max_hp_per_floor":[88,88,88,88,88,88,88,88,88,88,88,88,88,93,93,93,93,93,93,93,93,93,93,93,93,93,93,93,93,93,93,93,93,93,93,93,93,93,93,93],"card_choices":[{"not_picked":["Thunderclap","Pummel"],"picked":"Anger","floor":1},{"not_picked":["Twin Strike","Thunderclap"],"picked":"Armaments","floor":4},{"not_picked":["Second Wind","Rupture"],"picked":"Thunderclap","floor":5},{"not_picked":["Uppercut","Inflame"],"picked":"Feel No Pain","floor":6},{"not_picked":["Fire Breathing","Armaments"],"picked":"Metallicize","floor":8},{"not_picked":["Wild Strike","Thunderclap"],"picked":"Spot Weakness","floor":11},{"not_picked":["Headbutt","Rage"],"picked":"Combust","floor":14},{"not_picked":["Reaper","Brutality"],"picked":"Fiend Fire","floor":16},{"not_picked":["Feel No Pain","Dropkick"],"picked":"Havoc","floor":18},{"not_picked":["Cleave","Pommel Strike"],"picked":"True Grit","floor":19},{"not_picked":["Rage","Spot Weakness"],"picked":"Hemokinesis","floor":20},{"not_picked":["Inflame","Sword Boomerang"],"picked":"Sever Soul","floor":22},{"not_picked":["Flex","Shrug It Off+1"],"picked":"Shockwave+1","floor":23},{"not_picked":["Spot Weakness+1","Evolve"],"picked":"Body Slam+1","floor":24},{"not_picked":["Warcry","Clothesline+1"],"picked":"Burning Pact","floor":27},{"not_picked":["Sever Soul","Combust","Blood for Blood"],"picked":"SKIP","floor":29},{"not_picked":["Blood for Blood","Flex","Perfected Strike"],"picked":"SKIP","floor":30},{"not_picked":["Shrug It Off","Sentinel"],"picked":"Dark Embrace","floor":31},{"not_picked":["Havoc","Warcry"],"picked":"Disarm","floor":32},{"not_picked":["Immolate","Impervious"],"picked":"Berserk","floor":33},{"not_picked":["Body Slam","Fire Breathing"],"picked":"Headbutt+1","floor":35},{"not_picked":["Hemokinesis+1","Carnage"],"picked":"Disarm+1","floor":36},{"not_picked":["Clothesline+1","Dual Wield+1","Wild Strike"],"picked":"SKIP","floor":37},{"not_picked":["Flex","Pommel Strike+1"],"picked":"Rupture+1","floor":38},{"not_picked":["Flame Barrier+1","Searing Blow"],"picked":"Battle Trance","floor":39}],"player_experience":443767,"relics_obtained":[{"floor":6,"key":"Gambling Chip"},{"floor":8,"key":"Dream Catcher"},{"floor":9,"key":"Mummified Hand"},{"floor":24,"key":"Regal Pillow"},{"floor":26,"key":"Vajra"},{"floor":27,"key":"Orichalcum"},{"floor":31,"key":"StoneCalendar"},{"floor":39,"key":"Incense Burner"}],"event_choices":[{"cards_removed":["Strike_R"],"damage_healed":0,"gold_gain":0,"player_choice":"Card Removal","damage_taken":7,"max_hp_gain":0,"max_hp_loss":0,"event_name":"Golden Wing","floor":2,"gold_loss":0},{"cards_removed":["Strike_R"],"damage_healed":0,"gold_gain":0,"player_choice":"Card Removal","damage_taken":0,"max_hp_gain":0,"max_hp_loss":0,"event_name":"The Cleric","floor":3,"gold_loss":50},{"damage_healed":0,"gold_gain":0,"player_choice":"Bought 2 Potions","damage_taken":0,"max_hp_gain":0,"max_hp_loss":0,"event_name":"The Woman in Blue","floor":12,"gold_loss":0},{"damage_healed":0,"gold_gain":0,"player_choice":"Copied","damage_taken":0,"max_hp_gain":0,"max_hp_loss":0,"event_name":"Duplicator","floor":28,"gold_loss":0,"cards_obtained":["Body Slam"]},{"damage_healed":0,"gold_gain":0,"player_choice":"Fight","damage_taken":0,"max_hp_gain":0,"max_hp_loss":0,"event_name":"MindBloom","floor":39,"gold_loss":0}],"is_beta":false,"boss_relics":[{"not_picked":["Orrery","Eternal Feather"],"picked":"Runic Cube"},{"not_picked":["Calling Bell","Black Star"],"picked":"Fusion Hammer"}],"items_purged_floors":[21],"is_endless":false,"potions_floor_spawned":[4,5,14,18,24,27,30,31,35,37,38,39],"killed_by":"Reptomancer","ascension_level":11}