{"gold_per_floor":[113,113,129,129,142,142,157,157,232,39,39,57,91,19,19,147,147,168,184,209,209,209,209,209,236,236,236,266,278,309,10,10,107,107,118,136,36,48,64,96,96,96],"floor_reached":42,"playtime":3742,"items_purged":["Strike_R","Defend_R"],"score":536,"play_id":"f5d55cc2-5441-4412-b53d-850e92063c7d","local_time":"20191001085046","is_ascension_mode":true,"campfire_choices":[{"data":"Rampage","floor":6.0,"key":"SMITH"},{"data":"Warcry","floor":8.0,"key":"SMITH"},{"data":"Shrug It Off","floor":15.0,"key":"SMITH"},{"data":"Demon Form","floor":23.0,"key":"SMITH"},{"data":"Metallicize","floor":27.0,"key":"SMITH"},{"data":"Strike_R","floor":32,"key":"PURGE"},{"data":"Defend_R","floor":41,"key":"PURGE"}],"neow_cost":"PERCENT_DAMAGE","seed_source_timestamp":0,"circlet_count":0,"master_deck":["Bash","Shrug It Off+1","Rampage+1","Warcry+1","Clothesline","Warcry+1","Good Instincts+1","Intimidate+1","Shrug It Off+1","Headbutt","Shrug It Off+1","Reaper","Metallicize+1","Battle Trance+1","Armaments+1","Demon Form+1","Offering+1","Headbutt","Berserk","Armaments+1","Parasite","Headbutt","True Grit+1"],"special_seed":0,"relics":["Burning Blood","Nunchaku","Bloody Idol","Toxic Egg 2","Anchor","Black Star","Incense Burner","Singing Bowl","Thread and Needle","MawBank","Peace Pipe","Empty Cage","Bag of Preparation","Bag of Marbles"],"potions_floor_usage":[33,39,40,40,42],"damage_taken":[{"damage":14.0,"enemies":"Jaw Worm","floor":1.0,"turns":5.0},{"damage":2.0,"enemies":"Small Slimes","floor":3.0,"turns":3.0},{"damage":1.0,"enemies":"2 Louse","floor":5.0,"turns":3.0},{"damage":2.0,"enemies":"Looter","floor":7.0,"turns":3.0},{"damage":0.0,"enemies":"3 Louse","floor":12.0,"turns":4.0},{"damage":16.0,"enemies":"3 Sentries","floor":13.0,"turns":10.0},{"damage":16.0,"enemies":"Hexaghost","floor":16.0,"turns":12.0},{"damage":11.0,"enemies":"Shell Parasite","floor":18.0,"turns":4.0},{"damage":15.0,"enemies":"Spheric Guardian","floor":19.0,"turns":8.0},{"damage":10.0,"enemies":"Centurion and Healer","floor":20.0,"turns":11.0},{"damage":40.0,"enemies":"Gremlin Leader","floor":25.0,"turns":8.0},{"damage":33.0,"enemies":"Slavers","floor":28.0,"turns":8.0},{"damage":10,"enemies":"Cultist and Chosen","floor":30,"turns":6},{"damage":27,"enemies":"Collector","floor":33,"turns":8},{"damage":9,"enemies":"3 Darklings","floor":35,"turns":6},{"damage":1,"enemies":"3 Shapes","floor":36,"turns":6},{"damage":11,"enemies":"Writhing Mass","floor":38,"turns":6},{"damage":6,"enemies":"3 Darklings","floor":39,"turns":6},{"damage":37,"enemies":"Giant Head","floor":40,"turns":9},{"damage":60,"enemies":"Reptomancer","floor":42,"turns":4}],"seed_played":"-4563498753605017738","potions_obtained":[{"floor":5.0,"key":"FearPotion"},{"floor":7.0,"key":"Ancient Potion"},{"floor":12.0,"key":"Swift Potion"},{"floor":16.0,"key":"AttackPotion"},{"floor":18.0,"key":"BloodPotion"},{"floor":19.0,"key":"BloodPotion"},{"floor":25.0,"key":"SteroidPotion"},{"floor":35,"key":"Fire Potion"},{"floor":38,"key":"SpeedPotion"},{"floor":39,"key":"LiquidBronze"}],"is_trial":false,"path_per_floor":["M","?","M","?","M","R","M","R","T","$","?","M","E","$","R","B",null,"M","M","M","?","?","R","?","E","T","R","E","$","M","$","R","B",null,"M","M","$","M","M","E","R","E"],"character_chosen":"IRONCLAD","items_purchased":["Warcry+1","Good Instincts+1","Headbutt","Shrug It Off+1","Peace Pipe"],"campfire_rested":0,"item_purchase_floors":[10,10,14,14,31],"current_hp_per_floor":[48,48,52,52,57,57,61,61,61,61,61,67,57,57,57,47,74,69,60,74,74,74,74,74,63,63,63,60,65,78,78,78,62,78,80,80,80,80,80,56,56,0],"gold":96,"neow_bonus":"ONE_RARE_RELIC","is_prod":false,"is_daily":false,"chose_seed":false,"campfire_upgraded":5,"win_rate":0,"timestamp":1569937846,"path_taken":["M","?","M","?","M","R","M","R","T","?","?","M","E","$","R","BOSS","M","M","M","?","?","R","?","E","T","R","E","?","M","$","R","BOSS","M","M","$","M","M","E","R","E"],"build_version":"2019-07-17","purchased_purges":2,"victory":false,"max_hp_per_floor":[80,74,74,74,74,74,74,74,74,74,74,74,74,74,74,74,74,74,74,74,74,74,74,74,74,74,74,76,76,78,78,78,78,78,80,80,80,80,80,82,82,82],"card_choices":[{"not_picked":["Infernal Blade","Iron Wave"],"picked":"Shrug It Off","floor":1.0},{"not_picked":["Metallicize","Burning Pact"],"picked":"Rampage","floor":3.0},{"not_picked":["Clash","Wild Strike"],"picked":"Warcry","floor":5.0},{"not_picked":["Sword Boomerang","Anger"],"picked":"Clothesline","floor":7.0},{"not_picked":["Sentinel+1","Combust"],"picked":"Intimidate+1","floor":12.0},{"not_picked":["Sword Boomerang","Iron Wave"],"picked":"Shrug It Off+1","floor":13.0},{"not_picked":["Bludgeon","Exhume+1"],"picked":"Reaper","floor":16.0},{"not_picked":["Clothesline","Perfected Strike"],"picked":"Metallicize","floor":18.0},{"not_picked":["Thunderclap","Warcry+1"],"picked":"Battle Trance+1","floor":19.0},{"not_picked":["Twin Strike+1","Shrug It Off+1"],"picked":"Armaments+1","floor":20.0},{"not_picked":["Heavy Blade+1","Warcry+1"],"picked":"Headbutt","floor":25.0},{"not_picked":["Flex+1","Infernal Blade+1","Searing Blow"],"picked":"Singing Bowl","floor":28.0},{"not_picked":["Sever Soul","Combust+1","Anger"],"picked":"Singing Bowl","floor":30},{"not_picked":["Brutality","Demon Form"],"picked":"Berserk","floor":33},{"not_picked":["Havoc+1","Pommel Strike","Combust"],"picked":"Singing Bowl","floor":35},{"not_picked":["Twin Strike+1","Rage+1"],"picked":"Armaments+1","floor":36},{"not_picked":["Twin Strike","Juggernaut"],"picked":"Headbutt","floor":38},{"not_picked":["Wild Strike","Shrug It Off+1"],"picked":"True Grit+1","floor":39},{"not_picked":["Twin Strike+1","Headbutt","Exhume+1"],"picked":"Singing Bowl","floor":40}],"player_experience":234386,"relics_obtained":[{"floor":9.0,"key":"Toxic Egg 2"},{"floor":13.0,"key":"Anchor"},{"floor":25.0,"key":"Incense Burner"},{"floor":25.0,"key":"Singing Bowl"},{"floor":28.0,"key":"Thread and Needle"},{"floor":28.0,"key":"MawBank"},{"floor":40,"key":"Bag of Preparation"},{"floor":40,"key":"Bag of Marbles"}],"event_choices":[{"damage_healed":0.0,"max_hp_gain":0.0,"max_hp_loss":6.0,"gold_gain":0.0,"event_name":"Golden Idol","player_choice":"Lose Max HP","floor":2.0,"gold_loss":0.0,"damage_taken":0.0,"relics_obtained":["Golden Idol"]},{"damage_healed":0.0,"max_hp_gain":0.0,"max_hp_loss":0.0,"gold_gain":0.0,"event_name":"Liars Game","player_choice":"Ignored","floor":4.0,"gold_loss":0.0,"damage_taken":0.0},{"cards_removed":["Strike_R"],"damage_healed":0.0,"max_hp_gain":0.0,"max_hp_loss":0.0,"gold_gain":0.0,"event_name":"Living Wall","player_choice":"Forget","floor":11.0,"gold_loss":0.0,"damage_taken":0.0},{"damage_healed":0.0,"max_hp_gain":0.0,"max_hp_loss":0.0,"gold_gain":0.0,"event_name":"Forgotten Altar","player_choice":"Gave Idol","floor":21.0,"relics_lost":["Golden Idol"],"gold_loss":0.0,"damage_taken":0.0,"relics_obtained":["Bloody Idol"]},{"damage_healed":0.0,"max_hp_gain":0.0,"max_hp_loss":0.0,"gold_gain":0.0,"cards_transformed":["Strike_R","Defend_R"],"event_name":"Drug Dealer","player_choice":"Became Test Subject","floor":22.0,"gold_loss":0.0,"damage_taken":0.0,"cards_obtained":["Demon Form","Offering"]},{"damage_healed":0.0,"max_hp_gain":0.0,"max_hp_loss":0.0,"gold_gain":0.0,"event_name":"Vampires","player_choice":"Ignored","floor":24.0,"gold_loss":0.0,"damage_taken":0.0}],"is_beta":false,"boss_relics":[{"not_picked":["Runic Pyramid","Orrery"],"picked":"Black Star"},{"not_picked":["Eternal Feather","Velvet Choker"],"picked":"Empty Cage"}],"items_purged_floors":[10,37],"is_endless":false,"potions_floor_spawned":[5,7,12,16,18,19,25,35,38,39],"killed_by":"Reptomancer","ascension_level":3}