{"gold_per_floor":[115,138,11,11,31,31,58,58,82,82,107,107,118,136,136,232,232,245,155,172,20,33,33,67,89,127,139,26,52,52,64,64,64],"floor_reached":33,"playtime":905,"items_purged":["Havoc","Strike_R","Defend_R"],"score":322,"play_id":"110c691b-53ff-45a1-b3ed-930dd4fdd2f2","local_time":"20190413234741","is_ascension_mode":true,"campfire_choices":[{"data":"Berserk","floor":6,"key":"SMITH"},{"data":"Cleave","floor":8,"key":"SMITH"},{"data":"Bash","floor":10,"key":"SMITH"},{"floor":15,"key":"REST"},{"floor":23,"key":"REST"},{"floor":27,"key":"REST"},{"floor":32,"key":"REST"}],"neow_cost":"TEN_PERCENT_HP_LOSS","seed_source_timestamp":1834018071496600,"circlet_count":0,"master_deck":["Strike_R+1","Defend_R","Defend_R","Bash+1","Berserk+1","Inflame","Spot Weakness","Cleave+1","Sword Boomerang","Flex","Reaper","Offering","Heavy Blade","Uppercut","Armaments","Burning Pact","Armaments","Seeing Red"],"relics":["Burning Blood","Pen Nib","Vajra","Potion Belt","Art of War","Oddly Smooth Stone","Mark of Pain","MawBank","Omamori","Regal Pillow"],"potions_floor_usage":[7,7,13,14,25,31],"damage_taken":[{"damage":0,"enemies":"Cultist","floor":1,"turns":3},{"damage":0,"enemies":"2 Louse","floor":5,"turns":2},{"damage":24,"enemies":"Gremlin Nob","floor":7,"turns":3},{"damage":21,"enemies":"3 Sentries","floor":11,"turns":4},{"damage":4,"enemies":"Small Slimes","floor":13,"turns":2},{"damage":0,"enemies":"2 Fungi Beasts","floor":14,"turns":2},{"damage":69,"enemies":"The Guardian","floor":16,"turns":8},{"damage":39,"enemies":"Shell Parasite","floor":18,"turns":3},{"damage":27,"enemies":"3 Byrds","floor":20,"turns":4},{"damage":18,"enemies":"Centurion and Healer","floor":22,"turns":4},{"damage":69,"enemies":"Slavers","floor":24,"turns":4},{"damage":6,"enemies":"Snecko","floor":25,"turns":2},{"damage":39,"enemies":"Book of Stabbing","floor":29,"turns":4},{"damage":27,"enemies":"3 Cultists","floor":31,"turns":3},{"damage":83,"enemies":"Champ","floor":33,"turns":6}],"seed_played":"-5342971972133159442","potions_obtained":[{"floor":1,"key":"Swift Potion"},{"floor":5,"key":"LiquidBronze"},{"floor":7,"key":"Poison Potion"},{"floor":13,"key":"Block Potion"},{"floor":24,"key":"Energy Potion"},{"floor":29,"key":"SkillPotion"},{"floor":31,"key":"Ancient Potion"}],"is_trial":false,"path_per_floor":["M","T","$","?","M","R","E","R","T","R","E","?","M","M","R","B",null,"M","?","M","$","M","R","E","M","T","R","$","E","?","M","R","B"],"character_chosen":"IRONCLAD","items_purchased":["SkillPotion","Armaments"],"campfire_rested":4,"item_purchase_floors":[3,21],"current_hp_per_floor":[72,72,72,72,72,72,54,54,54,54,39,32,34,40,61,13,72,46,46,36,36,34,55,15,15,15,36,36,16,16,23,59,0],"gold":64,"neow_bonus":"TRANSFORM_TWO_CARDS","is_prod":false,"is_daily":false,"chose_seed":false,"campfire_upgraded":3,"win_rate":0,"timestamp":1555188461,"path_taken":["M","?","?","?","?","R","E","R","T","R","E","?","M","M","R","BOSS","M","?","?","$","M","R","E","M","T","R","$","E","?","M","R","BOSS"],"build_version":"2019-01-23","purchased_purges":3,"victory":false,"max_hp_per_floor":[72,72,72,72,72,72,72,72,72,72,72,72,72,72,72,72,72,72,72,72,72,72,72,72,72,72,72,72,72,72,72,72,72],"card_choices":[{"not_picked":["Combust","Rampage"],"picked":"Inflame","floor":1},{"not_picked":["Feel No Pain","Warcry"],"picked":"Spot Weakness","floor":5},{"not_picked":["Headbutt","Body Slam"],"picked":"Cleave","floor":7},{"not_picked":["Flex","Body Slam"],"picked":"Sword Boomerang","floor":11},{"not_picked":["Sword Boomerang","Spot Weakness"],"picked":"Flex","floor":13},{"not_picked":["Flex","Cleave"],"picked":"Reaper","floor":14},{"not_picked":["Fiend Fire","Barricade"],"picked":"Offering","floor":16},{"not_picked":["Sword Boomerang+1","Rage"],"picked":"Heavy Blade","floor":18},{"not_picked":["Twin Strike","True Grit"],"picked":"Uppercut","floor":20},{"not_picked":["Spot Weakness","Corruption","Clothesline"],"picked":"SKIP","floor":22},{"not_picked":["Flex","True Grit+1"],"picked":"Burning Pact","floor":24},{"not_picked":["Havoc","Searing Blow"],"picked":"Armaments","floor":25},{"not_picked":["Rampage","Headbutt"],"picked":"Seeing Red","floor":29},{"not_picked":["Twin Strike","Wild Strike","Heavy Blade"],"picked":"SKIP","floor":31}],"player_experience":278163,"relics_obtained":[{"floor":2,"key":"Pen Nib"},{"floor":7,"key":"Potion Belt"},{"floor":9,"key":"Art of War"},{"floor":11,"key":"Oddly Smooth Stone"},{"floor":24,"key":"MawBank"},{"floor":26,"key":"Omamori"},{"floor":29,"key":"Regal Pillow"}],"event_choices":[{"damage_healed":0,"gold_gain":0,"player_choice":"Gave Potion","damage_taken":0,"relics_obtained":["Vajra"],"max_hp_gain":0,"max_hp_loss":0,"event_name":"WeMeetAgain","floor":4,"gold_loss":0},{"cards_removed":["Strike_R"],"damage_healed":0,"gold_gain":0,"player_choice":"Card Removal","damage_taken":7,"max_hp_gain":0,"max_hp_loss":0,"event_name":"Golden Wing","floor":12,"gold_loss":0},{"cards_removed":["Strike_R"],"damage_healed":0,"gold_gain":0,"player_choice":"Upgrade and Remove","damage_taken":0,"max_hp_gain":0,"max_hp_loss":0,"event_name":"Designer","floor":19,"gold_loss":90,"cards_upgraded":["Strike_R"]},{"damage_healed":0,"gold_gain":0,"player_choice":"Ignored","damage_taken":0,"max_hp_gain":0,"max_hp_loss":0,"event_name":"Ghosts","floor":30,"gold_loss":0}],"is_beta":false,"boss_relics":[{"not_picked":["Empty Cage","Coffee Dripper"],"picked":"Mark of Pain"}],"items_purged_floors":[3,21,28],"is_endless":false,"potions_floor_spawned":[1,5,7,13,24,29,31],"killed_by":"Champ","ascension_level":2}