{"gold_per_floor":[118,131,131,143,29,64,64,64,64,83,123,189,189,14,14,139,139,163,163,187,286,286,286,299,299,326,326],"floor_reached":27,"playtime":741,"items_purged":["Strike_R","Injury"],"score":266,"play_id":"695becb2-c691-489f-a34d-da324cadb642","local_time":"20190413202448","is_ascension_mode":true,"campfire_choices":[{"data":"Heavy Blade","floor":8,"key":"SMITH"},{"data":"Heavy Blade","floor":13,"key":"SMITH"},{"floor":15,"key":"REST"},{"data":"Armaments","floor":23,"key":"SMITH"},{"data":"Flex","floor":25,"key":"SMITH"}],"neow_cost":"NONE","seed_source_timestamp":1822008808620900,"circlet_count":0,"master_deck":["Strike_R","Strike_R","Strike_R","Defend_R","Defend_R","Defend_R","Defend_R","Bash","Heavy Blade+1","Heavy Blade+1","Spot Weakness","Power Through","Warcry","Spot Weakness","Iron Wave","Flex+1","Berserk","Armaments+1","Whirlwind+1","Infernal Blade+1"],"relics":["Burning Blood","Matryoshka","Golden Idol","Orichalcum","Juzu Bracelet","Ornamental Fan","Red Skull","Mark of Pain","Nilry\u0027s Codex","Strawberry","Mercury Hourglass","Anchor"],"potions_floor_usage":[10,11,16,16,20,20,27],"damage_taken":[{"damage":1,"enemies":"Cultist","floor":1,"turns":3},{"damage":7,"enemies":"Jaw Worm","floor":2,"turns":3},{"damage":0,"enemies":"Small Slimes","floor":4,"turns":3},{"damage":44,"enemies":"3 Sentries","floor":6,"turns":7},{"damage":18,"enemies":"3 Louse","floor":10,"turns":5},{"damage":15,"enemies":"Lagavulin","floor":11,"turns":5},{"damage":25,"enemies":"Gremlin Nob","floor":12,"turns":5},{"damage":38,"enemies":"Hexaghost","floor":16,"turns":8},{"damage":31,"enemies":"Shell Parasite","floor":18,"turns":4},{"damage":19,"enemies":"2 Thieves","floor":20,"turns":3},{"damage":9,"enemies":"Centurion and Healer","floor":24,"turns":4},{"damage":48,"enemies":"Book of Stabbing","floor":27,"turns":5}],"seed_played":"-6812078426372842810","potions_obtained":[{"floor":6,"key":"Regen Potion"},{"floor":10,"key":"Regen Potion"},{"floor":11,"key":"LiquidBronze"},{"floor":16,"key":"BloodPotion"},{"floor":18,"key":"Swift Potion"},{"floor":24,"key":"Poison Potion"}],"is_trial":false,"path_per_floor":["M","M","?","M","$","E","?","R","T","M","E","?","R","$","R","B",null,"M","?","M","?","T","R","M","R","T","E"],"character_chosen":"IRONCLAD","items_purchased":["Power Through","BloodPotion"],"campfire_rested":1,"item_purchase_floors":[5,14],"current_hp_per_floor":[88,87,80,86,86,48,48,48,48,50,50,31,31,31,57,33,88,63,47,42,42,49,49,46,46,46,0],"gold":326,"neow_bonus":"TEN_PERCENT_HP_BONUS","is_prod":false,"is_daily":false,"chose_seed":false,"campfire_upgraded":4,"win_rate":0,"timestamp":1555176288,"path_taken":["M","?","?","M","$","E","?","R","T","M","E","?","R","$","R","BOSS","M","?","M","?","?","R","M","R","T","E"],"build_version":"2019-01-23","purchased_purges":2,"victory":false,"max_hp_per_floor":[88,88,88,88,88,88,88,88,88,88,88,88,88,88,88,88,88,88,88,88,88,95,95,95,95,95,95],"card_choices":[{"not_picked":["Anger","Bloodletting"],"picked":"Heavy Blade","floor":1},{"not_picked":["Clothesline","Twin Strike"],"picked":"Heavy Blade","floor":2},{"not_picked":["Dropkick","Immolate"],"picked":"Spot Weakness","floor":4},{"not_picked":["Ghostly Armor","Bludgeon"],"picked":"Warcry","floor":6},{"not_picked":["Rupture","Fire Breathing"],"picked":"Spot Weakness","floor":10},{"not_picked":["Warcry","Combust"],"picked":"Iron Wave","floor":11},{"not_picked":["Thunderclap","Rage"],"picked":"Flex","floor":12},{"not_picked":["Demon Form","Offering"],"picked":"Berserk","floor":16},{"not_picked":["Dropkick","Cleave+1"],"picked":"Armaments","floor":18},{"not_picked":["Hemokinesis","Pummel"],"picked":"Whirlwind+1","floor":20},{"not_picked":["Sentinel","Searing Blow+1"],"picked":"Infernal Blade+1","floor":24}],"player_experience":266803,"relics_obtained":[{"floor":6,"key":"Matryoshka"},{"floor":9,"key":"Orichalcum"},{"floor":9,"key":"Juzu Bracelet"},{"floor":11,"key":"Ornamental Fan"},{"floor":12,"key":"Red Skull"},{"floor":19,"key":"Nilry\u0027s Codex"},{"floor":22,"key":"Strawberry"},{"floor":22,"key":"Mercury Hourglass"},{"floor":26,"key":"Anchor"}],"event_choices":[{"cards_removed":["Strike_R"],"damage_healed":0,"gold_gain":0,"player_choice":"Card Removal","damage_taken":7,"max_hp_gain":0,"max_hp_loss":0,"event_name":"Golden Wing","floor":3,"gold_loss":0},{"damage_healed":0,"gold_gain":0,"player_choice":"Take Wound","damage_taken":0,"relics_obtained":["Golden Idol"],"max_hp_gain":0,"max_hp_loss":0,"event_name":"Golden Idol","floor":7,"gold_loss":0,"cards_obtained":["Injury"]},{"damage_healed":0,"gold_gain":30,"player_choice":"Searched \u00272\u0027 times","damage_taken":0,"max_hp_gain":0,"max_hp_loss":0,"event_name":"Dead Adventurer","floor":12,"gold_loss":0},{"damage_healed":0,"gold_gain":0,"player_choice":"Obtained Book","damage_taken":16,"max_hp_gain":0,"max_hp_loss":0,"event_name":"Cursed Tome","floor":19,"gold_loss":0},{"damage_healed":0,"gold_gain":99,"player_choice":"Stole From Cult","damage_taken":0,"max_hp_gain":0,"max_hp_loss":0,"event_name":"Nest","floor":21,"gold_loss":0}],"is_beta":false,"boss_relics":[{"not_picked":["Astrolabe","Velvet Choker"],"picked":"Mark of Pain"}],"items_purged_floors":[5,14],"is_endless":false,"potions_floor_spawned":[6,10,11,16,18,24],"killed_by":"Book of Stabbing","ascension_level":2}