{"gold_per_floor":[12,24,41,57,57,57,87,87,111,172,186,22,55,180,180,276,276,291,341,356,40,50,50,76,87,87,102,131,195,224,274,274,373,373,391,138,199,210,260,289,303,338,392,408,419,444,494,512,512,512,512,512,105,134,134],"floor_reached":56,"playtime":1707,"items_purged":["Defend_R","Strike_R"],"score":1338,"play_id":"8628289b-14b3-4b68-8239-d3563be4165e","local_time":"20190913172621","is_ascension_mode":false,"campfire_choices":[{"data":"Uppercut","floor":6,"key":"SMITH"},{"data":"Perfected Strike","floor":8,"key":"SMITH"},{"data":"Apotheosis","floor":15,"key":"SMITH"},{"floor":23,"key":"RECALL"},{"floor":32,"key":"REST"},{"floor":49,"key":"REST"},{"floor":52,"key":"REST"}],"neow_cost":"NO_GOLD","seed_source_timestamp":81594628598700,"circlet_count":0,"master_deck":["Strike_R","Strike_R+1","Strike_R+1","Strike_R","Defend_R","Defend_R","Bash","Double Tap","Cleave","Perfected Strike+1","Clothesline","Uppercut+1","Bloodletting","Apotheosis+1","Brutality","Reaper","Dual Wield+1","Perfected Strike+1","Inflame+1","Whirlwind","Demon Form","Heavy Blade+1","Parasite","True Grit+1","Heavy Blade+1","Shockwave+1","Perfected Strike"],"relics":["Burning Blood","SsserpentHead","Lantern","MealTicket","Orichalcum","Fusion Hammer","Mercury Hourglass","Whetstone","Happy Flower","Dodecahedron","Pocketwatch","HornCleat","Snecko Eye","Brimstone","InkBottle","Gambling Chip","Art of War","Toy Ornithopter","Ornamental Fan","Sundial"],"potions_floor_usage":[7,7,45,55,55,55,55,55,55],"damage_taken":[{"damage":8,"enemies":"Jaw Worm","floor":1,"turns":3},{"damage":1,"enemies":"Cultist","floor":2,"turns":3},{"damage":0,"enemies":"2 Louse","floor":3,"turns":2},{"damage":14,"enemies":"Lots of Slimes","floor":4,"turns":5},{"damage":12,"enemies":"Gremlin Nob","floor":7,"turns":3},{"damage":0,"enemies":"Exordium Thugs","floor":10,"turns":2},{"damage":5,"enemies":"Blue Slaver","floor":11,"turns":2},{"damage":13,"enemies":"Lagavulin","floor":13,"turns":6},{"damage":19,"enemies":"Slime Boss","floor":16,"turns":9},{"damage":24,"enemies":"3 Byrds","floor":18,"turns":5},{"damage":15,"enemies":"2 Thieves","floor":20,"turns":4},{"damage":20,"enemies":"Snake Plant","floor":22,"turns":4},{"damage":8,"enemies":"Gremlin Leader","floor":24,"turns":4},{"damage":0,"enemies":"Snecko","floor":25,"turns":3},{"damage":18,"enemies":"Shelled Parasite and Fungi","floor":27,"turns":3},{"damage":31,"enemies":"Slavers","floor":28,"turns":5},{"damage":0,"enemies":"Centurion and Healer","floor":29,"turns":4},{"damage":34,"enemies":"Book of Stabbing","floor":30,"turns":4},{"damage":12,"enemies":"Champ","floor":33,"turns":7},{"damage":2,"enemies":"3 Darklings","floor":35,"turns":3},{"damage":0,"enemies":"3 Shapes","floor":37,"turns":1},{"damage":0,"enemies":"Writhing Mass","floor":38,"turns":3},{"damage":8,"enemies":"Giant Head","floor":40,"turns":4},{"damage":11,"enemies":"Maw","floor":41,"turns":4},{"damage":23,"enemies":"Nemesis","floor":42,"turns":3},{"damage":5,"enemies":"Jaw Worm Horde","floor":44,"turns":3},{"damage":4,"enemies":"Transient","floor":45,"turns":5},{"damage":6,"enemies":"Reptomancer","floor":46,"turns":3},{"damage":9,"enemies":"Maw","floor":48,"turns":4},{"damage":40,"enemies":"Awakened One","floor":50,"turns":5},{"damage":14,"enemies":"Shield and Spear","floor":54,"turns":2},{"damage":102,"enemies":"The Heart","floor":55,"turns":5}],"seed_played":"-5259340387150405548","potions_obtained":[{"floor":1,"key":"Poison Potion"},{"floor":2,"key":"Dexterity Potion"},{"floor":4,"key":"Poison Potion"},{"floor":7,"key":"FairyPotion"},{"floor":16,"key":"SkillPotion"},{"floor":24,"key":"SmokeBomb"},{"floor":28,"key":"EntropicBrew"},{"floor":42,"key":"Energy Potion"},{"floor":45,"key":"DuplicationPotion"}],"is_trial":false,"path_per_floor":["M","M","M","M","?","R","E","R","T","M","M","$","E","?","R","B",null,"M","?","M","$","M","R","E","M","T","M","E","M","E","T","R","B",null,"M","$","M","M","?","E","M","E","T","M","M","E","?","M","R","B",null,"R","$","E","B",null],"character_chosen":"IRONCLAD","items_purchased":["Apotheosis","Mercury Hourglass","Brimstone","Toy Ornithopter","Ornamental Fan"],"campfire_rested":3,"item_purchase_floors":[12,21,36,53,53],"current_hp_per_floor":[78,80,80,72,72,72,66,66,66,72,73,80,73,62,62,49,80,64,64,62,77,67,67,80,80,80,68,50,64,48,48,72,72,80,80,80,80,80,76,74,76,76,76,76,76,76,66,76,76,42,76,76,76,68,60],"gold":134,"neow_bonus":"THREE_RARE_CARDS","is_prod":false,"is_daily":false,"chose_seed":false,"campfire_upgraded":3,"win_rate":0,"timestamp":1568391981,"path_taken":["M","M","M","M","?","R","E","R","T","?","M","$","E","?","R","BOSS","M","?","M","$","M","R","E","M","T","M","E","?","E","?","R","BOSS","M","$","?","M","?","E","M","E","T","M","M","E","?","M","R","BOSS","R","$","E","BOSS"],"build_version":"2019-09-12","purchased_purges":2,"victory":true,"max_hp_per_floor":[80,80,80,80,80,80,80,80,80,80,80,80,80,80,80,80,80,80,80,80,80,80,80,80,80,80,80,80,80,80,80,80,80,80,80,80,80,80,76,76,76,76,76,76,76,76,76,76,76,76,76,76,76,76,76],"card_choices":[{"not_picked":["Offering","Impervious"],"picked":"Double Tap","floor":0},{"not_picked":["Entrench","Fire Breathing"],"picked":"Cleave","floor":1},{"not_picked":["Pommel Strike","Anger"],"picked":"Perfected Strike","floor":2},{"not_picked":["Wild Strike","Feel No Pain"],"picked":"Clothesline","floor":3},{"not_picked":["Blood for Blood","True Grit"],"picked":"Uppercut","floor":4},{"not_picked":["Twin Strike","Body Slam"],"picked":"Bloodletting","floor":7},{"not_picked":["Shrug It Off","Armaments","Pommel Strike"],"picked":"SKIP","floor":10},{"not_picked":["Havoc","Iron Wave","Anger"],"picked":"SKIP","floor":11},{"not_picked":["Sentinel","Clash"],"picked":"Brutality","floor":13},{"not_picked":["Fiend Fire","Brutality"],"picked":"Reaper","floor":16},{"not_picked":["Carnage","Corruption"],"picked":"Dual Wield+1","floor":18},{"not_picked":["Iron Wave","Twin Strike","Thunderclap"],"picked":"SKIP","floor":20},{"not_picked":["Wild Strike+1","Armaments+1","Clash+1"],"picked":"SKIP","floor":22},{"not_picked":["Seeing Red","Carnage"],"picked":"Perfected Strike+1","floor":24},{"not_picked":["Sword Boomerang","Corruption+1","Clash+1"],"picked":"SKIP","floor":25},{"not_picked":["True Grit","Flex"],"picked":"Inflame+1","floor":27},{"not_picked":["Brutality","Flex+1","Warcry"],"picked":"SKIP","floor":28},{"not_picked":["Anger","Combust+1","Hemokinesis"],"picked":"SKIP","floor":29},{"not_picked":["Second Wind+1","Pummel"],"picked":"Whirlwind","floor":30},{"not_picked":["Reaper","Exhume"],"picked":"Demon Form","floor":33},{"not_picked":["Hemokinesis+1","Flex"],"picked":"Heavy Blade+1","floor":35},{"not_picked":["Shrug It Off","Clash","Reckless Charge+1"],"picked":"SKIP","floor":37},{"not_picked":["Ghostly Armor+1","Iron Wave+1"],"picked":"True Grit+1","floor":38},{"not_picked":["Cleave","Exhume","Clothesline"],"picked":"SKIP","floor":40},{"not_picked":["Iron Wave+1","Fire Breathing+1","Shrug It Off"],"picked":"SKIP","floor":41},{"not_picked":["Sentinel+1","Twin Strike+1"],"picked":"Heavy Blade+1","floor":42},{"not_picked":["Sword Boomerang+1","Blood for Blood"],"picked":"Shockwave+1","floor":44},{"not_picked":["True Grit","Clothesline"],"picked":"Perfected Strike","floor":45},{"not_picked":["Searing Blow","Heavy Blade","Bloodletting+1"],"picked":"SKIP","floor":46},{"not_picked":["Sentinel+1","Clash+1","Warcry+1"],"picked":"SKIP","floor":48},{"not_picked":["Infernal Blade","Warcry","Shrug It Off"],"picked":"SKIP","floor":54}],"player_experience":1473087,"relics_obtained":[{"floor":7,"key":"Lantern"},{"floor":9,"key":"MealTicket"},{"floor":13,"key":"Orichalcum"},{"floor":24,"key":"Whetstone"},{"floor":26,"key":"Happy Flower"},{"floor":28,"key":"Dodecahedron"},{"floor":30,"key":"Pocketwatch"},{"floor":31,"key":"HornCleat"},{"floor":40,"key":"InkBottle"},{"floor":42,"key":"Gambling Chip"},{"floor":46,"key":"Art of War"},{"floor":54,"key":"Sundial"}],"event_choices":[{"damage_healed":0,"gold_gain":0,"player_choice":"Trade","damage_taken":0,"relics_obtained":["SsserpentHead"],"max_hp_gain":0,"max_hp_loss":0,"event_name":"FaceTrader","floor":5,"gold_loss":0},{"damage_healed":0,"gold_gain":75,"player_choice":"Gather Gold","damage_taken":11,"max_hp_gain":0,"max_hp_loss":0,"event_name":"World of Goop","floor":14,"gold_loss":0},{"cards_removed":["Defend_R"],"damage_healed":0,"gold_gain":0,"player_choice":"Purged","damage_taken":0,"max_hp_gain":0,"max_hp_loss":0,"event_name":"Purifier","floor":19,"gold_loss":0},{"damage_healed":0,"gold_gain":0,"player_choice":"Max HP","damage_taken":0,"max_hp_gain":0,"max_hp_loss":4,"event_name":"Winding Halls","floor":39,"gold_loss":0},{"damage_healed":0,"gold_gain":0,"player_choice":"Memory 3","damage_taken":10,"max_hp_gain":0,"max_hp_loss":0,"event_name":"SensoryStone","floor":47,"gold_loss":0}],"is_beta":true,"boss_relics":[{"not_picked":["Cursed Key","Black Star"],"picked":"Fusion Hammer"},{"not_picked":["Velvet Choker","Astrolabe"],"picked":"Snecko Eye"}],"items_purged_floors":[21,36],"is_endless":false,"potions_floor_spawned":[1,2,4,7,16,20,24,28,35,41,42,45,48,54],"ascension_level":0}