{"gold_per_floor":[110,110,120,120,137,137,156,156,156,171,202,202,220,395,395,395],"floor_reached":16,"playtime":325,"items_purged":[],"score":102,"play_id":"a374bc5b-0827-421c-a4d9-14997952bcb4","local_time":"20191012193614","is_ascension_mode":false,"campfire_choices":[{"data":"Armaments","floor":6,"key":"SMITH"},{"data":"Cleave","floor":8,"key":"SMITH"},{"data":"Headbutt","floor":12,"key":"SMITH"},{"data":"Flame Barrier","floor":15,"key":"SMITH"}],"neow_cost":"NONE","seed_source_timestamp":542997557187999,"circlet_count":0,"master_deck":["Strike_R","Strike_R","Strike_R","Strike_R","Strike_R","Defend_R","Defend_R","Defend_R","Bash+1","Headbutt+1","Shockwave","Clothesline+1","Armaments+1","Cleave+1","Flame Barrier+1","Doubt"],"relics":["Burning Blood","Juzu Bracelet","Eternal Feather"],"potions_floor_usage":[16,16],"damage_taken":[{"damage":15,"enemies":"2 Louse","floor":1,"turns":3},{"damage":3,"enemies":"Jaw Worm","floor":3,"turns":3},{"damage":17,"enemies":"Small Slimes","floor":5,"turns":3},{"damage":12,"enemies":"Looter","floor":7,"turns":3},{"damage":4,"enemies":"Exordium Thugs","floor":10,"turns":3},{"damage":26,"enemies":"Lagavulin","floor":11,"turns":5},{"damage":10,"enemies":"Red Slaver","floor":13,"turns":3},{"damage":44,"enemies":"Slime Boss","floor":16,"turns":10}],"seed_played":"-5664911264143430578","potions_obtained":[{"floor":3,"key":"LiquidBronze"},{"floor":5,"key":"SpeedPotion"},{"floor":11,"key":"Ancient Potion"}],"is_trial":false,"path_per_floor":["M","?","M","?","M","R","M","R","T","M","E","R","M","?","R","B"],"character_chosen":"IRONCLAD","items_purchased":[],"campfire_rested":0,"item_purchase_floors":[],"current_hp_per_floor":[79,79,82,64,53,53,47,47,47,49,29,35,31,31,40,0],"gold":395,"neow_bonus":"TEN_PERCENT_HP_BONUS","is_prod":false,"is_daily":false,"chose_seed":false,"campfire_upgraded":4,"win_rate":0,"timestamp":1570898174,"path_taken":["M","?","M","?","M","R","M","R","T","M","E","R","M","?","R","BOSS"],"build_version":"2019-10-11","purchased_purges":0,"victory":false,"max_hp_per_floor":[88,88,88,88,88,88,88,88,88,88,88,88,88,88,88,88],"card_choices":[{"not_picked":["Heavy Blade","Intimidate"],"picked":"Headbutt","floor":1},{"not_picked":["Metallicize","Reckless Charge"],"picked":"Clothesline","floor":3},{"not_picked":["Flex","Heavy Blade"],"picked":"Armaments","floor":5},{"not_picked":["Fire Breathing","Shrug It Off"],"picked":"Cleave","floor":7},{"not_picked":["Seeing Red","Headbutt","True Grit"],"picked":"SKIP","floor":10},{"not_picked":["Havoc","Sword Boomerang","Brutality"],"picked":"SKIP","floor":11},{"not_picked":["Fire Breathing","Sever Soul"],"picked":"Flame Barrier","floor":13}],"player_experience":389960,"relics_obtained":[{"floor":9,"key":"Juzu Bracelet"},{"floor":11,"key":"Eternal Feather"}],"event_choices":[{"damage_healed":0,"gold_gain":0,"cards_transformed":["Defend_R"],"player_choice":"Change","damage_taken":0,"max_hp_gain":0,"max_hp_loss":0,"event_name":"Living Wall","floor":2,"gold_loss":0,"cards_obtained":["Shockwave"]},{"damage_healed":0,"gold_gain":0,"player_choice":"Entered Light","damage_taken":18,"max_hp_gain":0,"max_hp_loss":0,"event_name":"Shining Light","floor":4,"gold_loss":0,"cards_upgraded":["Bash","Clothesline"]},{"damage_healed":0,"gold_gain":175,"player_choice":"AGREE","damage_taken":0,"max_hp_gain":0,"max_hp_loss":0,"event_name":"Liars Game","floor":14,"gold_loss":0,"cards_obtained":["Doubt"]}],"is_beta":true,"boss_relics":[],"items_purged_floors":[],"is_endless":false,"potions_floor_spawned":[3,5,11,13],"killed_by":"Slime Boss","ascension_level":0}