{"gold_per_floor":[114,127,127,19,32,32,76,101,101,176,197,162,187,212,212,331,331,354,369,107,130,154,154,167,167,243,243,243,258,301,226,226,357,357,370,370,70,403,419,419,450,450,450,468,468,468,486,486,486,486],"floor_reached":50,"playtime":3481,"items_purged":["Strike_B"],"score":701,"play_id":"3f8749c3-51a7-40e8-bc10-3e26987e56b4","local_time":"20190925201559","is_ascension_mode":true,"campfire_choices":[{"data":"Recycle","floor":6.0,"key":"SMITH"},{"data":"Zap","floor":15.0,"key":"SMITH"},{"floor":23.0,"key":"REST"},{"data":"Dualcast","floor":25.0,"key":"SMITH"},{"data":"Static Discharge","floor":28.0,"key":"SMITH"},{"data":"Hologram","floor":32.0,"key":"SMITH"},{"floor":40.0,"key":"DIG"},{"floor":42.0,"key":"DIG"},{"floor":45,"key":"DIG"},{"floor":49,"key":"RECALL"}],"neow_cost":"NONE","seed_source_timestamp":0,"circlet_count":0,"master_deck":["Defend_B+1","Defend_B","Zap+1","Dualcast+1","Recycle+1","Hologram+1","Static Discharge+1","Leap","Streamline","Electrodynamics","Auto Shields","Go for the Eyes","Hologram+1","FTL","Seek","Barrage+1","Genetic Algorithm+1","Steam Power+1","Hologram+1","Steam","Capacitor","Steam","Tempest+1","Conserve Battery","Bite","Bite","Bite","Bite","Bite","Chill+1","Glacier+1","All For One","Beam Cell+1","Conserve Battery+1","Steam+1","Hello World","Scrape+1","Apotheosis"],"special_seed":0,"relics":["Cracked Core","Happy Flower","Gremlin Horn","Astrolabe","War Paint","Symbiotic Virus","Bag of Marbles","Fusion Hammer","Shovel","Matryoshka","Shuriken","Ornamental Fan","Potion Belt","Bronze Scales","Nunchaku"],"potions_floor_usage":[],"damage_taken":[{"damage":5.0,"enemies":"Small Slimes","floor":1.0,"turns":3.0},{"damage":10.0,"enemies":"2 Louse","floor":2.0,"turns":2.0},{"damage":2.0,"enemies":"Jaw Worm","floor":5.0,"turns":2.0},{"damage":29.0,"enemies":"3 Sentries","floor":7.0,"turns":8.0},{"damage":3.0,"enemies":"Blue Slaver","floor":8.0,"turns":3.0},{"damage":2.0,"enemies":"Looter","floor":11.0,"turns":2.0},{"damage":0.0,"enemies":"Gremlin Gang","floor":13.0,"turns":3.0},{"damage":1.0,"enemies":"2 Fungi Beasts","floor":14.0,"turns":2.0},{"damage":0.0,"enemies":"Slime Boss","floor":16.0,"turns":6.0},{"damage":10.0,"enemies":"Spheric Guardian","floor":18.0,"turns":3.0},{"damage":8.0,"enemies":"3 Byrds","floor":19.0,"turns":3.0},{"damage":14.0,"enemies":"Snecko","floor":21.0,"turns":5.0},{"damage":18.0,"enemies":"Cultist and Chosen","floor":22.0,"turns":6.0},{"damage":7.0,"enemies":"Snake Plant","floor":24.0,"turns":4.0},{"damage":13.0,"enemies":"Snecko","floor":29.0,"turns":5.0},{"damage":15.0,"enemies":"Gremlin Leader","floor":30.0,"turns":4.0},{"damage":28.0,"enemies":"Champ","floor":33.0,"turns":12.0},{"damage":7.0,"enemies":"3 Shapes","floor":35.0,"turns":3.0},{"damage":9.0,"enemies":"3 Darklings","floor":39.0,"turns":4.0},{"damage":23.0,"enemies":"Reptomancer","floor":41.0,"turns":5.0},{"damage":0.0,"enemies":"Maw","floor":44.0,"turns":7.0},{"damage":11,"enemies":"Jaw Worm Horde","floor":47,"turns":3},{"damage":45,"enemies":"Awakened One","floor":50,"turns":9}],"seed_played":"279061443725264177","potions_obtained":[{"floor":1.0,"key":"FearPotion"},{"floor":7.0,"key":"PowerPotion"},{"floor":8.0,"key":"Energy Potion"},{"floor":13.0,"key":"GamblersBrew"},{"floor":19.0,"key":"EssenceOfSteel"},{"floor":21.0,"key":"FocusPotion"},{"floor":30.0,"key":"Energy Potion"},{"floor":33.0,"key":"EntropicBrew"},{"floor":35.0,"key":"Fire Potion"},{"floor":47,"key":"Energy Potion"}],"is_trial":false,"path_per_floor":["M","M","?","$","M","R","E","M","T","?","M","?","M","M","R","B",null,"M","M","$","M","M","R","M","R","T","?","R","M","E","?","R","B",null,"M","?","$","?","M","R","E","R","T","M","R","?","M","?","R","B"],"character_chosen":"DEFECT","items_purchased":["Static Discharge","Leap","War Paint","Capacitor","Shovel"],"campfire_rested":1,"item_purchase_floors":[4,4,20,20,37],"current_hp_per_floor":[70,60,60,60,58,58,29,26,26,15,13,30,30,29,29,29,69,59,51,51,37,19,39,32,32,32,32,32,29,22,22,22,8,48,47,46,46,46,39,39,26,26,26,36,36,36,25,25,25,0],"gold":486,"neow_bonus":"RANDOM_COMMON_RELIC","is_prod":false,"is_daily":false,"chose_seed":false,"campfire_upgraded":5,"win_rate":0,"timestamp":1569467759,"path_taken":["M","M","?","$","M","R","E","M","T","?","M","?","M","M","R","BOSS","M","M","$","M","M","R","M","R","T","?","R","M","E","?","R","BOSS","M","?","$","?","M","R","E","R","T","M","R","?","M","?","R","BOSS"],"build_version":"2019-07-17","purchased_purges":1,"victory":false,"max_hp_per_floor":[75,75,69,69,69,69,69,69,69,69,69,69,69,69,69,69,69,69,69,69,69,69,69,69,69,69,48,48,48,48,48,48,48,48,48,46,46,46,46,46,46,46,46,46,46,46,46,46,46,46],"card_choices":[{"not_picked":["Heatsinks","Blizzard"],"picked":"Recycle","floor":1.0},{"not_picked":["Steam","Skim"],"picked":"Hologram","floor":2.0},{"not_picked":["Rebound","Conserve Battery"],"picked":"Streamline","floor":5.0},{"not_picked":["Undo","White Noise"],"picked":"Electrodynamics","floor":7.0},{"not_picked":["Gash","Barrage"],"picked":"Auto Shields","floor":8.0},{"not_picked":["Streamline","Rebound"],"picked":"Go for the Eyes","floor":11.0},{"not_picked":["Sunder","Cold Snap"],"picked":"Hologram","floor":13.0},{"not_picked":["Aggregate","Lockon"],"picked":"FTL","floor":14.0},{"not_picked":["Creative AI","Reboot"],"picked":"Seek","floor":16.0},{"not_picked":["Turbo+1","Scrape"],"picked":"Hologram+1","floor":18.0},{"not_picked":["Ball Lightning","Sweeping Beam+1"],"picked":"Steam","floor":19.0},{"not_picked":["Go for the Eyes","FTL"],"picked":"Steam","floor":21.0},{"not_picked":["Fusion","Consume"],"picked":"Tempest+1","floor":22.0},{"not_picked":["Darkness","Reinforced Body+1"],"picked":"Conserve Battery","floor":24.0},{"not_picked":["Stack+1","Capacitor+1"],"picked":"Chill+1","floor":29.0},{"not_picked":["Leap","Streamline"],"picked":"Glacier+1","floor":30.0},{"not_picked":["Rainbow","Buffer"],"picked":"All For One","floor":33.0},{"not_picked":["Rebound+1","Steam Power+1"],"picked":"Beam Cell+1","floor":35.0},{"not_picked":["Glacier","Coolheaded"],"picked":"Conserve Battery+1","floor":39.0},{"not_picked":["Aggregate","Compile Driver+1"],"picked":"Steam+1","floor":41.0},{"not_picked":["Compile Driver+1","Reinforced Body"],"picked":"Hello World","floor":44},{"not_picked":["Loop","Sweeping Beam+1"],"picked":"Scrape+1","floor":47},{"not_picked":["The Bomb","Mayhem"],"picked":"Apotheosis","floor":48}],"player_experience":190823,"relics_obtained":[{"floor":7.0,"key":"Gremlin Horn"},{"floor":26.0,"key":"Symbiotic Virus"},{"floor":30.0,"key":"Bag of Marbles"},{"floor":40.0,"key":"Matryoshka"},{"floor":41.0,"key":"Shuriken"},{"floor":42.0,"key":"Ornamental Fan"},{"floor":43.0,"key":"Potion Belt"},{"floor":43.0,"key":"Bronze Scales"},{"floor":45,"key":"Nunchaku"}],"event_choices":[{"damage_healed":0.0,"max_hp_gain":0.0,"max_hp_loss":6.0,"gold_gain":0.0,"event_name":"Golden Idol","player_choice":"Lose Max HP","floor":3.0,"gold_loss":0.0,"damage_taken":0.0,"relics_obtained":["Golden Idol"]},{"damage_healed":0.0,"max_hp_gain":0.0,"max_hp_loss":0.0,"gold_gain":75.0,"event_name":"World of Goop","player_choice":"Gather Gold","floor":10.0,"gold_loss":0.0,"damage_taken":11.0},{"damage_healed":17.0,"max_hp_gain":0.0,"max_hp_loss":0.0,"gold_gain":0.0,"event_name":"The Cleric","player_choice":"Healed","floor":12.0,"gold_loss":35.0,"damage_taken":0.0},{"damage_healed":0.0,"max_hp_gain":0.0,"max_hp_loss":21.0,"gold_gain":0.0,"event_name":"Vampires","player_choice":"Became a vampire","floor":27.0,"gold_loss":0.0,"damage_taken":0.0,"cards_obtained":["Bite","Bite","Bite","Bite","Bite"]},{"cards_removed":["Defend_B"],"damage_healed":0.0,"max_hp_gain":0.0,"max_hp_loss":0.0,"gold_gain":0.0,"event_name":"Beggar","player_choice":"Gave Gold","floor":31.0,"gold_loss":75.0,"damage_taken":0.0},{"damage_healed":0.0,"max_hp_gain":0.0,"max_hp_loss":2.0,"gold_gain":0.0,"event_name":"Winding Halls","player_choice":"Max HP","floor":36.0,"gold_loss":0.0,"damage_taken":0.0},{"damage_healed":0.0,"max_hp_gain":0.0,"max_hp_loss":0.0,"gold_gain":333.0,"event_name":"The Moai Head","player_choice":"Gave Idol","floor":38.0,"relics_lost":["Golden Idol"],"gold_loss":0.0,"damage_taken":0.0},{"damage_healed":0,"gold_gain":0,"player_choice":"Ignored","damage_taken":0,"max_hp_gain":0,"max_hp_loss":0,"event_name":"Tomb of Lord Red Mask","floor":46,"gold_loss":0},{"damage_healed":0,"gold_gain":0,"player_choice":"Memory 1","damage_taken":0,"max_hp_gain":0,"max_hp_loss":0,"event_name":"SensoryStone","floor":48,"gold_loss":0}],"is_beta":false,"boss_relics":[{"not_picked":["Runic Pyramid","Philosopher\u0027s Stone"],"picked":"Astrolabe"},{"not_picked":["Black Star","Cursed Key"],"picked":"Fusion Hammer"}],"items_purged_floors":[20],"is_endless":false,"potions_floor_spawned":[1,7,8,13,19,21,30,33,35,47],"killed_by":"Awakened One","ascension_level":3}