{"gold_per_floor":[117,127,146,146,165,165,195,195,221,249,264,279,304,320,320,423,423,433,308,328,5,19,54,64,98,110,122,134,146,158,189,201,313,325,348,370,482,5,16,42,42,59,59,87,100,135,135,167,167,167,167,167,14,46,46],"floor_reached":55,"playtime":2564,"items_purged":["Strike_B","Strike_B","Defend_B"],"score":889,"play_id":"bf3ac87e-e7b6-4eba-994a-0825a52419d2","local_time":"20190924231413","is_ascension_mode":true,"campfire_choices":[{"floor":6,"key":"REST"},{"data":"Rainbow","floor":15,"key":"SMITH"},{"data":"Recycle","floor":27,"key":"SMITH"},{"data":"Sunder","floor":29,"key":"SMITH"},{"floor":32,"key":"REST"},{"data":"Defragment","floor":41,"key":"SMITH"},{"floor":49,"key":"RECALL"},{"floor":52,"key":"DIG"}],"neow_cost":"NONE","seed_source_timestamp":851892636495600,"circlet_count":0,"master_deck":["Strike_B","Defend_B","Defend_B","Defend_B","Zap","Dualcast","Gash","Sunder+1","Reinforced Body","Rainbow+1","Turbo","Beam Cell","Rebound","Hologram","Electrodynamics","Compile Driver","Go for the Eyes+1","Recycle+1","Double Energy","Chill","Necronomicurse","Go for the Eyes+1","Hyperbeam","Tempest+1","Sweeping Beam+1","Defragment+1","Master of Strategy","Lockon+1","Thunder Strike","Reprogram+1","Fusion+1","Leap+1","Tempest+1","Biased Cognition","Leap+1"],"relics":["Cracked Core","Boot","Vajra","Regal Pillow","Bronze Scales","Unceasing Top","Nuclear Battery","TheAbacus","Eternal Feather","MawBank","Sundial","Necronomicon","Philosopher\u0027s Stone","Shovel","Lee\u0027s Waffle","Singing Bowl","DataDisk","TungstenRod","Happy Flower","HornCleat","Runic Capacitor","StrikeDummy"],"potions_floor_usage":[7,13,13,22,25,33,33,37,50,55,55],"damage_taken":[{"damage":6,"enemies":"Jaw Worm","floor":1,"turns":3},{"damage":2,"enemies":"2 Louse","floor":2,"turns":2},{"damage":0,"enemies":"Cultist","floor":3,"turns":3},{"damage":19,"enemies":"Exordium Thugs","floor":5,"turns":5},{"damage":44,"enemies":"Gremlin Nob","floor":7,"turns":7},{"damage":2,"enemies":"Lagavulin","floor":10,"turns":5},{"damage":2,"enemies":"2 Fungi Beasts","floor":11,"turns":2},{"damage":0,"enemies":"Looter","floor":12,"turns":3},{"damage":6,"enemies":"Gremlin Nob","floor":13,"turns":3},{"damage":2,"enemies":"Blue Slaver","floor":14,"turns":3},{"damage":12,"enemies":"Hexaghost","floor":16,"turns":8},{"damage":0,"enemies":"Spheric Guardian","floor":18,"turns":3},{"damage":0,"enemies":"3 Byrds","floor":20,"turns":3},{"damage":10,"enemies":"Shelled Parasite and Fungi","floor":22,"turns":6},{"damage":33,"enemies":"Gremlin Leader","floor":23,"turns":6},{"damage":7,"enemies":"Snecko","floor":24,"turns":4},{"damage":6,"enemies":"Slavers","floor":25,"turns":3},{"damage":20,"enemies":"Colosseum Slavers","floor":30,"turns":3},{"damage":0,"enemies":"Chosen and Byrds","floor":31,"turns":3},{"damage":46,"enemies":"Champ","floor":33,"turns":8},{"damage":0,"enemies":"Orb Walker","floor":35,"turns":2},{"damage":3,"enemies":"3 Shapes","floor":36,"turns":2},{"damage":26,"enemies":"Mind Bloom Boss Battle","floor":37,"turns":4},{"damage":0,"enemies":"Spire Growth","floor":39,"turns":2},{"damage":31,"enemies":"Reptomancer","floor":40,"turns":3},{"damage":0,"enemies":"3 Darklings","floor":42,"turns":2},{"damage":9,"enemies":"Giant Head","floor":44,"turns":5},{"damage":0,"enemies":"Sphere and 2 Shapes","floor":45,"turns":2},{"damage":11,"enemies":"Reptomancer","floor":46,"turns":4},{"damage":13,"enemies":"Giant Head","floor":48,"turns":7},{"damage":49,"enemies":"Donu and Deca","floor":50,"turns":7},{"damage":19,"enemies":"Shield and Spear","floor":54,"turns":3},{"damage":84,"enemies":"The Heart","floor":55,"turns":5}],"seed_played":"-6086933999122413059","potions_obtained":[{"floor":2,"key":"Dexterity Potion"},{"floor":5,"key":"SpeedPotion"},{"floor":11,"key":"Regen Potion"},{"floor":12,"key":"Strength Potion"},{"floor":22,"key":"FearPotion"},{"floor":25,"key":"LiquidBronze"},{"floor":31,"key":"Strength Potion"},{"floor":33,"key":"Block Potion"},{"floor":35,"key":"SmokeBomb"},{"floor":40,"key":"Strength Potion"},{"floor":42,"key":"Block Potion"},{"floor":45,"key":"Swift Potion"}],"is_trial":false,"path_per_floor":["M","M","M","?","M","R","E","?","T","E","M","M","E","M","R","B",null,"M","$","M","$","M","E","M","E","T","R","?","R","?","M","R","B",null,"M","M","?","$","M","E","R","M","T","E","M","E","?","E","R","B",null,"R","$","E","B"],"character_chosen":"DEFECT","items_purchased":["Compile Driver","Recycle","TheAbacus","Defragment","Lee\u0027s Waffle","Master of Strategy","Runic Capacitor"],"campfire_rested":2,"item_purchase_floors":[19,21,21,38,38,38,53],"current_hp_per_floor":[69,67,67,72,53,77,33,33,33,31,29,29,32,30,30,18,80,80,80,80,80,70,37,30,24,24,36,20,32,12,12,63,17,80,80,77,51,87,87,56,74,74,74,65,65,54,54,41,59,10,87,87,87,68,0],"gold":46,"neow_bonus":"RANDOM_COMMON_RELIC","is_prod":false,"is_daily":false,"chose_seed":false,"campfire_upgraded":4,"win_rate":0,"timestamp":1569363253,"path_taken":["M","M","M","?","M","R","E","?","T","E","?","M","E","M","R","BOSS","M","$","M","$","M","E","M","E","T","R","?","R","?","M","R","BOSS","M","M","?","$","M","E","R","M","T","E","M","E","?","E","R","BOSS","R","$","E","BOSS"],"build_version":"2019-09-24","purchased_purges":3,"victory":false,"max_hp_per_floor":[75,75,75,80,80,80,80,80,80,80,80,80,80,80,80,80,80,80,80,80,80,80,80,80,80,80,80,80,80,80,80,80,80,80,80,80,80,87,87,87,87,87,87,87,87,87,87,87,87,87,87,87,87,87,87],"card_choices":[{"not_picked":["Beam Cell","Barrage"],"picked":"Gash","floor":1},{"not_picked":["Redo","Tempest"],"picked":"Sunder","floor":2},{"not_picked":["Steam","Coolheaded"],"picked":"Sweeping Beam","floor":3},{"not_picked":["Beam Cell","Fusion"],"picked":"Reinforced Body","floor":5},{"not_picked":["Steam","Lockon"],"picked":"Rainbow","floor":7},{"not_picked":["Rebound","Hello World"],"picked":"Turbo","floor":10},{"not_picked":["Rebound","Streamline"],"picked":"Beam Cell","floor":11},{"not_picked":["Loop","Sweeping Beam"],"picked":"Rebound","floor":12},{"not_picked":["Reprogram","Beam Cell"],"picked":"Hologram","floor":13},{"not_picked":["Sweeping Beam","Streamline","Sunder"],"picked":"SKIP","floor":14},{"not_picked":["Biased Cognition","Reboot"],"picked":"Electrodynamics","floor":16},{"not_picked":["Sweeping Beam","Static Discharge","Melter"],"picked":"SKIP","floor":18},{"not_picked":["Chill","Streamline"],"picked":"Go for the Eyes+1","floor":20},{"not_picked":["Cold Snap","Force Field"],"picked":"Double Energy","floor":22},{"not_picked":["Loop","Redo","Sweeping Beam"],"picked":"SKIP","floor":23},{"not_picked":["Compile Driver","Hologram"],"picked":"Chill","floor":24},{"not_picked":["Blizzard","Beam Cell","Auto Shields"],"picked":"SKIP","floor":25},{"not_picked":["Genetic Algorithm","Reprogram"],"picked":"Go for the Eyes+1","floor":31},{"not_picked":["Rainbow","Multi-Cast"],"picked":"Hyperbeam","floor":33},{"not_picked":["Chill","Storm+1"],"picked":"Tempest+1","floor":35},{"not_picked":["Steam","Redo","Sweeping Beam"],"picked":"SKIP","floor":36},{"not_picked":["Heatsinks","Beam Cell"],"picked":"Sweeping Beam+1","floor":37},{"not_picked":["Consume","Rebound+1"],"picked":"Lockon+1","floor":39},{"not_picked":["Rip and Tear+1","Skim"],"picked":"Thunder Strike","floor":40},{"not_picked":["Genetic Algorithm+1","Beam Cell"],"picked":"Reprogram+1","floor":42},{"not_picked":["Reprogram+1","Streamline"],"picked":"Fusion+1","floor":44},{"not_picked":["Darkness+1","Compile Driver"],"picked":"Leap+1","floor":45},{"not_picked":["Turbo","Streamline"],"picked":"Tempest+1","floor":46},{"not_picked":["Buffer","BootSequence+1"],"picked":"Biased Cognition","floor":48},{"not_picked":["Hello World","Aggregate"],"picked":"Leap+1","floor":54}],"player_experience":1561517,"relics_obtained":[{"floor":7,"key":"Vajra"},{"floor":9,"key":"Regal Pillow"},{"floor":10,"key":"Bronze Scales"},{"floor":13,"key":"Unceasing Top"},{"floor":23,"key":"Eternal Feather"},{"floor":25,"key":"MawBank"},{"floor":26,"key":"Sundial"},{"floor":28,"key":"Necronomicon"},{"floor":37,"key":"Shovel"},{"floor":40,"key":"Singing Bowl"},{"floor":44,"key":"DataDisk"},{"floor":46,"key":"TungstenRod"},{"floor":48,"key":"Happy Flower"},{"floor":52,"key":"HornCleat"},{"floor":54,"key":"StrikeDummy"}],"event_choices":[{"damage_healed":0,"gold_gain":0,"player_choice":"Donut","damage_taken":0,"max_hp_gain":5,"max_hp_loss":0,"event_name":"Big Fish","floor":4,"gold_loss":0},{"cards_removed":["Strike_B"],"damage_healed":0,"gold_gain":0,"player_choice":"Card Removal","damage_taken":0,"max_hp_gain":0,"max_hp_loss":0,"event_name":"Wheel of Change","floor":8,"gold_loss":0},{"damage_healed":0,"gold_gain":0,"player_choice":"Obtained Book","damage_taken":16,"max_hp_gain":0,"max_hp_loss":0,"event_name":"Cursed Tome","floor":28,"gold_loss":0},{"damage_healed":0,"gold_gain":0,"player_choice":"Fight","damage_taken":0,"max_hp_gain":0,"max_hp_loss":0,"event_name":"Colosseum","floor":30,"gold_loss":0},{"damage_healed":0,"gold_gain":0,"player_choice":"Fled From Nobs","damage_taken":0,"max_hp_gain":0,"max_hp_loss":0,"event_name":"Colosseum","floor":30,"gold_loss":0},{"damage_healed":0,"gold_gain":0,"player_choice":"Fight","damage_taken":0,"max_hp_gain":0,"max_hp_loss":0,"event_name":"MindBloom","floor":37,"gold_loss":0},{"cards_removed":["Sweeping Beam"],"damage_healed":0,"gold_gain":0,"player_choice":"Removed Attack","damage_taken":0,"max_hp_gain":0,"max_hp_loss":0,"event_name":"Falling","floor":47,"gold_loss":0}],"is_beta":true,"boss_relics":[{"not_picked":["Sozu","Velvet Choker"],"picked":"Nuclear Battery"},{"not_picked":["Fusion Hammer","Pandora\u0027s Box"],"picked":"Philosopher\u0027s Stone"}],"items_purged_floors":[19,21,38],"is_endless":false,"potions_floor_spawned":[2,5,11,12,22,25,31,33,35,40,42,45,46],"killed_by":"The Heart","ascension_level":1}