{"gold_per_floor":[367,385,5,5,5,35,50,50,50,84,98,129,153,8,8,110,110,130,142,52,68,87,118,130,202,214,243,288,300,332,372,384,496,508,534,546,558,292,307,342,357,21,21,34,34,68,68,102,102,102,102,102,5,36,36],"floor_reached":55,"playtime":2825,"items_purged":["Strike_B","Defend_B"],"score":1199,"play_id":"8dbabc47-2062-42f1-ac74-7268f850644a","local_time":"20190823130415","is_ascension_mode":true,"campfire_choices":[{"data":"Zap","floor":8,"key":"SMITH"},{"data":"Darkness","floor":15,"key":"SMITH"},{"data":"Sweeping Beam","floor":29,"key":"SMITH"},{"floor":32,"key":"REST"},{"floor":45,"key":"REST"},{"floor":49,"key":"RECALL"},{"data":"Defragment","floor":52,"key":"SMITH"}],"neow_cost":"TEN_PERCENT_HP_LOSS","seed_source_timestamp":703763215576300,"circlet_count":0,"master_deck":["Defend_B","Defend_B+1","Defend_B","Zap+1","Dualcast","Cold Snap","Darkness+1","Gash","Rebound","Skim+1","Melter","Conserve Battery","Echo Form","FTL+1","Sweeping Beam+1","Barrage+1","BootSequence","Skim+1","Biased Cognition","Reprogram+1","Gash","Seek+1","Compile Driver","Jack Of All Trades","Gash","Coolheaded+1","Defragment+1","Apotheosis","Parasite","Loop+1","Steam+1"],"relics":["Cracked Core","PreservedInsect","Orichalcum","Meat on the Bone","Symbiotic Virus","Bag of Marbles","Shuriken","Bronze Scales","Potion Belt","Cursed Key","MawBank","Tiny Chest","Boot","Emotion Chip","Inserter","DataDisk","War Paint","Membership Card","Anchor","Oddly Smooth Stone","Medical Kit","Lantern"],"potions_floor_usage":[16,18,21,23,33,44,44,46,50,55,55],"damage_taken":[{"damage":0,"enemies":"2 Louse","floor":1,"turns":3},{"damage":6,"enemies":"Small Slimes","floor":2,"turns":4},{"damage":16,"enemies":"Lagavulin","floor":6,"turns":5},{"damage":0,"enemies":"Cultist","floor":7,"turns":3},{"damage":2,"enemies":"Gremlin Nob","floor":10,"turns":3},{"damage":12,"enemies":"Lots of Slimes","floor":11,"turns":3},{"damage":0,"enemies":"Lagavulin","floor":12,"turns":4},{"damage":0,"enemies":"Slime Boss","floor":16,"turns":4},{"damage":19,"enemies":"2 Thieves","floor":18,"turns":2},{"damage":0,"enemies":"3 Byrds","floor":19,"turns":2},{"damage":0,"enemies":"Snake Plant","floor":21,"turns":3},{"damage":15,"enemies":"Centurion and Healer","floor":22,"turns":3},{"damage":14,"enemies":"Slavers","floor":23,"turns":3},{"damage":22,"enemies":"Gremlin Leader","floor":25,"turns":4},{"damage":0,"enemies":"3 Cultists","floor":27,"turns":3},{"damage":9,"enemies":"Book of Stabbing","floor":28,"turns":3},{"damage":0,"enemies":"Cultist and Chosen","floor":30,"turns":3},{"damage":11,"enemies":"Gremlin Leader","floor":31,"turns":4},{"damage":24,"enemies":"Champ","floor":33,"turns":6},{"damage":3,"enemies":"3 Shapes","floor":35,"turns":4},{"damage":0,"enemies":"Orb Walker","floor":39,"turns":2},{"damage":3,"enemies":"Giant Head","floor":40,"turns":4},{"damage":18,"enemies":"Maw","floor":41,"turns":5},{"damage":36,"enemies":"Writhing Mass","floor":44,"turns":7},{"damage":18,"enemies":"Reptomancer","floor":46,"turns":5},{"damage":0,"enemies":"Nemesis","floor":48,"turns":3},{"damage":31,"enemies":"Time Eater","floor":50,"turns":9},{"damage":52,"enemies":"Shield and Spear","floor":54,"turns":5},{"damage":61,"enemies":"The Heart","floor":55,"turns":2}],"seed_played":"36107866454085867","potions_obtained":[{"floor":1,"key":"Energy Potion"},{"floor":6,"key":"Fire Potion"},{"floor":7,"key":"Strength Potion"},{"floor":16,"key":"Energy Potion"},{"floor":19,"key":"SkillPotion"},{"floor":22,"key":"Block Potion"},{"floor":27,"key":"FearPotion"},{"floor":28,"key":"Swift Potion"},{"floor":30,"key":"Weak Potion"},{"floor":31,"key":"Regen Potion"},{"floor":35,"key":"Poison Potion"},{"floor":46,"key":"Swift Potion"}],"is_trial":false,"path_per_floor":["M","M","$","?","?","E","M","R","T","E","M","E","T","$","R","B",null,"M","M","?","M","M","E","?","E","T","M","E","R","M","E","R","B",null,"M","?","?","$","M","E","M","$","T","M","R","E","T","E","R","B",null,"R","$","E","B"],"character_chosen":"DEFECT","items_purchased":["PreservedInsect","Orichalcum","Potion Belt","DataDisk","Gash","Membership Card","Defragment","Apotheosis","Medical Kit"],"campfire_rested":2,"item_purchase_floors":[3,3,14,38,38,42,42,42,53],"current_hp_per_floor":[68,62,62,62,62,46,46,46,46,44,44,44,44,44,44,44,62,43,43,43,43,40,38,38,28,28,40,43,43,43,44,64,40,61,58,48,48,48,48,45,39,39,39,29,48,42,42,42,42,23,55,55,55,15,0],"gold":36,"neow_bonus":"TWO_FIFTY_GOLD","is_prod":false,"is_daily":false,"chose_seed":false,"campfire_upgraded":4,"win_rate":0,"timestamp":1566561855,"path_taken":["M","M","$","?","?","E","?","R","T","E","?","E","?","?","R","BOSS","M","M","?","?","M","E","?","E","T","M","E","R","M","E","R","BOSS","M","?","?","?","?","E","M","$","T","M","R","E","?","E","R","BOSS","R","$","E","BOSS"],"build_version":"2019-07-17","purchased_purges":2,"victory":false,"max_hp_per_floor":[68,68,68,68,68,68,68,68,68,68,68,68,68,68,68,68,68,68,68,68,68,68,68,68,68,68,68,68,68,68,68,68,68,68,68,68,65,65,65,65,65,65,65,65,65,65,65,65,65,65,65,65,65,65,65],"card_choices":[{"not_picked":["Self Repair","Conserve Battery"],"picked":"Cold Snap","floor":1},{"not_picked":["Loop","Coolheaded"],"picked":"Darkness","floor":2},{"not_picked":["Reprogram","Recycle"],"picked":"Rebound","floor":6},{"not_picked":["Beam Cell","Coolheaded"],"picked":"Skim","floor":7},{"not_picked":["Genetic Algorithm","Storm"],"picked":"Melter","floor":10},{"not_picked":["Consume","Cold Snap","White Noise"],"picked":"SKIP","floor":11},{"not_picked":["Static Discharge","Rebound"],"picked":"Conserve Battery","floor":12},{"not_picked":["Thunder Strike","Machine Learning"],"picked":"Echo Form","floor":16},{"not_picked":["Genetic Algorithm","Steam"],"picked":"FTL+1","floor":18},{"not_picked":["Go for the Eyes","Cold Snap"],"picked":"Sweeping Beam","floor":19},{"not_picked":["Leap","Chill"],"picked":"Barrage+1","floor":21},{"not_picked":["Turbo","Streamline"],"picked":"BootSequence","floor":22},{"not_picked":["Cold Snap","Beam Cell","Turbo"],"picked":"SKIP","floor":23},{"not_picked":["FTL","Darkness"],"picked":"Skim+1","floor":25},{"not_picked":["Lockon","Steam"],"picked":"Biased Cognition","floor":27},{"not_picked":["Glacier","Melter"],"picked":"Reprogram+1","floor":28},{"not_picked":["Scrape","Beam Cell+1"],"picked":"Gash","floor":30},{"not_picked":["Barrage+1","Fusion","Rip and Tear+1"],"picked":"SKIP","floor":31},{"not_picked":["Thunder Strike","Echo Form"],"picked":"Seek","floor":33},{"not_picked":["Ball Lightning+1","Turbo"],"picked":"Compile Driver","floor":35},{"not_picked":["Blind","Finesse"],"picked":"Jack Of All Trades","floor":36},{"not_picked":["Compile Driver","Barrage+1","Conserve Battery"],"picked":"SKIP","floor":39},{"not_picked":["Static Discharge","Scrape+1"],"picked":"Coolheaded+1","floor":40},{"not_picked":["Compile Driver+1","Steam","Fusion"],"picked":"SKIP","floor":41},{"not_picked":["Stack+1","Rebound","Leap+1"],"picked":"SKIP","floor":44},{"not_picked":["Seek","Recycle"],"picked":"Loop+1","floor":46},{"not_picked":["Thunder Strike","Storm"],"picked":"Steam+1","floor":48},{"not_picked":["Ball Lightning","Sweeping Beam","Skim"],"picked":"SKIP","floor":54}],"player_experience":1841883,"relics_obtained":[{"floor":6,"key":"Meat on the Bone"},{"floor":9,"key":"Symbiotic Virus"},{"floor":10,"key":"Bag of Marbles"},{"floor":12,"key":"Shuriken"},{"floor":13,"key":"Bronze Scales"},{"floor":23,"key":"MawBank"},{"floor":25,"key":"Tiny Chest"},{"floor":28,"key":"Boot"},{"floor":31,"key":"Emotion Chip"},{"floor":40,"key":"War Paint"},{"floor":46,"key":"Anchor"},{"floor":48,"key":"Oddly Smooth Stone"},{"floor":54,"key":"Lantern"}],"event_choices":[{"damage_healed":0,"gold_gain":0,"player_choice":"Ignored","damage_taken":0,"max_hp_gain":0,"max_hp_loss":0,"event_name":"Liars Game","floor":4,"gold_loss":0},{"cards_removed":["Strike_B"],"damage_healed":0,"gold_gain":0,"player_choice":"Took Card","damage_taken":0,"max_hp_gain":0,"max_hp_loss":0,"event_name":"NoteForYourself","floor":5,"gold_loss":0,"cards_obtained":["Gash"]},{"cards_removed":["Strike_B"],"damage_healed":0,"gold_gain":0,"player_choice":"Upgrade and Remove","damage_taken":0,"max_hp_gain":0,"max_hp_loss":0,"event_name":"Designer","floor":20,"gold_loss":90,"cards_upgraded":["Skim"]},{"cards_removed":["Strike_B"],"damage_healed":0,"gold_gain":0,"player_choice":"Elegance","damage_taken":0,"max_hp_gain":0,"max_hp_loss":0,"event_name":"Back to Basics","floor":24,"gold_loss":0},{"damage_healed":0,"gold_gain":0,"player_choice":"Memory 3","damage_taken":10,"max_hp_gain":0,"max_hp_loss":0,"event_name":"SensoryStone","floor":36,"gold_loss":0},{"damage_healed":0,"gold_gain":0,"player_choice":"Max HP","damage_taken":0,"max_hp_gain":0,"max_hp_loss":3,"event_name":"Winding Halls","floor":37,"gold_loss":0}],"is_beta":false,"boss_relics":[{"not_picked":["Philosopher\u0027s Stone","Eternal Feather"],"picked":"Cursed Key"},{"not_picked":["Tiny House","White Beast Statue"],"picked":"Inserter"}],"items_purged_floors":[3,38],"is_endless":false,"potions_floor_spawned":[1,6,7,16,19,22,27,28,30,31,35,46],"killed_by":"The Heart","ascension_level":6}