{"gold_per_floor":[113,113,113,132,148,148,178,178,178,178,22,22,48,67,67,168,168,181,199,78,78,78,78,103,18,18,18,18,18,32,58,58,156,156,169,169,169,179,6,6,17,49,95,128,148,165,165,179,179,179,179,179,2,37,37],"floor_reached":55,"playtime":2073,"items_purged":["Strike_B","Strike_B"],"score":885,"play_id":"b695d965-25cc-4310-b727-8737cb40fa43","local_time":"20190729013947","is_ascension_mode":true,"campfire_choices":[{"data":"Streamline","floor":6,"key":"SMITH"},{"data":"Sweeping Beam","floor":10,"key":"SMITH"},{"data":"Coolheaded","floor":15,"key":"SMITH"},{"data":"Defragment","floor":23,"key":"SMITH"},{"floor":27,"key":"REST"},{"data":"Coolheaded","floor":29,"key":"SMITH"},{"floor":32,"key":"REST"},{"data":"Capacitor","floor":40,"key":"SMITH"},{"floor":47,"key":"REST"},{"floor":49,"key":"RECALL"},{"data":"1","floor":52,"key":"LIFT"}],"neow_cost":"NONE","seed_source_timestamp":112260623141516,"circlet_count":0,"master_deck":["Strike_B","Defend_B","Defend_B","Defend_B","Defend_B","Zap+1","Dualcast","Streamline+1","Sweeping Beam+1","Coolheaded+1","Auto Shields","Capacitor+1","Cold Snap","Ball Lightning","Chill","Coolheaded+1","Defragment+1","Echo Form","Electrodynamics","Seek","Static Discharge","Ball Lightning+1","Lockon+1"],"relics":["Cracked Core","Singing Bowl","Bottled Flame","PreservedInsect","Velvet Choker","Enchiridion","Girya","DataDisk","Potion Belt","Lizard Tail","Sundial","Pen Nib","Ornamental Fan","Centennial Puzzle"],"potions_floor_usage":[12,16,16,24,33,42,50,50,54,54,55,55],"damage_taken":[{"damage":0,"enemies":"Cultist","floor":1,"turns":5},{"damage":7,"enemies":"Small Slimes","floor":4,"turns":2},{"damage":7,"enemies":"Jaw Worm","floor":5,"turns":3},{"damage":16,"enemies":"Lagavulin","floor":7,"turns":5},{"damage":0,"enemies":"Lots of Slimes","floor":12,"turns":1},{"damage":9,"enemies":"3 Sentries","floor":13,"turns":6},{"damage":0,"enemies":"Red Slaver","floor":14,"turns":3},{"damage":6,"enemies":"Hexaghost","floor":16,"turns":9},{"damage":4,"enemies":"3 Byrds","floor":18,"turns":4},{"damage":4,"enemies":"2 Thieves","floor":19,"turns":4},{"damage":37,"enemies":"Slavers","floor":24,"turns":3},{"damage":6,"enemies":"3 Cultists","floor":30,"turns":5},{"damage":19,"enemies":"Gremlin Leader","floor":31,"turns":4},{"damage":16,"enemies":"Champ","floor":33,"turns":10},{"damage":11,"enemies":"Orb Walker","floor":35,"turns":3},{"damage":2,"enemies":"3 Darklings","floor":38,"turns":4},{"damage":8,"enemies":"Maw","floor":41,"turns":8},{"damage":12,"enemies":"Nemesis","floor":42,"turns":5},{"damage":0,"enemies":"Reptomancer","floor":44,"turns":3},{"damage":0,"enemies":"Transient","floor":45,"turns":5},{"damage":19,"enemies":"3 Darklings","floor":46,"turns":2},{"damage":6,"enemies":"Sphere and 2 Shapes","floor":48,"turns":3},{"damage":44,"enemies":"Donu and Deca","floor":50,"turns":5},{"damage":40,"enemies":"Shield and Spear","floor":54,"turns":4},{"damage":107,"enemies":"The Heart","floor":55,"turns":5}],"seed_played":"-4317775566555729150","potions_obtained":[{"floor":4,"key":"SmokeBomb"},{"floor":5,"key":"LiquidBronze"},{"floor":13,"key":"Poison Potion"},{"floor":18,"key":"Energy Potion"},{"floor":24,"key":"Regen Potion"},{"floor":38,"key":"SpeedPotion"},{"floor":42,"key":"FocusPotion"},{"floor":46,"key":"EssenceOfSteel"}],"is_trial":false,"path_per_floor":["M","?","?","M","M","R","E","?","T","R","$","M","E","M","R","B",null,"M","M","$","?","?","R","E","?","T","R","?","R","M","E","R","B",null,"M","?","?","M","$","R","M","E","T","E","M","M","R","M","R","B",null,"R","$","E","B"],"character_chosen":"DEFECT","items_purchased":["Capacitor","Cold Snap","Defragment","Strength Potion","Seek","FocusPotion","Poison Potion","AttackPotion"],"campfire_rested":3,"item_purchase_floors":[11,11,20,20,39,53,53,53],"current_hp_per_floor":[75,75,68,61,54,54,38,38,38,38,38,38,29,29,29,25,77,73,71,71,71,55,55,20,20,20,44,44,44,40,23,48,47,85,76,76,76,76,76,76,70,58,58,60,60,43,70,64,64,20,91,91,91,53,0],"gold":37,"neow_bonus":"REMOVE_CARD","is_prod":false,"is_daily":false,"chose_seed":false,"campfire_upgraded":6,"win_rate":0,"timestamp":1564360787,"path_taken":["M","?","?","?","M","R","E","?","T","R","$","?","E","M","R","BOSS","M","?","$","?","?","R","E","?","T","R","?","R","M","E","R","BOSS","M","?","?","M","$","R","M","E","T","E","M","M","R","M","R","BOSS","R","$","E","BOSS"],"build_version":"2019-07-17","purchased_purges":2,"victory":false,"max_hp_per_floor":[75,75,75,75,75,75,75,75,75,75,75,75,75,75,75,77,77,77,79,79,79,79,79,81,81,81,81,81,81,83,85,85,85,85,87,83,83,85,85,85,87,87,87,89,89,91,91,91,91,91,91,91,91,93,93],"card_choices":[{"not_picked":["Redo","Turbo"],"picked":"Streamline","floor":1},{"not_picked":["White Noise","Rebound"],"picked":"Sweeping Beam","floor":4},{"not_picked":["Conserve Battery","Stack"],"picked":"Coolheaded","floor":5},{"not_picked":["Streamline","Sweeping Beam"],"picked":"Auto Shields","floor":7},{"not_picked":["Reprogram","Redo"],"picked":"Ball Lightning","floor":13},{"not_picked":["Reprogram","Leap"],"picked":"Chill","floor":14},{"not_picked":["Reboot","Thunder Strike","All For One"],"picked":"Singing Bowl","floor":16},{"not_picked":["Turbo","Sunder"],"picked":"Coolheaded","floor":18},{"not_picked":["Sweeping Beam","Auto Shields+1","Darkness"],"picked":"Singing Bowl","floor":19},{"not_picked":["Streamline","Ball Lightning","Gash"],"picked":"Singing Bowl","floor":24},{"not_picked":["Turbo","Stack","Force Field"],"picked":"Singing Bowl","floor":30},{"not_picked":["Compile Driver+1","Go for the Eyes","Steam"],"picked":"Singing Bowl","floor":31},{"not_picked":["Meteor Strike","Thunder Strike"],"picked":"Electrodynamics","floor":33},{"not_picked":["Recycle+1","Conserve Battery","Beam Cell+1"],"picked":"Singing Bowl","floor":35},{"not_picked":["Sweeping Beam+1","Gash","Streamline+1"],"picked":"Singing Bowl","floor":38},{"not_picked":["Beam Cell+1","Redo","Steam+1"],"picked":"Singing Bowl","floor":41},{"not_picked":["Leap","Rebound"],"picked":"Static Discharge","floor":42},{"not_picked":["Chill+1","Seek","Gash+1"],"picked":"Singing Bowl","floor":44},{"not_picked":["Beam Cell","Stack+1"],"picked":"Ball Lightning+1","floor":45},{"not_picked":["Chill","Sweeping Beam","Conserve Battery+1"],"picked":"Singing Bowl","floor":46},{"not_picked":["Compile Driver","Beam Cell+1"],"picked":"Lockon+1","floor":48},{"not_picked":["Go for the Eyes","Multi-Cast","White Noise+1"],"picked":"Singing Bowl","floor":54}],"player_experience":1773747,"relics_obtained":[{"floor":7,"key":"Singing Bowl"},{"floor":9,"key":"Bottled Flame"},{"floor":13,"key":"PreservedInsect"},{"floor":22,"key":"Enchiridion"},{"floor":24,"key":"Girya"},{"floor":31,"key":"Potion Belt"},{"floor":42,"key":"Sundial"},{"floor":43,"key":"Pen Nib"},{"floor":44,"key":"Ornamental Fan"},{"floor":54,"key":"Centennial Puzzle"}],"event_choices":[{"damage_healed":0,"gold_gain":0,"player_choice":"Ignored","damage_taken":0,"max_hp_gain":0,"max_hp_loss":0,"event_name":"Liars Game","floor":2,"gold_loss":0},{"damage_healed":0,"gold_gain":0,"player_choice":"Damaged","damage_taken":7,"max_hp_gain":0,"max_hp_loss":0,"event_name":"Wheel of Change","floor":3,"gold_loss":0},{"damage_healed":0,"gold_gain":0,"player_choice":"Upgraded","damage_taken":0,"max_hp_gain":0,"max_hp_loss":0,"event_name":"Upgrade Shrine","floor":8,"gold_loss":0,"cards_upgraded":["Zap"]},{"damage_healed":0,"gold_gain":0,"player_choice":"Read","damage_taken":0,"max_hp_gain":0,"max_hp_loss":0,"event_name":"The Library","floor":21,"gold_loss":0,"cards_obtained":["Echo Form"]},{"damage_healed":0,"gold_gain":0,"player_choice":"Obtained Book","damage_taken":16,"max_hp_gain":0,"max_hp_loss":0,"event_name":"Cursed Tome","floor":22,"gold_loss":0},{"damage_healed":0,"gold_gain":0,"player_choice":"Obtained Relic","damage_taken":0,"relics_obtained":["DataDisk"],"max_hp_gain":0,"max_hp_loss":0,"event_name":"Addict","floor":25,"gold_loss":85},{"damage_healed":0,"gold_gain":0,"player_choice":"Ignored","damage_taken":0,"max_hp_gain":0,"max_hp_loss":0,"event_name":"The Mausoleum","floor":28,"gold_loss":0},{"damage_healed":0,"gold_gain":0,"player_choice":"Max HP","damage_taken":0,"max_hp_gain":0,"max_hp_loss":4,"event_name":"Winding Halls","floor":36,"gold_loss":0},{"damage_healed":0,"gold_gain":0,"player_choice":"Ignored","damage_taken":0,"max_hp_gain":0,"max_hp_loss":0,"event_name":"Tomb of Lord Red Mask","floor":37,"gold_loss":0}],"is_beta":false,"boss_relics":[{"not_picked":["FrozenCore","Calling Bell"],"picked":"Velvet Choker"},{"not_picked":["Fusion Hammer","Sozu"],"picked":"Lizard Tail"}],"items_purged_floors":[11,39],"is_endless":false,"potions_floor_spawned":[4,5,12,13,18,24,38,42,46],"killed_by":"The Heart","ascension_level":3}