{"gold_per_floor":[368,386,386,403,416,450,450,465,465,465,235,270,270,305,305,408,408,425,439,439,40,40,40,74,6,33,33,33],"floor_reached":28,"playtime":952,"items_purged":["Strike_R","Strike_R"],"score":293,"play_id":"d8e4974c-cf23-4f06-87f7-d20fb8020704","local_time":"20190406161635","is_ascension_mode":true,"campfire_choices":[{"data":"Flame Barrier","floor":10.0,"key":"SMITH"},{"data":"Flex","floor":13.0,"key":"SMITH"},{"data":"Dual Wield","floor":15.0,"key":"SMITH"},{"data":"Armaments","floor":23.0,"key":"SMITH"}],"neow_cost":"TEN_PERCENT_HP_LOSS","seed_source_timestamp":0,"circlet_count":0,"master_deck":["Strike_R","Defend_R","Defend_R+1","Defend_R","Bash","Iron Wave","Power Through","Flex+1","Clash","Clash","Flame Barrier+1","Inflame","Purity+1","Dual Wield+1","Reaper+1","Cleave+1","Bloodletting","Armaments+1","Power Through","Uppercut+1","Seeing Red+1"],"special_seed":0,"relics":["Burning Blood","PreservedInsect","Paper Frog","Mercury Hourglass","Molten Egg 2","Question Card","Empty Cage","War Paint","DollysMirror","Toxic Egg 2","Dream Catcher"],"potions_floor_usage":[28],"damage_taken":[{"damage":10.0,"enemies":"Cultist","floor":1.0,"turns":4.0},{"damage":6.0,"enemies":"Jaw Worm","floor":2.0,"turns":3.0},{"damage":13.0,"enemies":"2 Louse","floor":4.0,"turns":3.0},{"damage":8.0,"enemies":"Gremlin Gang","floor":5.0,"turns":10.0},{"damage":1.0,"enemies":"Lagavulin","floor":6.0,"turns":4.0},{"damage":2.0,"enemies":"Blue Slaver","floor":8.0,"turns":3.0},{"damage":0.0,"enemies":"Gremlin Nob","floor":12.0,"turns":4.0},{"damage":6.0,"enemies":"Lagavulin","floor":14.0,"turns":4.0},{"damage":41.0,"enemies":"The Guardian","floor":16.0,"turns":10.0},{"damage":10.0,"enemies":"Spheric Guardian","floor":18.0,"turns":4.0},{"damage":38.0,"enemies":"Shell Parasite","floor":19.0,"turns":8.0},{"damage":75.0,"enemies":"Gremlin Leader","floor":24.0,"turns":9.0},{"damage":15,"enemies":"Snake Plant","floor":28,"turns":2}],"seed_played":"6924080540174553147","potions_obtained":[{"floor":1.0,"key":"Dexterity Potion"},{"floor":2.0,"key":"Block Potion"},{"floor":6.0,"key":"Poison Potion"},{"floor":8.0,"key":"Explosive Potion"},{"floor":19.0,"key":"GamblersBrew"},{"floor":24.0,"key":"Ancient Potion"}],"is_trial":false,"path_per_floor":["M","M","?","M","M","E","?","M","T","R","$","E","R","E","R","B",null,"M","M","?","$","?","R","E","$","T","$","M"],"character_chosen":"IRONCLAD","items_purchased":["Inflame","Purity","Armaments","DollysMirror","Strength Potion","Seeing Red+1"],"campfire_rested":0,"item_purchase_floors":[11,11,21,21,21,25],"current_hp_per_floor":[68,68,43,36,34,39,39,43,43,43,43,49,49,49,49,14,72,68,49,49,49,49,49,14,14,14,14,0],"gold":33,"neow_bonus":"TWO_FIFTY_GOLD","is_prod":false,"is_daily":false,"chose_seed":false,"campfire_upgraded":4,"win_rate":0,"timestamp":1554556595,"path_taken":["M","?","?","M","M","E","?","?","T","R","$","E","R","E","R","BOSS","M","?","?","$","?","R","E","?","T","$","M"],"build_version":"2019-01-23","purchased_purges":2,"victory":false,"max_hp_per_floor":[72,72,72,72,72,72,72,72,72,72,72,72,72,72,72,72,72,72,72,72,72,72,72,72,72,72,72,72],"card_choices":[{"not_picked":["Disarm","Combust"],"picked":"Iron Wave","floor":1.0},{"not_picked":["Ghostly Armor","Rupture"],"picked":"Power Through","floor":2.0},{"not_picked":["Burning Pact","Heavy Blade"],"picked":"Flex","floor":4.0},{"not_picked":["True Grit","Wild Strike"],"picked":"Clash","floor":5.0},{"not_picked":["Carnage","Wild Strike"],"picked":"Clash","floor":6.0},{"not_picked":["True Grit","Pommel Strike"],"picked":"Flame Barrier","floor":8.0},{"not_picked":["Carnage","Headbutt","Wild Strike"],"picked":"SKIP","floor":12.0},{"not_picked":["Heavy Blade+1","Anger+1"],"picked":"Dual Wield","floor":14.0},{"not_picked":["Demon Form","Fiend Fire+1","Dark Embrace"],"picked":"Reaper+1","floor":16.0},{"not_picked":["Warcry","Metallicize","Headbutt+1"],"picked":"Cleave+1","floor":18.0},{"not_picked":["Perfected Strike+1","Sword Boomerang+1","Twin Strike+1"],"picked":"Bloodletting","floor":19.0},{"not_picked":["True Grit","Rampage+1","Anger+1"],"picked":"Uppercut+1","floor":24.0}],"player_experience":250104,"relics_obtained":[{"floor":6.0,"key":"Paper Frog"},{"floor":9.0,"key":"Mercury Hourglass"},{"floor":12.0,"key":"Molten Egg 2"},{"floor":14.0,"key":"Question Card"},{"floor":24.0,"key":"Toxic Egg 2"},{"floor":26.0,"key":"Dream Catcher"}],"event_choices":[{"damage_healed":0.0,"max_hp_gain":0.0,"max_hp_loss":0.0,"gold_gain":0.0,"event_name":"Scrap Ooze","player_choice":"Success","floor":3.0,"gold_loss":0.0,"damage_taken":25.0,"relics_obtained":["PreservedInsect"]},{"cards_removed":["Strike_R"],"damage_healed":0.0,"max_hp_gain":0.0,"max_hp_loss":0.0,"gold_gain":0.0,"event_name":"Bonfire Elementals","player_choice":"Offered Basic","floor":7.0,"gold_loss":0.0,"damage_taken":0.0},{"damage_healed":0.0,"max_hp_gain":0.0,"max_hp_loss":0.0,"gold_gain":0.0,"event_name":"The Mausoleum","player_choice":"Opened","floor":20.0,"gold_loss":0.0,"damage_taken":0.0,"relics_obtained":["War Paint"]},{"damage_healed":0.0,"max_hp_gain":0.0,"max_hp_loss":0.0,"gold_gain":0.0,"event_name":"Ghosts","player_choice":"Ignored","floor":22.0,"gold_loss":0.0,"damage_taken":0.0}],"is_beta":false,"boss_relics":[{"not_picked":["Runic Dome","Runic Cube"],"picked":"Empty Cage"}],"items_purged_floors":[11,21],"is_endless":false,"potions_floor_spawned":[1,2,6,8,19,24],"killed_by":"Snake Plant","ascension_level":1}