{"gold_per_floor":[219,6,22,33,49,84,100,100,100,100,132,148,166,182,182,284,284,296,70,85,0,0,17,17,17,17,47,60,91,101,118,118,215,215,228,228,228,228,90,117,135,150,201,214,231,231,259,269,269,269],"floor_reached":51,"playtime":3065,"items_purged":["Strike_G","Underhanded Strike"],"score":790,"play_id":"a720766c-321a-43ed-b840-37f9ff3221e8","local_time":"20190706011931","is_ascension_mode":false,"campfire_choices":[{"data":"Neutralize","floor":10,"key":"SMITH"},{"data":"Poisoned Stab","floor":15,"key":"SMITH"},{"data":"Noxious Fumes","floor":24,"key":"SMITH"},{"data":"Decay","floor":32,"key":"PURGE"},{"data":"Regret","floor":46,"key":"PURGE"},{"data":"Accuracy","floor":49,"key":"SMITH"}],"neow_cost":"NONE","seed_source_timestamp":18917793757103,"circlet_count":0,"master_deck":["Survivor","Neutralize+1","PiercingWail","Dagger Throw","Poisoned Stab+1","Slice","Caltrops","Backstab","Poisoned Stab+1","Infinite Blades","PiercingWail","Backflip","Deflect","Doppelganger","Footwork","Noxious Fumes+1","Endless Agony","Backflip","Infinite Blades+1","Backstab+1","Accuracy+1","Cloak And Dagger","Malaise","Dash+1","Outmaneuver","Skewer","Bouncing Flask","Reflex","Skewer","Wraith Form v2","Cloak And Dagger","Infinite Blades","Dodge and Roll+1","Backflip+1","Expertise+1","Well Laid Plans+1"],"relics":["Ring of the Snake","OrangePellets","Ancient Tea Set","CultistMask","Meat on the Bone","Kunai","Cursed Key","Mummified Hand","Oddly Smooth Stone","Peace Pipe","Dead Branch","Anchor","Pandora\u0027s Box","Sundial","Whetstone"],"potions_floor_usage":[7,16,16,20,40],"damage_taken":[{"damage":0,"enemies":"Cultist","floor":1,"turns":4},{"damage":0,"enemies":"Jaw Worm","floor":3,"turns":3},{"damage":0,"enemies":"Small Slimes","floor":4,"turns":4},{"damage":1,"enemies":"Blue Slaver","floor":5,"turns":3},{"damage":26,"enemies":"Gremlin Nob","floor":6,"turns":5},{"damage":1,"enemies":"Exordium Thugs","floor":7,"turns":5},{"damage":11,"enemies":"Lagavulin","floor":11,"turns":6},{"damage":8,"enemies":"2 Fungi Beasts","floor":12,"turns":3},{"damage":0,"enemies":"Looter","floor":13,"turns":3},{"damage":0,"enemies":"Blue Slaver","floor":14,"turns":3},{"damage":22,"enemies":"Slime Boss","floor":16,"turns":8},{"damage":0,"enemies":"3 Byrds","floor":18,"turns":4},{"damage":3,"enemies":"2 Thieves","floor":20,"turns":4},{"damage":7,"enemies":"Snake Plant","floor":23,"turns":4},{"damage":32,"enemies":"Book of Stabbing","floor":27,"turns":6},{"damage":8,"enemies":"3 Cultists","floor":28,"turns":5},{"damage":9,"enemies":"Gremlin Leader","floor":29,"turns":4},{"damage":2,"enemies":"Centurion and Healer","floor":30,"turns":4},{"damage":0,"enemies":"Cultist and Chosen","floor":31,"turns":3},{"damage":8,"enemies":"Automaton","floor":33,"turns":8},{"damage":0,"enemies":"3 Darklings","floor":35,"turns":6},{"damage":6,"enemies":"Giant Head","floor":40,"turns":6},{"damage":0,"enemies":"3 Shapes","floor":41,"turns":4},{"damage":0,"enemies":"Maw","floor":42,"turns":5},{"damage":5,"enemies":"Transient","floor":44,"turns":5},{"damage":0,"enemies":"4 Shapes","floor":45,"turns":3},{"damage":0,"enemies":"Nemesis","floor":47,"turns":5},{"damage":0,"enemies":"Writhing Mass","floor":48,"turns":7},{"damage":23,"enemies":"Time Eater","floor":50,"turns":10}],"seed_played":"-9070079923411147845","potions_obtained":[{"floor":1,"key":"EssenceOfSteel"},{"floor":6,"key":"Swift Potion"},{"floor":7,"key":"Explosive Potion"},{"floor":14,"key":"Energy Potion"},{"floor":16,"key":"SkillPotion"},{"floor":18,"key":"LiquidBronze"},{"floor":27,"key":"LiquidBronze"},{"floor":28,"key":"GhostInAJar"},{"floor":42,"key":"Swift Potion"}],"is_trial":false,"path_per_floor":["M","$","M","M","M","E","M","?","T","R","E","M","M","M","R","B",null,"M","$","M","?","?","M","R","?","T","E","M","E","M","M","R","B",null,"M","?","?","?","$","E","M","M","T","M","M","R","E","M","R","B",null],"character_chosen":"THE_SILENT","items_purchased":["OrangePellets","Dagger Throw","Noxious Fumes","Endless Agony","Infinite Blades"],"campfire_rested":0,"item_purchase_floors":[2,2,19,19,39],"current_hp_per_floor":[70,70,70,70,69,43,42,42,42,42,43,47,47,47,47,37,70,70,70,67,67,67,60,60,60,60,40,44,47,45,45,45,37,70,70,66,66,66,66,60,60,60,60,55,55,55,55,55,55,44],"gold":269,"neow_bonus":"HUNDRED_GOLD","is_prod":false,"is_daily":false,"chose_seed":false,"campfire_upgraded":4,"win_rate":0,"timestamp":1562372371,"path_taken":["M","$","?","M","M","E","?","?","T","R","E","?","M","M","R","BOSS","M","$","M","?","?","?","R","?","T","E","M","E","M","M","R","BOSS","M","?","?","?","$","E","M","?","T","?","M","R","E","M","R","BOSS"],"build_version":"2019-07-05","purchased_purges":2,"victory":true,"max_hp_per_floor":[70,70,70,70,70,70,70,70,70,70,70,70,70,70,70,70,70,70,70,70,70,70,70,70,70,70,70,70,70,70,70,70,70,70,70,66,66,66,66,66,66,66,66,66,66,66,66,66,66,66],"card_choices":[{"not_picked":["Accuracy","Dodge and Roll"],"picked":"PiercingWail","floor":1},{"not_picked":["Infinite Blades","Reflex"],"picked":"Poisoned Stab","floor":3},{"not_picked":["Setup","Sucker Punch"],"picked":"Slice","floor":4},{"not_picked":["Backflip","Dagger Spray"],"picked":"Caltrops","floor":5},{"not_picked":["Heel Hook","Dash"],"picked":"Backstab","floor":6},{"not_picked":["Heel Hook","Masterful Stab"],"picked":"Poisoned Stab","floor":7},{"not_picked":["Escape Plan","Deflect"],"picked":"Infinite Blades","floor":11},{"not_picked":["Dodge and Roll","Riddle With Holes"],"picked":"PiercingWail","floor":12},{"not_picked":["Tactician","Setup"],"picked":"Backflip","floor":13},{"not_picked":["Flying Knee","PiercingWail"],"picked":"Deflect","floor":14},{"not_picked":["Unload","Tools of the Trade"],"picked":"Doppelganger","floor":16},{"not_picked":["Bouncing Flask","Prepared"],"picked":"Footwork","floor":18},{"not_picked":["Slice+1","Sucker Punch"],"picked":"Backflip","floor":20},{"not_picked":["Dagger Throw","Slice+1"],"picked":"Infinite Blades+1","floor":23},{"not_picked":["Infinite Blades","Dagger Spray+1"],"picked":"Backstab+1","floor":27},{"not_picked":["Deflect","Deadly Poison"],"picked":"Accuracy","floor":28},{"not_picked":["Burst","Reflex","Skewer+1"],"picked":"SKIP","floor":29},{"not_picked":["Leg Sweep","Prepared","Accuracy"],"picked":"SKIP","floor":30},{"not_picked":["Prepared","Riddle With Holes+1"],"picked":"Cloak And Dagger","floor":31},{"not_picked":["Corpse Explosion","Glass Knife"],"picked":"Malaise","floor":33},{"not_picked":["Sucker Punch","Tactician","Cloak And Dagger"],"picked":"SKIP","floor":35},{"not_picked":["Doppelganger","Flechettes"],"picked":"Dodge and Roll+1","floor":40},{"not_picked":["Outmaneuver+1","Leg Sweep","Choke+1"],"picked":"SKIP","floor":41},{"not_picked":["Outmaneuver","PiercingWail+1"],"picked":"Backflip+1","floor":42},{"not_picked":["Dagger Spray","Dash","Poisoned Stab+1"],"picked":"SKIP","floor":44},{"not_picked":["Outmaneuver","Terror+1"],"picked":"Expertise+1","floor":45},{"not_picked":["Bane","Blade Dance","Sucker Punch"],"picked":"SKIP","floor":47},{"not_picked":["Skewer","Crippling Poison+1"],"picked":"Well Laid Plans+1","floor":48}],"player_experience":1669918,"relics_obtained":[{"floor":6,"key":"Ancient Tea Set"},{"floor":9,"key":"Meat on the Bone"},{"floor":11,"key":"Kunai"},{"floor":26,"key":"Peace Pipe"},{"floor":27,"key":"Dead Branch"},{"floor":29,"key":"Anchor"},{"floor":40,"key":"Sundial"},{"floor":47,"key":"Whetstone"}],"event_choices":[{"damage_healed":0,"gold_gain":0,"player_choice":"Trade","damage_taken":0,"relics_obtained":["CultistMask"],"max_hp_gain":0,"max_hp_loss":0,"event_name":"FaceTrader","floor":8,"gold_loss":0},{"damage_healed":0,"gold_gain":0,"player_choice":"Obtained Relic","damage_taken":0,"relics_obtained":["Mummified Hand"],"max_hp_gain":0,"max_hp_loss":0,"event_name":"Addict","floor":21,"gold_loss":85},{"damage_healed":0,"gold_gain":0,"player_choice":"Gave Potion","damage_taken":0,"relics_obtained":["Oddly Smooth Stone"],"max_hp_gain":0,"max_hp_loss":0,"event_name":"WeMeetAgain","floor":22,"gold_loss":0},{"damage_healed":0,"gold_gain":0,"player_choice":"Ignored","damage_taken":0,"max_hp_gain":0,"max_hp_loss":0,"event_name":"Ghosts","floor":25,"gold_loss":0},{"damage_healed":0,"gold_gain":0,"player_choice":"Max HP","damage_taken":0,"max_hp_gain":0,"max_hp_loss":4,"event_name":"Winding Halls","floor":36,"gold_loss":0},{"damage_healed":0,"gold_gain":0,"player_choice":"Ignored","damage_taken":0,"max_hp_gain":0,"max_hp_loss":0,"event_name":"Tomb of Lord Red Mask","floor":37,"gold_loss":0},{"damage_healed":0,"gold_gain":0,"player_choice":"Ignored","damage_taken":0,"max_hp_gain":0,"max_hp_loss":0,"event_name":"SecretPortal","floor":38,"gold_loss":0}],"is_beta":false,"boss_relics":[{"not_picked":["Busted Crown","Eternal Feather"],"picked":"Cursed Key"},{"not_picked":["Orrery","HoveringKite"],"picked":"Pandora\u0027s Box"}],"items_purged_floors":[19,39],"is_endless":false,"potions_floor_spawned":[1,6,7,14,16,18,27,28,29,33,42,44,47],"ascension_level":0}