{"gold_per_floor":[111,9,9,25,25,25,55,55,55,83,83,83,5,25,25,122,122,134,134,134],"floor_reached":20,"playtime":651,"items_purged":["Strike_B"],"score":267,"play_id":"acd31ae2-f93a-42fc-a7a5-f96663fbdd0a","local_time":"20190615144934","is_ascension_mode":true,"campfire_choices":[{"data":"Zap","floor":6,"key":"SMITH"},{"data":"Rip and Tear","floor":8,"key":"SMITH"},{"data":"Creative AI","floor":15,"key":"SMITH"}],"neow_cost":"TEN_PERCENT_HP_LOSS","seed_source_timestamp":278291039269371,"circlet_count":0,"master_deck":["AscendersBane","Strike_B","Strike_B","Strike_B","Defend_B","Defend_B","Defend_B","Defend_B","Zap+1","Dualcast","Rebound","Steam","Decay","Compile Driver","Rip and Tear+1","Beam Cell","Creative AI+1","Buffer","Capacitor+1"],"relics":["Cracked Core","FossilizedHelix","Pear","Bag of Preparation","StoneCalendar","Cursed Key","Enchiridion"],"potions_floor_usage":[16,16,16],"damage_taken":[{"damage":0,"enemies":"Jaw Worm","floor":1,"turns":3},{"damage":0,"enemies":"Cultist","floor":4,"turns":4},{"damage":27,"enemies":"3 Sentries","floor":7,"turns":7},{"damage":15,"enemies":"Lagavulin","floor":10,"turns":4},{"damage":0,"enemies":"Small Slimes","floor":14,"turns":2},{"damage":31,"enemies":"Hexaghost","floor":16,"turns":7},{"damage":27,"enemies":"3 Byrds","floor":18,"turns":6},{"damage":14,"enemies":"Shell Parasite","floor":20,"turns":4}],"seed_played":"-4078064898481058758","potions_obtained":[{"floor":4,"key":"LiquidBronze"},{"floor":10,"key":"GamblersBrew"},{"floor":14,"key":"Fruit Juice"}],"is_trial":false,"path_per_floor":["M","$","?","M","$","R","E","R","T","E","?","?","$","M","R","B",null,"M","?","M"],"character_chosen":"DEFECT","items_purchased":["Steam","FocusPotion"],"campfire_rested":0,"item_purchase_floors":[2,13],"current_hp_per_floor":[68,68,68,68,68,68,51,51,51,36,36,41,41,41,41,15,70,43,27,13],"gold":134,"neow_bonus":"ONE_RARE_RELIC","is_prod":false,"is_daily":false,"chose_seed":false,"campfire_upgraded":3,"win_rate":0,"timestamp":1560606574,"path_taken":["M","$","?","M","?","R","E","R","T","E","?","?","?","M","R","BOSS","M","?","M"],"build_version":"2019-01-23","purchased_purges":1,"victory":false,"max_hp_per_floor":[68,68,68,68,68,68,78,78,78,78,78,83,83,83,83,88,88,88,88,88],"card_choices":[{"not_picked":["Beam Cell","Go for the Eyes"],"picked":"Rebound","floor":1},{"not_picked":["Heatsinks","Stack"],"picked":"Compile Driver","floor":4},{"not_picked":["Redo","Stack"],"picked":"Rip and Tear","floor":7},{"not_picked":["Barrage","Sweeping Beam"],"picked":"Beam Cell","floor":10},{"not_picked":["Hologram","Turbo"],"picked":"Creative AI","floor":14},{"not_picked":["Rainbow","Thunder Strike"],"picked":"Buffer","floor":16},{"not_picked":["Tempest","Streamline"],"picked":"Capacitor+1","floor":18}],"player_experience":1608734,"relics_obtained":[{"floor":7,"key":"Pear"},{"floor":9,"key":"Bag of Preparation"},{"floor":10,"key":"StoneCalendar"},{"floor":19,"key":"Enchiridion"}],"event_choices":[{"damage_healed":0,"gold_gain":0,"player_choice":"Cursed","damage_taken":0,"max_hp_gain":0,"max_hp_loss":0,"event_name":"Wheel of Change","floor":3,"gold_loss":0,"cards_obtained":["Decay"]},{"damage_healed":0,"gold_gain":0,"player_choice":"Ignored","damage_taken":0,"max_hp_gain":0,"max_hp_loss":0,"event_name":"Liars Game","floor":11,"gold_loss":0},{"damage_healed":0,"gold_gain":0,"player_choice":"Donut","damage_taken":0,"max_hp_gain":5,"max_hp_loss":0,"event_name":"Big Fish","floor":12,"gold_loss":0},{"damage_healed":0,"gold_gain":0,"player_choice":"Obtained Book","damage_taken":16,"max_hp_gain":0,"max_hp_loss":0,"event_name":"Cursed Tome","floor":19,"gold_loss":0}],"is_beta":false,"boss_relics":[{"not_picked":["FrozenCore","Snecko Eye"],"picked":"Cursed Key"}],"items_purged_floors":[2],"is_endless":false,"potions_floor_spawned":[4,10,14],"killed_by":"Shell Parasite","ascension_level":10}