{"gold_per_floor":[111,123,141,159,178,210,210,230,230,240,141,141,141,151,151,255,255,273,293,305,318,328,328,328],"floor_reached":24,"playtime":3836,"items_purged":["Strike_B"],"score":204,"play_id":"c46611e7-f629-4eeb-9221-d42eaa1ab0ad","local_time":"20190907202152","is_ascension_mode":false,"campfire_choices":[{"floor":7,"key":"REST"},{"floor":13,"key":"REST"},{"floor":15,"key":"REST"},{"floor":23,"key":"REST"}],"neow_cost":"NONE","seed_source_timestamp":160964368874000,"circlet_count":0,"master_deck":["Strike_B","Strike_B","Strike_B","Defend_B","Defend_B","Defend_B","Defend_B","Zap","Dualcast","White Noise","Beam Cell","Coolheaded","BootSequence","Streamline","Loop","Aggregate+1","Genetic Algorithm+1","Conserve Battery+1","Multi-Cast+1","Conserve Battery+1","Doom and Gloom+1","Glacier+1","Ball Lightning","Chaos+1"],"relics":["Cracked Core","Toxic Egg 2","Odd Mushroom","Pantograph","FaceOfCleric","Inserter"],"potions_floor_usage":[22,22,24,24],"damage_taken":[{"damage":0,"enemies":"2 Louse","floor":1,"turns":2},{"damage":10,"enemies":"Small Slimes","floor":2,"turns":2},{"damage":1,"enemies":"Cultist","floor":3,"turns":3},{"damage":5,"enemies":"Exordium Wildlife","floor":4,"turns":2},{"damage":14,"enemies":"Lots of Slimes","floor":5,"turns":6},{"damage":20,"enemies":"3 Sentries","floor":6,"turns":9},{"damage":22,"enemies":"The Mushroom Lair","floor":8,"turns":5},{"damage":0,"enemies":"Blue Slaver","floor":10,"turns":2},{"damage":1,"enemies":"Red Slaver","floor":14,"turns":3},{"damage":46,"enemies":"The Guardian","floor":16,"turns":13},{"damage":30,"enemies":"Spheric Guardian","floor":18,"turns":5},{"damage":0,"enemies":"3 Byrds","floor":19,"turns":2},{"damage":29,"enemies":"Centurion and Healer","floor":20,"turns":6},{"damage":17,"enemies":"Snake Plant","floor":21,"turns":7},{"damage":6,"enemies":"Sentry and Sphere","floor":22,"turns":6},{"damage":53,"enemies":"Book of Stabbing","floor":24,"turns":10}],"seed_played":"3536096241635087537","potions_obtained":[{"floor":2,"key":"Poison Potion"},{"floor":3,"key":"SkillPotion"},{"floor":6,"key":"LiquidBronze"},{"floor":10,"key":"Regen Potion"},{"floor":22,"key":"Poison Potion"}],"is_trial":false,"path_per_floor":["M","M","M","M","M","E","R","?","T","M","$","?","R","M","R","B",null,"M","M","M","M","M","R","E"],"character_chosen":"DEFECT","items_purchased":["Conserve Battery+1"],"campfire_rested":4,"item_purchase_floors":[11],"current_hp_per_floor":[82,72,71,66,52,32,56,34,34,34,34,34,58,58,82,38,84,55,56,28,12,22,48,0],"gold":328,"neow_bonus":"TEN_PERCENT_HP_BONUS","is_prod":false,"is_daily":false,"chose_seed":false,"campfire_upgraded":0,"win_rate":0.0,"timestamp":1567880512,"path_taken":["M","M","M","M","M","E","R","?","T","M","$","?","R","?","R","BOSS","M","M","M","M","M","R","E"],"build_version":"2019-07-17","purchased_purges":1,"victory":false,"max_hp_per_floor":[82,82,82,82,82,82,82,82,82,82,82,82,82,83,83,84,84,85,86,87,88,89,89,89],"card_choices":[{"not_picked":["Compile Driver","Capacitor"],"picked":"White Noise","floor":1},{"not_picked":["Barrage","Go for the Eyes"],"picked":"Beam Cell","floor":2},{"not_picked":["Reinforced Body","White Noise"],"picked":"Coolheaded","floor":3},{"not_picked":["Redo","Hello World"],"picked":"BootSequence","floor":4},{"not_picked":["Compile Driver","Storm"],"picked":"Streamline","floor":5},{"not_picked":["Ball Lightning","Steam"],"picked":"Loop","floor":6},{"not_picked":["Beam Cell","Multi-Cast+1"],"picked":"Aggregate+1","floor":8},{"not_picked":["Conserve Battery+1","Fusion+1"],"picked":"Genetic Algorithm+1","floor":10},{"not_picked":["Hologram+1","Leap+1","Reprogram+1"],"picked":"SKIP","floor":14},{"not_picked":["Buffer","Electrodynamics"],"picked":"Multi-Cast+1","floor":16},{"not_picked":["Steam+1","Cold Snap"],"picked":"Conserve Battery+1","floor":18},{"not_picked":["Hello World","Streamline+1"],"picked":"Doom and Gloom+1","floor":19},{"not_picked":["Capacitor","BootSequence+1"],"picked":"Glacier+1","floor":20},{"not_picked":["Coolheaded+1","Sweeping Beam"],"picked":"Ball Lightning","floor":21},{"not_picked":["Ball Lightning","Streamline"],"picked":"Chaos+1","floor":22}],"player_experience":21099,"relics_obtained":[{"floor":6,"key":"Toxic Egg 2"},{"floor":8,"key":"Odd Mushroom"},{"floor":9,"key":"Pantograph"}],"event_choices":[{"damage_healed":0,"gold_gain":0,"player_choice":"Fought Mushrooms","damage_taken":0,"max_hp_gain":0,"max_hp_loss":0,"event_name":"Mushrooms","floor":8,"gold_loss":0},{"damage_healed":0,"gold_gain":0,"player_choice":"Trade","damage_taken":0,"relics_obtained":["FaceOfCleric"],"max_hp_gain":0,"max_hp_loss":0,"event_name":"FaceTrader","floor":12,"gold_loss":0}],"is_beta":false,"boss_relics":[{"not_picked":["Tiny House","Fusion Hammer"],"picked":"Inserter"}],"items_purged_floors":[11],"is_endless":false,"potions_floor_spawned":[2,3,6,10,19,21,22],"killed_by":"Book of Stabbing","ascension_level":0}