{"gold_per_floor":[157,232,265,296,296,323,323,20,20,77,103,103,134,146,146,270,270,290,389,425,204,242,242,296,114,141,141,171,17,17,31,31,129,129,144,3,1002,1002,1069,1069,1106,1141,1168,1213,1242,1284,1384,16,16,16,16,16,16,74,74],"floor_reached":56,"playtime":3047,"items_purged":["Strike_G","Strike_G","Normality"],"score":1362,"play_id":"08751eda-39ee-49cd-a2a3-03fb91276fda","local_time":"20190911232401","is_ascension_mode":false,"campfire_choices":[{"floor":7,"key":"REST"},{"data":"Noxious Fumes","floor":15,"key":"SMITH"},{"data":"Footwork","floor":23,"key":"SMITH"},{"data":"HandOfGreed","floor":30,"key":"SMITH"},{"data":"Malaise","floor":32,"key":"SMITH"},{"floor":49,"key":"RECALL"},{"data":"Catalyst","floor":52,"key":"SMITH"}],"neow_cost":"PERCENT_DAMAGE","seed_source_timestamp":300573202172900,"circlet_count":0,"master_deck":["Strike_G","Strike_G","Defend_G","Defend_G","Defend_G","Defend_G","Defend_G+1","Survivor","Neutralize","Dark Shackles","HandOfGreed+1","Leg Sweep","Deadly Poison+1","Footwork+1","Noxious Fumes+1","Backstab","Deflect","All Out Attack","Die Die Die","Backflip","Malaise+1","Master of Strategy","Calculated Gamble","Malaise","Deflect+1","Finesse","Backflip","Dagger Throw+1","Dark Shackles","Prepared+1","Deadly Poison+1","Cloak And Dagger+1","Catalyst+1","Adrenaline","Noxious Fumes","Well Laid Plans","Skewer+1"],"relics":["Ring of the Snake","Omamori","Chemical X","Gremlin Horn","Centennial Puzzle","Coffee Dripper","Pantograph","Regal Pillow","Membership Card","Calling Bell","Bronze Scales","The Courier","The Specimen","Toy Ornithopter","Bag of Marbles","MealTicket","Kunai","OrangePellets","Dodecahedron","Anchor","Ice Cream","Blood Vial","War Paint","Tingsha","Pen Nib","Strawberry","White Beast Statue","Orichalcum","Potion Belt","Snake Skull","Singing Bowl","TungstenRod","PreservedInsect","Mango"],"potions_floor_usage":[6,13,16,16,24,33,41,42,45,46,55],"damage_taken":[{"damage":0,"enemies":"2 Louse","floor":1,"turns":6},{"damage":0,"enemies":"Jaw Worm","floor":3,"turns":3},{"damage":1,"enemies":"Cultist","floor":4,"turns":3},{"damage":19,"enemies":"Gremlin Nob","floor":6,"turns":5},{"damage":8,"enemies":"Exordium Thugs","floor":10,"turns":6},{"damage":3,"enemies":"Lagavulin","floor":11,"turns":7},{"damage":0,"enemies":"Large Slime","floor":13,"turns":5},{"damage":0,"enemies":"Looter","floor":14,"turns":4},{"damage":4,"enemies":"Slime Boss","floor":16,"turns":10},{"damage":5,"enemies":"Spheric Guardian","floor":18,"turns":4},{"damage":8,"enemies":"2 Thieves","floor":20,"turns":4},{"damage":0,"enemies":"Sentry and Sphere","floor":22,"turns":6},{"damage":1,"enemies":"Gremlin Leader","floor":24,"turns":7},{"damage":1,"enemies":"Snecko","floor":28,"turns":6},{"damage":6,"enemies":"Snake Plant","floor":31,"turns":6},{"damage":29,"enemies":"Collector","floor":33,"turns":9},{"damage":11,"enemies":"Orb Walker","floor":35,"turns":4},{"damage":7,"enemies":"3 Shapes","floor":39,"turns":6},{"damage":0,"enemies":"Sphere and 2 Shapes","floor":41,"turns":6},{"damage":8,"enemies":"Nemesis","floor":42,"turns":11},{"damage":2,"enemies":"3 Darklings","floor":44,"turns":4},{"damage":18,"enemies":"Giant Head","floor":45,"turns":13},{"damage":0,"enemies":"Spire Growth","floor":46,"turns":6},{"damage":4,"enemies":"Donu and Deca","floor":50,"turns":7},{"damage":7,"enemies":"Shield and Spear","floor":54,"turns":5},{"damage":21,"enemies":"The Heart","floor":55,"turns":9}],"seed_played":"-9097791967477772890","potions_obtained":[{"floor":3,"key":"SkillPotion"},{"floor":6,"key":"Swift Potion"},{"floor":10,"key":"Swift Potion"},{"floor":14,"key":"FearPotion"},{"floor":16,"key":"SteroidPotion"},{"floor":18,"key":"DuplicationPotion"},{"floor":35,"key":"SkillPotion"},{"floor":41,"key":"DuplicationPotion"},{"floor":54,"key":"EssenceOfSteel"}],"is_trial":false,"path_per_floor":["M","?","M","M","?","E","R","$","T","M","E","T","M","M","R","B",null,"M","?","M","$","M","R","E","$","T","?","M","$","R","M","R","B",null,"M","$","?","?","M","?","M","E","T","M","E","M","?","$","R","B",null,"R","$","E","B",null],"character_chosen":"THE_SILENT","items_purchased":["Noxious Fumes","Chemical X","GhostInAJar","Backflip","Master of Strategy","Membership Card","Toy Ornithopter","Fire Potion","Finesse","Backflip","OrangePellets","Dodecahedron","Anchor","Ice Cream","Blood Vial","War Paint","Tingsha","Pen Nib","Strawberry","White Beast Statue","Orichalcum","Potion Belt","Snake Skull","Adrenaline","Noxious Fumes","Well Laid Plans","Singing Bowl","TungstenRod","PreservedInsect"],"campfire_rested":1,"item_purchase_floors":[8,8,21,21,25,29,36,36,36,36,48,48,48,48,48,48,48,48,48,48,48,48,48,48,48,48,48,48,48],"current_hp_per_floor":[49,38,38,37,37,18,39,39,39,31,28,28,28,28,28,24,70,65,65,57,57,57,57,56,56,56,56,55,55,55,49,49,41,70,59,59,59,59,52,52,57,54,54,52,39,44,44,66,66,69,73,73,73,80,66],"gold":74,"neow_bonus":"RANDOM_COLORLESS_2","is_prod":false,"is_daily":false,"chose_seed":false,"campfire_upgraded":5,"win_rate":0,"timestamp":1568240641,"path_taken":["M","?","M","M","?","E","R","$","T","?","E","?","M","M","R","BOSS","M","?","M","$","M","R","E","$","T","?","M","$","R","M","R","BOSS","M","$","?","?","M","?","M","E","T","M","E","M","?","$","R","BOSS","R","$","E","BOSS"],"build_version":"2019-09-10","purchased_purges":3,"victory":true,"max_hp_per_floor":[70,70,70,70,70,70,70,70,70,70,70,70,70,70,70,70,70,70,70,70,70,70,70,70,70,70,70,70,70,70,70,70,70,70,70,70,70,66,66,66,66,66,66,66,66,66,66,73,73,73,73,73,73,87,87],"card_choices":[{"not_picked":["Prepared","Blade Dance"],"picked":"Leg Sweep","floor":1},{"not_picked":["Slice","Calculated Gamble"],"picked":"Deadly Poison","floor":3},{"not_picked":["Catalyst","Backstab"],"picked":"Footwork","floor":4},{"not_picked":["Eviscerate","Blade Dance","Envenom"],"picked":"SKIP","floor":6},{"not_picked":["Underhanded Strike","Outmaneuver"],"picked":"Backstab","floor":10},{"not_picked":["Accuracy","Dodge and Roll"],"picked":"Deflect","floor":11},{"not_picked":["Cloak And Dagger","Dodge and Roll","Sucker Punch"],"picked":"SKIP","floor":13},{"not_picked":["Masterful Stab","Dodge and Roll"],"picked":"All Out Attack","floor":14},{"not_picked":["Unload","After Image"],"picked":"Die Die Die","floor":16},{"not_picked":["Poisoned Stab+1","Riddle With Holes+1","Flying Knee"],"picked":"SKIP","floor":18},{"not_picked":["Poisoned Stab+1","Riddle With Holes+1","Flying Knee"],"picked":"SKIP","floor":18},{"not_picked":["Slice","Underhanded Strike+1","Flying Knee"],"picked":"SKIP","floor":20},{"not_picked":["Tools of the Trade","Backflip","Flying Knee+1"],"picked":"SKIP","floor":22},{"not_picked":["Blade Dance+1","Slice"],"picked":"Malaise","floor":24},{"not_picked":["Prepared","Deadly Poison","Deflect+1"],"picked":"SKIP","floor":28},{"not_picked":["Dagger Throw","PiercingWail+1"],"picked":"Calculated Gamble","floor":31},{"not_picked":["After Image","Tools of the Trade"],"picked":"Malaise","floor":33},{"not_picked":["Flechettes+1","Reflex+1"],"picked":"Deflect+1","floor":35},{"not_picked":["Deflect","Cloak And Dagger+1"],"picked":"Dagger Throw+1","floor":39},{"not_picked":["Metamorphosis","Dramatic Entrance"],"picked":"Dark Shackles","floor":40},{"not_picked":["Finisher","Poisoned Stab+1"],"picked":"Prepared+1","floor":41},{"not_picked":["Eviscerate+1","Finisher","Blade Dance+1"],"picked":"SKIP","floor":42},{"not_picked":["Sucker Punch","Dagger Throw"],"picked":"Deadly Poison+1","floor":44},{"not_picked":["Blade Dance+1","Finisher+1"],"picked":"Cloak And Dagger+1","floor":45},{"not_picked":["Dodge and Roll","Deadly Poison+1"],"picked":"Catalyst","floor":46},{"not_picked":["Backflip+1","Tactician"],"picked":"Skewer+1","floor":54}],"player_experience":1452972,"relics_obtained":[{"floor":6,"key":"Omamori"},{"floor":9,"key":"Gremlin Horn"},{"floor":11,"key":"Centennial Puzzle"},{"floor":24,"key":"Pantograph"},{"floor":26,"key":"Regal Pillow"},{"floor":34,"key":"Bronze Scales"},{"floor":34,"key":"The Courier"},{"floor":34,"key":"The Specimen"},{"floor":42,"key":"Bag of Marbles"},{"floor":43,"key":"MealTicket"},{"floor":45,"key":"Kunai"},{"floor":54,"key":"Mango"}],"event_choices":[{"damage_healed":0,"gold_gain":75,"player_choice":"Gather Gold","damage_taken":11,"max_hp_gain":0,"max_hp_loss":0,"event_name":"World of Goop","floor":2,"gold_loss":0},{"cards_removed":["Strike_G"],"damage_healed":0,"gold_gain":0,"player_choice":"Purged","damage_taken":0,"max_hp_gain":0,"max_hp_loss":0,"event_name":"Purifier","floor":5,"gold_loss":0},{"damage_healed":0,"gold_gain":99,"player_choice":"Stole From Cult","damage_taken":0,"max_hp_gain":0,"max_hp_loss":0,"event_name":"Nest","floor":19,"gold_loss":0},{"damage_healed":0,"gold_gain":0,"player_choice":"Ignored","damage_taken":0,"max_hp_gain":0,"max_hp_loss":0,"event_name":"Ghosts","floor":27,"gold_loss":0},{"damage_healed":0,"gold_gain":999,"player_choice":"Gold","damage_taken":0,"max_hp_gain":0,"max_hp_loss":0,"event_name":"MindBloom","floor":37,"gold_loss":0,"cards_obtained":["Normality","Normality"]},{"damage_healed":0,"gold_gain":0,"player_choice":"Max HP","damage_taken":0,"max_hp_gain":0,"max_hp_loss":4,"event_name":"Winding Halls","floor":38,"gold_loss":0},{"damage_healed":0,"gold_gain":0,"player_choice":"Memory 1","damage_taken":0,"max_hp_gain":0,"max_hp_loss":0,"event_name":"SensoryStone","floor":40,"gold_loss":0},{"damage_healed":0,"gold_gain":100,"player_choice":"Pray","damage_taken":0,"max_hp_gain":0,"max_hp_loss":0,"event_name":"Golden Shrine","floor":47,"gold_loss":0}],"is_beta":true,"boss_relics":[{"not_picked":["Ectoplasm","Fusion Hammer"],"picked":"Coffee Dripper"},{"not_picked":["Astrolabe","Philosopher\u0027s Stone"],"picked":"Calling Bell"}],"items_purged_floors":[8,21,48],"is_endless":false,"potions_floor_spawned":[3,6,10,14,16,18,22,35,41,54],"ascension_level":0}