{"gold_per_floor":[362,437,456,456,475,475,508,576,602,619,177,207,224,324,324,324],"floor_reached":16,"playtime":571,"items_purged":["Defend_B"],"score":171,"play_id":"b87073f7-ce53-4182-a5db-e447b9c7884b","local_time":"20191025162451","is_ascension_mode":true,"campfire_choices":[{"data":"Streamline","floor":6.0,"key":"SMITH"},{"floor":15,"key":"REST"}],"neow_cost":"PERCENT_DAMAGE","seed_source_timestamp":0,"circlet_count":0,"master_deck":["AscendersBane","Strike_B","Strike_B","Strike_B","Defend_B","Defend_B","Defend_B","Zap","Dualcast","BootSequence","Streamline+1","Hologram","Steam","Echo Form","Fusion","Double Energy","Ball Lightning"],"special_seed":0,"relics":["Cracked Core","Omamori","Ancient Tea Set","Question Card","Smiling Mask"],"potions_floor_usage":[13,13],"damage_taken":[{"damage":1.0,"enemies":"Cultist","floor":1.0,"turns":3.0},{"damage":0.0,"enemies":"2 Louse","floor":3.0,"turns":3.0},{"damage":2.0,"enemies":"Small Slimes","floor":5.0,"turns":3.0},{"damage":22.0,"enemies":"Gremlin Nob","floor":7.0,"turns":5.0},{"damage":0.0,"enemies":"Looter","floor":10.0,"turns":3.0},{"damage":10.0,"enemies":"Lagavulin","floor":12.0,"turns":7.0},{"damage":2,"enemies":"Lots of Slimes","floor":13,"turns":4},{"damage":31,"enemies":"The Guardian","floor":16,"turns":2}],"seed_played":"2817189352301425715","potions_obtained":[{"floor":1.0,"key":"Block Potion"},{"floor":5.0,"key":"SteroidPotion"},{"floor":12.0,"key":"Dexterity Potion"},{"floor":13,"key":"LiquidBronze"}],"is_trial":false,"path_per_floor":["M","?","M","?","M","R","E","?","T","M","$","E","M","?","R","B"],"character_chosen":"DEFECT","items_purchased":["Question Card","SpeedPotion","Fusion"],"campfire_rested":1,"item_purchase_floors":[11,11,11],"current_hp_per_floor":[49,38,38,38,36,36,14,14,14,14,14,4,2,2,24,0],"gold":324,"neow_bonus":"TWO_FIFTY_GOLD","is_prod":false,"is_daily":false,"chose_seed":false,"campfire_upgraded":1,"win_rate":0,"timestamp":1572045891,"path_taken":["M","?","M","?","?","R","E","?","T","M","$","E","M","?","R","BOSS"],"build_version":"2019-07-17","purchased_purges":1,"victory":false,"max_hp_per_floor":[75,75,75,75,75,75,75,75,75,75,75,75,75,75,75,75],"card_choices":[{"not_picked":["Reprogram","Sunder"],"picked":"BootSequence","floor":1.0},{"not_picked":["Rebound","Barrage"],"picked":"Streamline","floor":3.0},{"not_picked":["Stack","Redo"],"picked":"Hologram","floor":5.0},{"not_picked":["Conserve Battery","Reprogram"],"picked":"Steam","floor":7.0},{"not_picked":["Go for the Eyes","Redo"],"picked":"Echo Form","floor":10.0},{"not_picked":["Barrage","Tempest","Hologram"],"picked":"Double Energy","floor":12.0},{"not_picked":["Undo","Beam Cell","Steam"],"picked":"Ball Lightning","floor":13}],"player_experience":460150,"relics_obtained":[{"floor":7.0,"key":"Omamori"},{"floor":9.0,"key":"Ancient Tea Set"},{"floor":12.0,"key":"Smiling Mask"}],"event_choices":[{"damage_healed":0.0,"max_hp_gain":0.0,"max_hp_loss":0.0,"gold_gain":75.0,"event_name":"World of Goop","player_choice":"Gather Gold","floor":2.0,"gold_loss":0.0,"damage_taken":11.0},{"cards_removed":["Strike_B"],"damage_healed":0.0,"max_hp_gain":0.0,"max_hp_loss":0.0,"gold_gain":0.0,"event_name":"Purifier","player_choice":"Purged","floor":4.0,"gold_loss":0.0,"damage_taken":0.0},{"damage_healed":0.0,"max_hp_gain":0.0,"max_hp_loss":0.0,"gold_gain":68.0,"event_name":"Golden Wing","player_choice":"Gained Gold","floor":8.0,"gold_loss":0.0,"damage_taken":0.0},{"damage_healed":0,"gold_gain":100,"player_choice":"Pray","damage_taken":0,"max_hp_gain":0,"max_hp_loss":0,"event_name":"Golden Shrine","floor":14,"gold_loss":0}],"is_beta":false,"boss_relics":[],"items_purged_floors":[11],"is_endless":false,"potions_floor_spawned":[1,5,12,13],"killed_by":"The Guardian","ascension_level":11}