{"gold_per_floor":[112,21,21,33,46,46,63,81,105,124,84,114,129,163,163,262,262,280,298,25,25,25,54,54,54,54,54,82,82,109,127,127,229,229,241,258,258,258,271,306,320,320],"floor_reached":42,"playtime":2292,"items_purged":["Strike_B"],"score":647,"play_id":"11adaa3d-e72f-4f80-9d92-a79bba279735","local_time":"20190821200418","is_ascension_mode":true,"campfire_choices":[{"data":"Zap","floor":6,"key":"SMITH"},{"data":"Hologram","floor":15,"key":"SMITH"},{"data":"Consume","floor":25,"key":"SMITH"},{"data":"Go for the Eyes","floor":27,"key":"SMITH"},{"floor":29,"key":"REST"},{"data":"White Noise","floor":32,"key":"SMITH"}],"neow_cost":"NONE","seed_source_timestamp":556695953199900,"circlet_count":0,"master_deck":["Strike_B","Defend_B","Defend_B+1","Defend_B","Defend_B","Zap+1","Dualcast","Coolheaded+1","Consume+1","Beam Cell","Rebound","White Noise+1","Cold Snap","Go for the Eyes+1","Self Repair","Hologram+1","Machine Learning","Biased Cognition","Barrage","Coolheaded","Undo+1","Core Surge","Cold Snap","Fission","Chill+1","Strike_B","Self Repair+1","Hologram+1"],"relics":["Cracked Core","Blood Vial","Potion Belt","PreservedInsect","Inserter","Lee\u0027s Waffle","Boot","Bottled Lightning","Oddly Smooth Stone","War Paint","Velvet Choker","Toxic Egg 2"],"potions_floor_usage":[12,12,18,19,30,39,42,42],"damage_taken":[{"damage":0,"enemies":"Cultist","floor":1,"turns":4},{"damage":2,"enemies":"2 Louse","floor":4,"turns":2},{"damage":0,"enemies":"Jaw Worm","floor":5,"turns":3},{"damage":7,"enemies":"Blue Slaver","floor":7,"turns":4},{"damage":10,"enemies":"Exordium Wildlife","floor":8,"turns":4},{"damage":12,"enemies":"Red Slaver","floor":10,"turns":3},{"damage":9,"enemies":"3 Sentries","floor":12,"turns":9},{"damage":0,"enemies":"Large Slime","floor":13,"turns":3},{"damage":13,"enemies":"Lagavulin","floor":14,"turns":7},{"damage":23,"enemies":"The Guardian","floor":16,"turns":10},{"damage":17,"enemies":"2 Thieves","floor":18,"turns":5},{"damage":9,"enemies":"Shell Parasite","floor":19,"turns":7},{"damage":13,"enemies":"Gremlin Leader","floor":23,"turns":6},{"damage":40,"enemies":"Slavers","floor":28,"turns":5},{"damage":8,"enemies":"Gremlin Leader","floor":30,"turns":8},{"damage":3,"enemies":"Centurion and Healer","floor":31,"turns":7},{"damage":27,"enemies":"Automaton","floor":33,"turns":11},{"damage":20,"enemies":"Orb Walker","floor":35,"turns":5},{"damage":19,"enemies":"3 Shapes","floor":36,"turns":2},{"damage":22,"enemies":"Transient","floor":39,"turns":5},{"damage":18,"enemies":"Nemesis","floor":40,"turns":7},{"damage":8,"enemies":"Jaw Worm Horde","floor":41,"turns":7},{"damage":68,"enemies":"Reptomancer","floor":42,"turns":3}],"seed_played":"3131446186091882665","potions_obtained":[{"floor":1,"key":"SmokeBomb"},{"floor":10,"key":"Block Potion"},{"floor":11,"key":"Dexterity Potion"},{"floor":11,"key":"SteroidPotion"},{"floor":12,"key":"EssenceOfSteel"},{"floor":28,"key":"AttackPotion"},{"floor":33,"key":"AttackPotion"},{"floor":39,"key":"FocusPotion"},{"floor":40,"key":"SpeedPotion"}],"is_trial":false,"path_per_floor":["M","$","?","M","M","R","M","M","T","M","?","E","M","E","R","B",null,"M","M","$","?","?","E","$","R","T","R","E","R","E","M","R","B",null,"M","M","?","?","M","E","M","E"],"character_chosen":"DEFECT","items_purchased":["Beam Cell","Rebound","Lee\u0027s Waffle"],"campfire_rested":1,"item_purchase_floors":[2,2,20],"current_hp_per_floor":[68,68,68,66,66,66,59,49,49,39,39,39,48,44,44,30,64,49,49,82,82,66,62,62,62,62,62,24,50,58,64,64,46,77,66,56,56,56,36,37,48,0],"gold":320,"neow_bonus":"TRANSFORM_CARD","is_prod":false,"is_daily":false,"chose_seed":false,"campfire_upgraded":5,"win_rate":0,"timestamp":1566414258,"path_taken":["M","$","?","M","M","R","M","M","T","?","?","E","?","E","R","BOSS","M","?","$","?","?","E","?","R","T","R","E","R","E","M","R","BOSS","M","M","?","?","M","E","M","E"],"build_version":"2019-07-17","purchased_purges":1,"victory":false,"max_hp_per_floor":[75,75,75,75,75,75,75,75,75,75,75,75,75,75,75,75,75,75,75,82,82,87,87,87,87,87,87,87,87,87,87,87,87,87,87,87,87,87,87,87,87,87],"card_choices":[{"not_picked":["Fusion","Stack"],"picked":"Consume","floor":1},{"not_picked":["Darkness","Chaos"],"picked":"Cold Snap","floor":4},{"not_picked":["Turbo","Rebound"],"picked":"Gash","floor":5},{"not_picked":["Cold Snap","Conserve Battery","Darkness"],"picked":"SKIP","floor":7},{"not_picked":["Turbo","Force Field"],"picked":"Go for the Eyes","floor":8},{"not_picked":["Rebound","Reboot"],"picked":"Self Repair","floor":10},{"not_picked":["Turbo","Redo","Barrage"],"picked":"SKIP","floor":12},{"not_picked":["Self Repair","Conserve Battery"],"picked":"Hologram","floor":13},{"not_picked":["Meteor Strike","Redo"],"picked":"Machine Learning","floor":14},{"not_picked":["Creative AI","Core Surge"],"picked":"Biased Cognition","floor":16},{"not_picked":["Steam","Force Field"],"picked":"Barrage","floor":18},{"not_picked":["Reinforced Body","Go for the Eyes"],"picked":"Coolheaded","floor":19},{"not_picked":["FTL","Turbo"],"picked":"Undo+1","floor":23},{"not_picked":["Double Energy","Chill"],"picked":"Core Surge","floor":28},{"not_picked":["Barrage","Rebound","Darkness"],"picked":"SKIP","floor":30},{"not_picked":["Sweeping Beam","Ball Lightning"],"picked":"Cold Snap","floor":31},{"not_picked":["Biased Cognition","Multi-Cast"],"picked":"Fission","floor":33},{"not_picked":["Blizzard","Barrage","Beam Cell"],"picked":"SKIP","floor":35},{"not_picked":["Coolheaded","Conserve Battery+1"],"picked":"Chill+1","floor":36},{"not_picked":["Fusion","Redo"],"picked":"Self Repair+1","floor":39},{"not_picked":["Storm+1","Coolheaded"],"picked":"Hologram+1","floor":40},{"not_picked":["Redo+1","Go for the Eyes","Turbo+1"],"picked":"SKIP","floor":41}],"player_experience":1833219,"relics_obtained":[{"floor":9,"key":"Blood Vial"},{"floor":12,"key":"Potion Belt"},{"floor":14,"key":"PreservedInsect"},{"floor":23,"key":"Boot"},{"floor":26,"key":"Bottled Lightning"},{"floor":28,"key":"Oddly Smooth Stone"},{"floor":30,"key":"War Paint"},{"floor":40,"key":"Toxic Egg 2"}],"event_choices":[{"damage_healed":0,"gold_gain":0,"cards_transformed":["Strike_B"],"player_choice":"Transformed","damage_taken":0,"max_hp_gain":0,"max_hp_loss":0,"event_name":"Transmorgrifier","floor":3,"gold_loss":0,"cards_obtained":["White Noise"]},{"damage_healed":0,"gold_gain":0,"player_choice":"Bought 3 Potions","damage_taken":0,"max_hp_gain":0,"max_hp_loss":0,"event_name":"The Woman in Blue","floor":11,"gold_loss":0},{"damage_healed":0,"gold_gain":0,"player_choice":"Shed Blood","damage_taken":21,"max_hp_gain":5,"max_hp_loss":0,"event_name":"Forgotten Altar","floor":22,"gold_loss":0},{"damage_healed":0,"gold_gain":0,"player_choice":"Ignored","damage_taken":0,"max_hp_gain":0,"max_hp_loss":0,"event_name":"Tomb of Lord Red Mask","floor":37,"gold_loss":0},{"cards_removed":["Gash"],"damage_healed":0,"gold_gain":0,"player_choice":"Took Card","damage_taken":0,"max_hp_gain":0,"max_hp_loss":0,"event_name":"NoteForYourself","floor":38,"gold_loss":0,"cards_obtained":["Strike_B"]}],"is_beta":false,"boss_relics":[{"not_picked":["Nuclear Battery","Runic Dome"],"picked":"Inserter"},{"not_picked":["Empty Cage","White Beast Statue"],"picked":"Velvet Choker"}],"items_purged_floors":[20],"is_endless":false,"potions_floor_spawned":[1,10,12,28,33,39,40],"killed_by":"Reptomancer","ascension_level":6}