{"gold_per_floor":[115,126,126,142,67,67,100,120,196,196,22,22,52,227,227,227],"floor_reached":16,"playtime":381,"items_purged":["Defend_R","Defend_R"],"score":108,"play_id":"eeedb4ba-0530-4ba7-9f0f-8baa6f8aab7e","local_time":"20190413195832","is_ascension_mode":true,"campfire_choices":[{"data":"Corruption","floor":6,"key":"SMITH"},{"floor":10,"key":"REST"},{"floor":15,"key":"REST"}],"neow_cost":"PERCENT_DAMAGE","seed_source_timestamp":0,"circlet_count":0,"master_deck":["Strike_R","Strike_R","Strike_R","Strike_R","Strike_R","Defend_R","Defend_R","Bash","Clothesline","True Grit","Burning Pact","Seeing Red","Corruption+1","Berserk","True Grit","Armaments","Inflame","Clash","Thunderclap","True Grit","Doubt"],"special_seed":0,"relics":["Burning Blood","Prayer Wheel","Thread and Needle","Self Forming Clay","Golden Idol"],"potions_floor_usage":[8,16],"damage_taken":[{"damage":15.0,"enemies":"Cultist","floor":1.0,"turns":5.0},{"damage":0.0,"enemies":"Small Slimes","floor":2.0,"turns":4.0},{"damage":13,"enemies":"Jaw Worm","floor":4,"turns":2},{"damage":37,"enemies":"Lagavulin","floor":7,"turns":7},{"damage":12,"enemies":"2 Fungi Beasts","floor":8,"turns":5},{"damage":67,"enemies":"Slime Boss","floor":16,"turns":8}],"seed_played":"6326941697014739288","potions_obtained":[{"floor":7,"key":"BloodPotion"}],"is_trial":false,"path_per_floor":["M","M","?","M","$","R","E","M","T","R","$","?","?","?","R","B"],"character_chosen":"IRONCLAD","items_purchased":["True Grit","SteroidPotion"],"campfire_rested":2,"item_purchase_floors":[11,11],"current_hp_per_floor":[47,53,53,46,46,46,15,17,17,41,41,41,41,41,63,0],"gold":227,"neow_bonus":"ONE_RARE_RELIC","is_prod":false,"is_daily":false,"chose_seed":false,"campfire_upgraded":1,"win_rate":0,"timestamp":1555174712,"path_taken":["M","?","?","?","$","R","E","M","T","R","$","?","?","?","R","BOSS"],"build_version":"2019-01-23","purchased_purges":2,"victory":false,"max_hp_per_floor":[80,80,80,80,80,80,80,80,80,80,80,74,74,74,74,74],"card_choices":[{"not_picked":["Havoc","Wild Strike"],"picked":"Clothesline","floor":1.0},{"not_picked":["Battle Trance","Sentinel"],"picked":"True Grit","floor":1.0},{"not_picked":["Ghostly Armor","Anger"],"picked":"Burning Pact","floor":2.0},{"not_picked":["Evolve","Bloodletting"],"picked":"Seeing Red","floor":2.0},{"not_picked":["Twin Strike","Havoc"],"picked":"True Grit","floor":4},{"not_picked":["Second Wind","Power Through"],"picked":"Armaments","floor":4},{"not_picked":["Disarm","Body Slam"],"picked":"Inflame","floor":7},{"not_picked":["Twin Strike","Evolve"],"picked":"Clash","floor":8},{"not_picked":["Burning Pact","Sword Boomerang"],"picked":"Thunderclap","floor":8}],"player_experience":265613,"relics_obtained":[{"floor":7,"key":"Thread and Needle"},{"floor":9,"key":"Self Forming Clay"}],"event_choices":[{"damage_healed":0,"gold_gain":0,"player_choice":"2 cards matched","damage_taken":0,"max_hp_gain":0,"max_hp_loss":0,"event_name":"Match and Keep!","floor":3,"gold_loss":0,"cards_obtained":["Corruption","Berserk"]},{"damage_healed":0,"gold_gain":0,"player_choice":"Lose Max HP","damage_taken":0,"relics_obtained":["Golden Idol"],"max_hp_gain":0,"max_hp_loss":6,"event_name":"Golden Idol","floor":12,"gold_loss":0},{"damage_healed":0,"gold_gain":30,"player_choice":"Searched \u00272\u0027 times","damage_taken":0,"max_hp_gain":0,"max_hp_loss":0,"event_name":"Dead Adventurer","floor":13,"gold_loss":0},{"damage_healed":0,"gold_gain":175,"player_choice":"AGREE","damage_taken":0,"max_hp_gain":0,"max_hp_loss":0,"event_name":"Liars Game","floor":14,"gold_loss":0,"cards_obtained":["Doubt"]}],"is_beta":false,"boss_relics":[],"items_purged_floors":[5,11],"is_endless":false,"potions_floor_spawned":[7],"killed_by":"Slime Boss","ascension_level":2}