{"gold_per_floor":[117,42,55,74,74,109,124,124,170,189,202,229,247,198,198,198],"floor_reached":16,"playtime":1142,"items_purged":["Clumsy"],"score":167,"play_id":"fb3a333f-2560-450d-b498-66d51d1e7ede","local_time":"20190926173624","is_ascension_mode":true,"campfire_choices":[{"data":"Rupture","floor":8.0,"key":"SMITH"},{"floor":15,"key":"REST"}],"neow_cost":"CURSE","seed_source_timestamp":81846505649400,"circlet_count":0,"master_deck":["Strike_R","Strike_R","Strike_R","Strike_R","Defend_R","Defend_R","Defend_R","Defend_R","Bash","Deep Breath","Enlightenment","Battle Trance","Bloodletting","Rage","Shockwave","Rupture+1","Carnage","Feed","Flex","Juggernaut"],"special_seed":0,"relics":["Burning Blood","Sundial","Dream Catcher","Potion Belt"],"potions_floor_usage":[16],"damage_taken":[{"damage":7.0,"enemies":"Small Slimes","floor":1.0,"turns":4.0},{"damage":6.0,"enemies":"Cultist","floor":3.0,"turns":3.0},{"damage":8.0,"enemies":"2 Louse","floor":4.0,"turns":2.0},{"damage":54.0,"enemies":"Lagavulin","floor":6.0,"turns":9.0},{"damage":9.0,"enemies":"Exordium Thugs","floor":7.0,"turns":6.0},{"damage":14.0,"enemies":"3 Louse","floor":10.0,"turns":5.0},{"damage":10.0,"enemies":"2 Fungi Beasts","floor":11.0,"turns":3.0},{"damage":6,"enemies":"Gremlin Nob","floor":12,"turns":3},{"damage":15,"enemies":"Lots of Slimes","floor":13,"turns":4},{"damage":31,"enemies":"Slime Boss","floor":16,"turns":5}],"seed_played":"395959509165010046","potions_obtained":[{"floor":1.0,"key":"LiquidBronze"},{"floor":7.0,"key":"SpeedPotion"},{"floor":10.0,"key":"Ancient Potion"},{"floor":13,"key":"Ancient Potion"}],"is_trial":false,"path_per_floor":["M","$","M","M","?","E","M","R","T","M","M","E","M","?","R","B"],"character_chosen":"IRONCLAD","items_purchased":[],"campfire_rested":1,"item_purchase_floors":[],"current_hp_per_floor":[79,79,79,77,77,29,26,26,26,18,14,14,8,8,32,1],"gold":198,"neow_bonus":"RANDOM_COLORLESS_2","is_prod":false,"is_daily":false,"chose_seed":false,"campfire_upgraded":1,"win_rate":0,"timestamp":1569512184,"path_taken":["M","$","M","M","?","E","M","R","T","M","M","E","?","?","R","BOSS"],"build_version":"2019-07-17","purchased_purges":1,"victory":false,"max_hp_per_floor":[80,80,80,80,80,80,80,80,80,80,80,80,83,83,83,83],"card_choices":[{"not_picked":["True Grit","Iron Wave","Sever Soul"],"picked":"SKIP","floor":1.0},{"not_picked":["Reckless Charge","Shrug It Off"],"picked":"Battle Trance","floor":3.0},{"not_picked":["Havoc","True Grit"],"picked":"Bloodletting","floor":4.0},{"not_picked":["Spot Weakness","Rupture"],"picked":"Shockwave","floor":6.0},{"not_picked":["Perfected Strike","Shrug It Off"],"picked":"Rupture","floor":7.0},{"not_picked":["Clash","Pommel Strike"],"picked":"Carnage","floor":10.0},{"not_picked":["Rampage","Heavy Blade"],"picked":"Feed","floor":11.0},{"not_picked":["Anger","Headbutt"],"picked":"Flex","floor":12},{"not_picked":["Warcry","Flex","Iron Wave"],"picked":"SKIP","floor":13},{"not_picked":["Blood for Blood","Power Through"],"picked":"Juggernaut","floor":15}],"player_experience":179318,"relics_obtained":[{"floor":6.0,"key":"Sundial"},{"floor":9.0,"key":"Dream Catcher"},{"floor":12,"key":"Potion Belt"}],"event_choices":[{"damage_healed":0.0,"max_hp_gain":0.0,"max_hp_loss":0.0,"gold_gain":0.0,"cards_transformed":["Strike_R"],"event_name":"Transmorgrifier","player_choice":"Transformed","floor":5.0,"gold_loss":0.0,"damage_taken":0.0,"cards_obtained":["Rage"]},{"damage_healed":0,"gold_gain":0,"player_choice":"Left Gold","damage_taken":0,"max_hp_gain":0,"max_hp_loss":0,"event_name":"World of Goop","floor":14,"gold_loss":49}],"is_beta":false,"boss_relics":[],"items_purged_floors":[2],"is_endless":false,"potions_floor_spawned":[1,7,10,13],"killed_by":"Slime Boss","ascension_level":4}