{"gold_per_floor":[119,294,294,312,330,330,344,344,418,453,453,61,87,12,12,12],"floor_reached":16,"playtime":700,"items_purged":["Strike_R"],"score":113,"play_id":"093c69c9-e8cc-4113-8f0e-73cd44db5688","local_time":"20190930144934","is_ascension_mode":true,"campfire_choices":[{"data":"Body Slam","floor":6,"key":"SMITH"},{"data":"Uppercut","floor":8,"key":"SMITH"},{"data":"Flame Barrier","floor":11,"key":"SMITH"},{"floor":15,"key":"REST"}],"neow_cost":"NONE","seed_source_timestamp":12259310501900,"circlet_count":0,"master_deck":["Strike_R","Strike_R","Strike_R","Defend_R","Defend_R","Defend_R","Defend_R","Bash","Body Slam+1","Uppercut+1","Doubt","Dropkick","Thunderclap","Headbutt","Flame Barrier+1","Demon Form+1"],"relics":["Burning Blood","Bag of Preparation","Frozen Egg 2","Art of War","Paper Frog","Odd Mushroom"],"potions_floor_usage":[10,13],"damage_taken":[{"damage":0,"enemies":"Small Slimes","floor":1,"turns":3},{"damage":0,"enemies":"2 Louse","floor":4,"turns":2},{"damage":7,"enemies":"Jaw Worm","floor":5,"turns":3},{"damage":12,"enemies":"Looter","floor":7,"turns":3},{"damage":34,"enemies":"Lagavulin","floor":10,"turns":7},{"damage":31,"enemies":"The Mushroom Lair","floor":13,"turns":3},{"damage":44,"enemies":"Slime Boss","floor":16,"turns":6}],"seed_played":"-8226454000771974505","potions_obtained":[{"floor":1,"key":"LiquidBronze"},{"floor":7,"key":"Swift Potion"},{"floor":13,"key":"SmokeBomb"}],"is_trial":false,"path_per_floor":["M","?","?","M","M","R","M","R","T","E","R","$","?","$","R","B"],"character_chosen":"IRONCLAD","items_purchased":["Demon Form+1","Paper Frog"],"campfire_rested":1,"item_purchase_floors":[12,12],"current_hp_per_floor":[80,80,62,68,67,67,61,61,61,33,33,33,8,8,32,0],"gold":12,"neow_bonus":"TRANSFORM_CARD","is_prod":false,"is_daily":false,"chose_seed":false,"campfire_upgraded":3,"win_rate":0,"timestamp":1569872974,"path_taken":["M","?","?","M","M","R","M","R","T","E","R","$","?","$","R","BOSS"],"build_version":"2019-07-17","purchased_purges":1,"victory":false,"max_hp_per_floor":[80,80,80,80,80,80,80,80,80,80,80,80,80,80,80,80],"card_choices":[{"not_picked":["Bloodletting","Heavy Blade"],"picked":"Uppercut","floor":1},{"not_picked":["Flex","Pommel Strike"],"picked":"Dropkick","floor":4},{"not_picked":["Clash","Clothesline"],"picked":"Thunderclap","floor":5},{"not_picked":["Sever Soul","Bloodletting"],"picked":"Headbutt","floor":7},{"not_picked":["Heavy Blade","Clothesline"],"picked":"Flame Barrier","floor":10}],"player_experience":231165,"relics_obtained":[{"floor":9,"key":"Frozen Egg 2"},{"floor":10,"key":"Art of War"},{"floor":13,"key":"Odd Mushroom"}],"event_choices":[{"damage_healed":0,"gold_gain":175,"player_choice":"AGREE","damage_taken":0,"max_hp_gain":0,"max_hp_loss":0,"event_name":"Liars Game","floor":2,"gold_loss":0,"cards_obtained":["Doubt"]},{"damage_healed":0,"gold_gain":0,"player_choice":"Success","damage_taken":18,"relics_obtained":["Bag of Preparation"],"max_hp_gain":0,"max_hp_loss":0,"event_name":"Scrap Ooze","floor":3,"gold_loss":0},{"damage_healed":0,"gold_gain":0,"player_choice":"Fought Mushrooms","damage_taken":0,"max_hp_gain":0,"max_hp_loss":0,"event_name":"Mushrooms","floor":13,"gold_loss":0}],"is_beta":false,"boss_relics":[],"items_purged_floors":[14],"is_endless":false,"potions_floor_spawned":[1,7,13],"killed_by":"Slime Boss","ascension_level":3}