{"gold_per_floor":[112,39,57,9,26,52,52,2,27,355,366,366,366,376,376,473,503,515,614,634,634,649,78,91,91,160,193,213,223,223,26,26,131,131,143,143,143,143,53,86,101,117,117,146,156,156,210,223,223,223,223,223,32,66,66],"floor_reached":56,"playtime":2741,"items_purged":["Strike_R"],"score":1237,"play_id":"7fa1d60e-7fbc-4983-8590-5ebb0b8ae0b3","local_time":"20190721010314","is_ascension_mode":false,"campfire_choices":[{"data":"True Grit","floor":7,"key":"SMITH"},{"data":"Rampage","floor":13,"key":"SMITH"},{"data":"Pommel Strike","floor":15,"key":"SMITH"},{"data":"Combust","floor":25,"key":"SMITH"},{"floor":30,"key":"REST"},{"data":"1","floor":32,"key":"LIFT"},{"floor":46,"key":"RECALL"},{"data":"2","floor":49,"key":"LIFT"},{"data":"Double Tap","floor":52,"key":"SMITH"}],"neow_cost":"TEN_PERCENT_HP_LOSS","seed_source_timestamp":184326412279455,"circlet_count":0,"master_deck":["Defend_R","Defend_R","Defend_R","Bash","Anger","Rampage+1","Combust+1","Shrug It Off","True Grit+1","Double Tap+1","Pommel Strike+1","Fiend Fire+1","Metallicize+1","Ghostly Armor+1","Uppercut+1","Barricade","Metallicize+1","Shockwave+1","Disarm+1","Battle Trance+1"],"relics":["Burning Blood","Boot","Omamori","Old Coin","Calling Bell","Tiny Chest","Singing Bowl","Girya","Ice Cream","Frozen Eye","Pantograph","Torii","Oddly Smooth Stone","Coffee Dripper","Pocketwatch","Self Forming Clay","Bag of Marbles","Calipers","OrangePellets","Bronze Scales"],"potions_floor_usage":[16,24,27,27,29,33,42,44,55,55],"damage_taken":[{"damage":6,"enemies":"Cultist","floor":1,"turns":3},{"damage":6,"enemies":"Jaw Worm","floor":3,"turns":3},{"damage":1,"enemies":"2 Louse","floor":5,"turns":2},{"damage":27,"enemies":"Lagavulin","floor":6,"turns":6},{"damage":20,"enemies":"Gremlin Nob","floor":10,"turns":4},{"damage":10,"enemies":"Looter","floor":11,"turns":3},{"damage":3,"enemies":"Blue Slaver","floor":14,"turns":3},{"damage":17,"enemies":"Hexaghost","floor":16,"turns":7},{"damage":13,"enemies":"Spheric Guardian","floor":18,"turns":4},{"damage":17,"enemies":"Shell Parasite","floor":20,"turns":6},{"damage":6,"enemies":"Snake Plant","floor":22,"turns":4},{"damage":16,"enemies":"3 Cultists","floor":24,"turns":5},{"damage":36,"enemies":"Slavers","floor":27,"turns":6},{"damage":17,"enemies":"Shelled Parasite and Fungi","floor":28,"turns":7},{"damage":26,"enemies":"Sentry and Sphere","floor":29,"turns":8},{"damage":44,"enemies":"Automaton","floor":33,"turns":12},{"damage":5,"enemies":"3 Shapes","floor":35,"turns":5},{"damage":15,"enemies":"Nemesis","floor":40,"turns":11},{"damage":0,"enemies":"Orb Walker","floor":41,"turns":5},{"damage":3,"enemies":"Spire Growth","floor":42,"turns":7},{"damage":4,"enemies":"Giant Head","floor":44,"turns":7},{"damage":12,"enemies":"Jaw Worm Horde","floor":45,"turns":5},{"damage":1,"enemies":"2 Orb Walkers","floor":47,"turns":6},{"damage":1,"enemies":"Maw","floor":48,"turns":6},{"damage":3,"enemies":"Time Eater","floor":50,"turns":8},{"damage":8,"enemies":"Shield and Spear","floor":54,"turns":8},{"damage":22,"enemies":"The Heart","floor":55,"turns":8}],"seed_played":"-5737407897936609123","potions_obtained":[{"floor":3,"key":"FearPotion"},{"floor":5,"key":"LiquidBronze"},{"floor":10,"key":"Explosive Potion"},{"floor":16,"key":"Dexterity Potion"},{"floor":22,"key":"Poison Potion"},{"floor":24,"key":"BloodPotion"},{"floor":28,"key":"SneckoOil"},{"floor":35,"key":"Fire Potion"},{"floor":41,"key":"SneckoOil"},{"floor":42,"key":"SkillPotion"}],"is_trial":false,"path_per_floor":["M","$","M","$","M","E","R","?","T","E","M","?","R","M","R","B",null,"M","?","M","?","M","$","M","R","T","E","M","M","R","$","R","B",null,"M","?","?","T","?","E","M","M","T","E","M","R","?","M","R","B",null,"R","$","E","B",null],"character_chosen":"IRONCLAD","items_purchased":["Rampage","Shrug It Off","Ice Cream","Frozen Eye","Oddly Smooth Stone","Explosive Potion","OrangePellets"],"campfire_rested":1,"item_purchase_floors":[2,4,23,23,31,31,53],"current_hp_per_floor":[72,72,72,72,72,51,51,51,51,37,33,33,33,36,36,25,72,65,65,54,54,56,56,48,48,48,39,30,10,34,34,34,21,80,82,82,81,81,81,72,78,81,81,85,81,81,86,92,92,92,92,92,92,92,78],"gold":66,"neow_bonus":"REMOVE_TWO","is_prod":false,"is_daily":false,"chose_seed":false,"campfire_upgraded":5,"win_rate":0,"timestamp":1563667394,"path_taken":["M","$","M","?","M","E","R","?","T","E","M","?","R","M","R","BOSS","M","?","M","?","M","?","M","R","T","E","M","M","R","$","R","BOSS","M","?","?","?","?","E","M","M","T","E","?","R","?","M","R","BOSS","R","$","E","BOSS"],"build_version":"2019-07-17","purchased_purges":1,"victory":true,"max_hp_per_floor":[72,72,72,72,72,72,72,72,72,72,72,72,72,72,72,72,72,72,72,72,72,74,74,76,76,76,78,80,80,80,80,80,80,80,82,82,86,86,86,86,86,86,86,88,90,90,90,92,92,92,92,92,92,94,94],"card_choices":[{"not_picked":["True Grit","Fire Breathing"],"picked":"Anger","floor":1},{"not_picked":["Dual Wield","Heavy Blade"],"picked":"Combust","floor":3},{"not_picked":["Rampage","Iron Wave"],"picked":"True Grit","floor":5},{"not_picked":["Body Slam","Hemokinesis"],"picked":"Double Tap","floor":6},{"not_picked":["True Grit","Cleave","Perfected Strike"],"picked":"SKIP","floor":10},{"not_picked":["Wild Strike","Clothesline"],"picked":"Pommel Strike","floor":11},{"not_picked":["Clothesline","Wild Strike","Sword Boomerang"],"picked":"SKIP","floor":14},{"not_picked":["Demon Form","Juggernaut"],"picked":"Fiend Fire","floor":16},{"not_picked":["Fire Breathing","Perfected Strike"],"picked":"Metallicize+1","floor":18},{"not_picked":["Intimidate","Clash+1"],"picked":"Ghostly Armor+1","floor":20},{"not_picked":["Twin Strike+1","Thunderclap+1","Heavy Blade+1"],"picked":"Singing Bowl","floor":22},{"not_picked":["Iron Wave","Carnage","Sever Soul"],"picked":"Singing Bowl","floor":24},{"not_picked":["Warcry","Rampage+1","Ghostly Armor"],"picked":"Singing Bowl","floor":27},{"not_picked":["Infernal Blade+1","Havoc","Cleave+1"],"picked":"Singing Bowl","floor":28},{"not_picked":["Immolate","Heavy Blade"],"picked":"Uppercut+1","floor":29},{"not_picked":["Fiend Fire","Feed"],"picked":"Barricade","floor":33},{"not_picked":["Heavy Blade","Fire Breathing","True Grit"],"picked":"Singing Bowl","floor":35},{"not_picked":["Apotheosis","Transmutation","Secret Technique"],"picked":"Singing Bowl","floor":37},{"not_picked":["Impatience","Trip","Jack Of All Trades"],"picked":"Singing Bowl","floor":37},{"not_picked":["Clothesline+1","True Grit+1"],"picked":"Metallicize+1","floor":40},{"not_picked":["Rampage+1","True Grit"],"picked":"Shockwave+1","floor":41},{"not_picked":["Clothesline","Entrench+1"],"picked":"Disarm+1","floor":42},{"not_picked":["Clash","Barricade","Sever Soul+1"],"picked":"Singing Bowl","floor":44},{"not_picked":["Perfected Strike","Evolve+1","Havoc+1"],"picked":"Singing Bowl","floor":45},{"not_picked":["Clash","Perfected Strike"],"picked":"Battle Trance+1","floor":47},{"not_picked":["Combust+1","True Grit+1","Sword Boomerang+1"],"picked":"Singing Bowl","floor":48},{"not_picked":["Warcry+1","Anger","Perfected Strike+1"],"picked":"Singing Bowl","floor":54}],"player_experience":1715487,"relics_obtained":[{"floor":6,"key":"Boot"},{"floor":9,"key":"Omamori"},{"floor":10,"key":"Old Coin"},{"floor":17,"key":"Tiny Chest"},{"floor":17,"key":"Singing Bowl"},{"floor":17,"key":"Girya"},{"floor":26,"key":"Pantograph"},{"floor":27,"key":"Torii"},{"floor":40,"key":"Pocketwatch"},{"floor":43,"key":"Self Forming Clay"},{"floor":44,"key":"Bag of Marbles"},{"floor":47,"key":"Calipers"},{"floor":54,"key":"Bronze Scales"}],"event_choices":[{"cards_removed":["Strike_R"],"damage_healed":0,"gold_gain":0,"player_choice":"Card Removal","damage_taken":0,"max_hp_gain":0,"max_hp_loss":0,"event_name":"The Cleric","floor":8,"gold_loss":50},{"cards_removed":["Strike_R"],"damage_healed":0,"gold_gain":0,"player_choice":"Forget","damage_taken":0,"max_hp_gain":0,"max_hp_loss":0,"event_name":"Living Wall","floor":12,"gold_loss":0},{"damage_healed":0,"gold_gain":99,"player_choice":"Stole From Cult","damage_taken":0,"max_hp_gain":0,"max_hp_loss":0,"event_name":"Nest","floor":19,"gold_loss":0},{"damage_healed":0,"gold_gain":0,"player_choice":"Ignored","damage_taken":0,"max_hp_gain":0,"max_hp_loss":0,"event_name":"Ghosts","floor":21,"gold_loss":0},{"cards_removed":["Strike_R"],"damage_healed":0,"gold_gain":0,"player_choice":"Removed Attack","damage_taken":0,"max_hp_gain":0,"max_hp_loss":0,"event_name":"Falling","floor":36,"gold_loss":0},{"damage_healed":0,"gold_gain":0,"player_choice":"Memory 2","damage_taken":5,"max_hp_gain":0,"max_hp_loss":0,"event_name":"SensoryStone","floor":37,"gold_loss":0},{"cards_removed":["Clumsy"],"damage_healed":0,"gold_gain":0,"player_choice":"Upgrade and Remove","damage_taken":0,"max_hp_gain":0,"max_hp_loss":0,"event_name":"Designer","floor":39,"gold_loss":90,"cards_upgraded":["Fiend Fire"]},{"damage_healed":0,"gold_gain":0,"player_choice":"Fight","damage_taken":0,"max_hp_gain":0,"max_hp_loss":0,"event_name":"Mysterious Sphere","floor":47,"gold_loss":0}],"is_beta":false,"boss_relics":[{"not_picked":["Orrery","Tiny House"],"picked":"Calling Bell"},{"not_picked":["Pandora\u0027s Box","Runic Cube"],"picked":"Coffee Dripper"}],"items_purged_floors":[23],"is_endless":false,"potions_floor_spawned":[3,5,10,16,22,24,28,35,41,42],"ascension_level":0}