{"gold_per_floor":[118,118,37,48,48,48,74,102,127,31,31,42,57,57,57,157,157,177,92,42,35,35,35],"floor_reached":23,"playtime":749,"items_purged":["Strike_R","Defend_R"],"score":266,"play_id":"98794167-e53a-46a2-b196-1ef6eb83e8ff","local_time":"20191012175011","is_ascension_mode":true,"campfire_choices":[{"data":"Bash","floor":6,"key":"SMITH"},{"data":"Armaments","floor":11,"key":"SMITH"},{"floor":15,"key":"REST"}],"neow_cost":"NONE","seed_source_timestamp":536209191010599,"circlet_count":0,"master_deck":["Strike_R","Strike_R+1","Strike_R","Defend_R","Defend_R","Defend_R","Bash+1","Clothesline+1","Metallicize","Flash of Steel","Shrug It Off","Uppercut","Pommel Strike","Armaments+1","Disarm","Shrug It Off","Berserk","Flame Barrier+1","Impervious+1"],"relics":["Burning Blood","Oddly Smooth Stone","WingedGreaves","Smiling Mask","Orichalcum","Toxic Egg 2","Fusion Hammer","Strawberry"],"potions_floor_usage":[8,16,23],"damage_taken":[{"damage":6,"enemies":"Small Slimes","floor":1,"turns":4},{"damage":8,"enemies":"Jaw Worm","floor":4,"turns":4},{"damage":19,"enemies":"Lagavulin","floor":7,"turns":7},{"damage":23,"enemies":"Gremlin Nob","floor":8,"turns":4},{"damage":0,"enemies":"2 Louse","floor":12,"turns":3},{"damage":6,"enemies":"2 Fungi Beasts","floor":13,"turns":4},{"damage":12,"enemies":"Hexaghost","floor":16,"turns":16},{"damage":6,"enemies":"Shell Parasite","floor":18,"turns":7},{"damage":19,"enemies":"2 Thieves","floor":21,"turns":4},{"damage":76,"enemies":"Gremlin Leader","floor":23,"turns":6}],"seed_played":"4000148253262963632","potions_obtained":[{"floor":7,"key":"PowerPotion"},{"floor":8,"key":"SteroidPotion"},{"floor":12,"key":"HeartOfIron"},{"floor":13,"key":"Energy Potion"}],"is_trial":false,"path_per_floor":["M","?","$","M","?","R","E","E","T","$","R","M","M","?","R","B",null,"M","?","$","M","?","E"],"character_chosen":"IRONCLAD","items_purchased":["Flash of Steel","Armaments"],"campfire_rested":1,"item_purchase_floors":[3,10],"current_hp_per_floor":[72,65,65,63,47,47,34,17,17,17,17,23,23,23,47,41,70,70,77,77,64,64,0],"gold":35,"neow_bonus":"TRANSFORM_CARD","is_prod":false,"is_daily":false,"chose_seed":false,"campfire_upgraded":2,"win_rate":0,"timestamp":1570891811,"path_taken":["M","?","$","M","?","R","E","E","T","$","R","M","M","?","R","BOSS","M","?","$","M","?","E"],"build_version":"2019-10-11","purchased_purges":2,"victory":false,"max_hp_per_floor":[80,80,80,80,80,80,80,80,80,80,80,80,80,80,80,80,80,80,87,87,87,87,87],"card_choices":[{"not_picked":["Warcry","Shrug It Off"],"picked":"Metallicize","floor":1},{"not_picked":["Anger","Clothesline"],"picked":"Shrug It Off","floor":4},{"not_picked":["Clothesline","Thunderclap"],"picked":"Uppercut","floor":7},{"not_picked":["Carnage","Flex"],"picked":"Pommel Strike","floor":8},{"not_picked":["Cleave","Bludgeon"],"picked":"Disarm","floor":12},{"not_picked":["Thunderclap","Ghostly Armor"],"picked":"Shrug It Off","floor":13},{"not_picked":["Dark Embrace","Bludgeon"],"picked":"Berserk","floor":16},{"not_picked":["Wild Strike","Pummel","Clash"],"picked":"SKIP","floor":18},{"not_picked":["Entrench+1","Shrug It Off+1"],"picked":"Flame Barrier+1","floor":21}],"player_experience":383893,"relics_obtained":[{"floor":7,"key":"WingedGreaves"},{"floor":8,"key":"Smiling Mask"},{"floor":9,"key":"Orichalcum"}],"event_choices":[{"damage_healed":0,"gold_gain":0,"player_choice":"Success","damage_taken":7,"relics_obtained":["Oddly Smooth Stone"],"max_hp_gain":0,"max_hp_loss":0,"event_name":"Scrap Ooze","floor":2,"gold_loss":0},{"damage_healed":0,"gold_gain":0,"player_choice":"Entered Light","damage_taken":16,"max_hp_gain":0,"max_hp_loss":0,"event_name":"Shining Light","floor":5,"gold_loss":0,"cards_upgraded":["Strike_R","Clothesline"]},{"damage_healed":0,"gold_gain":0,"player_choice":"Searched \u00271\u0027 times","damage_taken":0,"relics_obtained":["Toxic Egg 2"],"max_hp_gain":0,"max_hp_loss":0,"event_name":"Dead Adventurer","floor":14,"gold_loss":0},{"damage_healed":0,"gold_gain":0,"player_choice":"Obtained Relic","damage_taken":0,"relics_obtained":["Strawberry"],"max_hp_gain":0,"max_hp_loss":0,"event_name":"Addict","floor":19,"gold_loss":85},{"damage_healed":0,"gold_gain":0,"player_choice":"1 cards matched","damage_taken":0,"max_hp_gain":0,"max_hp_loss":0,"event_name":"Match and Keep!","floor":22,"gold_loss":0,"cards_obtained":["Impervious"]}],"is_beta":true,"boss_relics":[{"not_picked":["Busted Crown","Astrolabe"],"picked":"Fusion Hammer"}],"items_purged_floors":[10,20],"is_endless":false,"potions_floor_spawned":[7,8,12,13],"killed_by":"Gremlin Leader","ascension_level":7}