{"gold_per_floor":[110,110,110,126,141,141,141,42,42,42,42,42,58,8,8,136,174,189,114,14,33,33,33,57,75,75,75,75,94,46,46,46,46],"floor_reached":33,"playtime":1256,"items_purged":["Defend_R","Fiend Fire"],"score":233,"play_id":"ee06ed8a-796c-4790-8a85-a15837298c7a","local_time":"20180719215812","is_ascension_mode":false,"campfire_choices":[{"data":"Iron Wave","floor":6,"key":"SMITH"},{"data":"True Grit","floor":10,"key":"SMITH"},{"data":"Bash","floor":12,"key":"SMITH"},{"data":"Iron Wave","floor":15,"key":"SMITH"},{"data":"Inflame","floor":23,"key":"SMITH"},{"data":"Flex","floor":27,"key":"SMITH"},{"floor":32,"key":"REST"}],"neow_cost":"TEN_PERCENT_HP_LOSS","seed_source_timestamp":457499539799808,"circlet_count":0,"master_deck":["Strike_R","Strike_R+1","Defend_R+1","Defend_R","Bash+1","Inflame","Iron Wave+1","True Grit+1","Iron Wave+1","Double Tap+1","Inflame+1","Cleave","Burning Pact","Armaments","Flex+1","Infernal Blade","Dark Embrace","Hemokinesis","Sword Boomerang"],"relics":["Burning Blood","Bird Faced Urn","Golden Idol","Oddly Smooth Stone","Dream Catcher","Tiny House","Bottled Tornado"],"potions_floor_usage":[13,16,29,33,33,33],"damage_taken":[{"damage":5,"enemies":"2 Louse","floor":1,"turns":3},{"damage":5,"enemies":"Jaw Worm","floor":4,"turns":3},{"damage":0,"enemies":"Cultist","floor":5,"turns":4},{"damage":13,"enemies":"Gremlin Gang","floor":13,"turns":6},{"damage":30,"enemies":"The Guardian","floor":16,"turns":12},{"damage":18,"enemies":"Spheric Guardian","floor":18,"turns":6},{"damage":11,"enemies":"Shell Parasite","floor":21,"turns":6},{"damage":20,"enemies":"Snake Plant","floor":24,"turns":5},{"damage":12,"enemies":"3 Cultists","floor":25,"turns":6},{"damage":41,"enemies":"Chosen and Byrds","floor":29,"turns":11},{"damage":68,"enemies":"Automaton","floor":33,"turns":6}],"seed_played":"7665794470521305781","potions_obtained":[{"floor":1,"key":"Swift Potion"},{"floor":5,"key":"AttackPotion"},{"floor":17,"key":"SpeedPotion"},{"floor":18,"key":"Strength Potion"},{"floor":29,"key":"BloodPotion"}],"is_trial":false,"path_per_floor":["M","?","?","M","M","R","?","$","T","R","?","R","M","?","R","B",null,"M","?","$","M","?","R","M","M","T","R","?","M","$","?","R"],"character_chosen":"IRONCLAD","items_purchased":["True Grit","SkillPotion"],"campfire_rested":1,"item_purchase_floors":[8,30],"current_hp_per_floor":[72,67,60,63,67,67,67,67,67,67,54,54,47,47,47,25,72,62,62,62,61,61,61,51,45,45,45,45,14,14,14,35,0],"gold":46,"neow_bonus":"ONE_RARE_RELIC","is_prod":false,"is_daily":false,"chose_seed":false,"campfire_upgraded":6,"win_rate":0.0,"timestamp":1532026692,"path_taken":["M","?","?","?","?","R","?","$","T","R","?","R","M","?","R","BOSS","M","?","$","M","?","R","M","M","T","R","?","M","?","?","R","BOSS"],"build_version":"2018-07-12","purchased_purges":2,"victory":false,"max_hp_per_floor":[72,67,67,67,67,67,67,67,67,67,67,67,67,67,67,67,72,72,72,72,72,72,72,72,72,72,72,72,72,72,72,72,72],"card_choices":[{"not_picked":["True Grit","Anger"],"picked":"Inflame","floor":1},{"not_picked":["Pummel","Pommel Strike"],"picked":"Iron Wave","floor":4},{"not_picked":["Anger","Wild Strike","Juggernaut"],"picked":"SKIP","floor":5},{"not_picked":["Wild Strike","Heavy Blade"],"picked":"Iron Wave","floor":13},{"not_picked":["Limit Break","Feed"],"picked":"Double Tap","floor":16},{"not_picked":["True Grit","Body Slam"],"picked":"Inflame","floor":17},{"not_picked":["Clothesline","Pommel Strike"],"picked":"Cleave","floor":18},{"not_picked":["Dual Wield+1","Dropkick+1"],"picked":"Burning Pact","floor":21},{"not_picked":["Heavy Blade","Headbutt"],"picked":"Armaments","floor":24},{"not_picked":["Searing Blow","Thunderclap"],"picked":"Flex","floor":25},{"not_picked":["Clothesline","Berserk"],"picked":"Hemokinesis","floor":29},{"not_picked":["Anger","Wild Strike+1"],"picked":"Sword Boomerang","floor":32}],"player_experience":105383,"relics_obtained":[{"floor":9,"key":"Dream Catcher"},{"floor":26,"key":"Bottled Tornado"}],"event_choices":[{"event_name":"Golden Idol","player_choice":"Lose Max HP","floor":2,"damage_taken":0},{"event_name":"Scrap Ooze","player_choice":"success","floor":3,"damage_taken":7},{"event_name":"Transmorgrifier","player_choice":"Transform","floor":7,"damage_taken":0},{"event_name":"Shining Light","player_choice":"Entered Light","floor":11,"damage_taken":0},{"event_name":"The Cleric","player_choice":"Card Removal","floor":14,"damage_taken":0},{"event_name":"Beggar","player_choice":"Gave Gold","floor":19,"damage_taken":0},{"event_name":"Bonfire Elementals","player_choice":"BASIC","floor":22,"damage_taken":0},{"event_name":"Match and Keep!","player_choice":"2 cards matched","floor":28,"damage_taken":0},{"event_name":"Addict","player_choice":"Ignored","floor":31,"damage_taken":0}],"boss_relics":[{"not_picked":["Runic Dome","Ectoplasm"],"picked":"Tiny House"}],"items_purged_floors":[8,20],"is_endless":false,"potions_floor_spawned":[1,5,18,29],"killed_by":"Automaton","ascension_level":0}