{"gold_per_floor":[119,119,129,129,204,204,184,184,184,218,218,236,254,35,35,134,134,153,153,229,242,261,295,295,307,330,330,108,125,160,170,170,272,272,291,309,18,18,18,18,36,36,84,103,130,130,143,155,155,155,155,155,8,38,38],"floor_reached":55,"playtime":1943,"items_purged":["Strike_B"],"score":667,"play_id":"981da414-9878-41ed-aed0-aab88b452215","local_time":"20190724232753","is_ascension_mode":false,"campfire_choices":[{"data":"Zap","floor":6,"key":"SMITH"},{"data":"Sweeping Beam","floor":8,"key":"SMITH"},{"data":"Dualcast","floor":11,"key":"SMITH"},{"floor":15,"key":"REST"},{"floor":24,"key":"RECALL"},{"floor":27,"key":"REST"},{"floor":32,"key":"REST"},{"floor":40,"key":"REST"},{"floor":42,"key":"REST"},{"floor":49,"key":"REST"},{"floor":52,"key":"REST"}],"neow_cost":"TEN_PERCENT_HP_LOSS","seed_source_timestamp":525027035286763,"circlet_count":0,"master_deck":["Strike_B+1","Defend_B","Defend_B","Defend_B+1","Zap+1","Dualcast+1","Trip","Sweeping Beam+1","BootSequence","Rainbow","Rip and Tear","Ball Lightning","Compile Driver","Master of Strategy","Biased Cognition","Compile Driver","Reprogram+1","Coolheaded","Electrodynamics","Conserve Battery","Conserve Battery+1","Core Surge+1","Magnetism+1","Leap+1","Defragment+1","Double Energy+1","Double Energy+1","Undo+1","Skim","Doom and Gloom","Compile Driver+1"],"relics":["Cracked Core","Gremlin Horn","Regal Pillow","Fusion Hammer","Mercury Hourglass","Ice Cream","Vajra","Bronze Scales","Red Mask","Astrolabe","Calipers","Happy Flower","Omamori","Torii"],"potions_floor_usage":[10,13,16,16,16,16,25,33,54,55,55],"damage_taken":[{"damage":3,"enemies":"2 Louse","floor":1,"turns":2},{"damage":1,"enemies":"Jaw Worm","floor":3,"turns":2},{"damage":2,"enemies":"3 Sentries","floor":10,"turns":5},{"damage":0,"enemies":"Cultist","floor":12,"turns":2},{"damage":6,"enemies":"Exordium Thugs","floor":13,"turns":3},{"damage":29,"enemies":"Hexaghost","floor":16,"turns":5},{"damage":0,"enemies":"Chosen","floor":18,"turns":2},{"damage":0,"enemies":"3 Byrds","floor":21,"turns":3},{"damage":16,"enemies":"Snake Plant","floor":22,"turns":3},{"damage":18,"enemies":"Book of Stabbing","floor":23,"turns":4},{"damage":0,"enemies":"Centurion and Healer","floor":25,"turns":3},{"damage":0,"enemies":"Chosen and Byrds","floor":29,"turns":3},{"damage":0,"enemies":"Masked Bandits","floor":30,"turns":2},{"damage":0,"enemies":"Cultist and Chosen","floor":31,"turns":3},{"damage":17,"enemies":"Collector","floor":33,"turns":6},{"damage":0,"enemies":"Orb Walker","floor":35,"turns":2},{"damage":0,"enemies":"3 Shapes","floor":36,"turns":2},{"damage":0,"enemies":"Transient","floor":41,"turns":5},{"damage":4,"enemies":"Jaw Worm Horde","floor":44,"turns":2},{"damage":5,"enemies":"Giant Head","floor":45,"turns":6},{"damage":0,"enemies":"Maw","floor":47,"turns":6},{"damage":0,"enemies":"4 Shapes","floor":48,"turns":5},{"damage":16,"enemies":"Donu and Deca","floor":50,"turns":5},{"damage":57,"enemies":"Shield and Spear","floor":54,"turns":4},{"damage":36,"enemies":"The Heart","floor":55,"turns":2}],"seed_played":"8499243209708206266","potions_obtained":[{"floor":1,"key":"EntropicBrew"},{"floor":3,"key":"Swift Potion"},{"floor":7,"key":"FearPotion"},{"floor":12,"key":"FearPotion"},{"floor":16,"key":"LiquidBronze"},{"floor":21,"key":"FocusPotion"},{"floor":23,"key":"Regen Potion"},{"floor":29,"key":"Block Potion"},{"floor":36,"key":"Weak Potion"},{"floor":44,"key":"EssenceOfSteel"}],"is_trial":false,"path_per_floor":["M","?","M","?","?","R","?","R","T","E","R","M","M","$","R","B",null,"M","?","T","M","M","E","R","M","T","R","$","M","?","M","R","B",null,"M","M","$","?","T","R","M","R","T","M","E","?","M","M","R","B",null,"R","$","E","B"],"character_chosen":"DEFECT","items_purchased":["Compile Driver","Master of Strategy","Bronze Scales","Calipers","Skim","Doom and Gloom"],"campfire_rested":7,"item_purchase_floors":[14,14,28,37,53,53],"current_hp_per_floor":[65,51,50,43,32,32,32,32,32,30,30,30,24,24,59,30,68,68,68,68,68,52,34,34,43,43,68,68,68,68,68,68,51,68,68,68,68,68,68,68,68,68,68,64,59,59,59,59,68,52,68,68,68,11,0],"gold":38,"neow_bonus":"RANDOM_COLORLESS_2","is_prod":false,"is_daily":false,"chose_seed":false,"campfire_upgraded":3,"win_rate":0,"timestamp":1564007273,"path_taken":["M","?","M","?","?","R","?","R","T","E","R","M","M","$","R","BOSS","M","?","?","M","?","E","R","M","T","R","$","M","?","M","R","BOSS","M","M","$","?","?","R","M","R","T","M","E","?","M","M","R","BOSS","R","$","E","BOSS"],"build_version":"2019-07-17","purchased_purges":1,"victory":false,"max_hp_per_floor":[68,68,68,68,68,68,68,68,68,68,68,68,68,68,68,68,68,68,68,68,68,68,68,68,68,68,68,68,68,68,68,68,68,68,68,68,68,68,68,68,68,68,68,68,68,68,68,68,68,68,68,68,68,68,68],"card_choices":[{"not_picked":["Self Repair","Beam Cell"],"picked":"Sweeping Beam","floor":1},{"not_picked":["Compile Driver","Coolheaded"],"picked":"BootSequence","floor":3},{"not_picked":["Consume","Go for the Eyes"],"picked":"Rainbow","floor":10},{"not_picked":["Undo","Beam Cell"],"picked":"Rip and Tear","floor":12},{"not_picked":["Streamline","Recycle"],"picked":"Ball Lightning","floor":13},{"not_picked":["Seek","Amplify"],"picked":"Biased Cognition","floor":16},{"not_picked":["Redo","Rip and Tear"],"picked":"Compile Driver","floor":18},{"not_picked":["Redo","Ball Lightning"],"picked":"Cold Snap+1","floor":21},{"not_picked":["Cold Snap","Stack+1"],"picked":"Reprogram+1","floor":22},{"not_picked":["Force Field","Steam"],"picked":"Coolheaded","floor":23},{"not_picked":["Cold Snap","Coolheaded","Hologram"],"picked":"SKIP","floor":25},{"not_picked":["Go for the Eyes","Beam Cell+1"],"picked":"Electrodynamics","floor":29},{"not_picked":["Hologram","Chill"],"picked":"Conserve Battery","floor":30},{"not_picked":["Blizzard+1","FTL","Chaos"],"picked":"SKIP","floor":31},{"not_picked":["Scrape+1","Cold Snap","Beam Cell"],"picked":"SKIP","floor":35},{"not_picked":["Streamline+1","Cold Snap"],"picked":"Leap+1","floor":36},{"not_picked":["Conserve Battery+1","Streamline+1"],"picked":"Defragment+1","floor":41},{"not_picked":["Ball Lightning","Compile Driver"],"picked":"Double Energy+1","floor":44},{"not_picked":["Turbo","Sweeping Beam+1"],"picked":"Double Energy+1","floor":45},{"not_picked":["Stack","Hologram","Streamline+1"],"picked":"SKIP","floor":47},{"not_picked":["Doom and Gloom+1","Force Field+1"],"picked":"Undo+1","floor":48},{"not_picked":["Go for the Eyes","Redo"],"picked":"Compile Driver+1","floor":54}],"player_experience":1736422,"relics_obtained":[{"floor":9,"key":"Gremlin Horn"},{"floor":10,"key":"Regal Pillow"},{"floor":20,"key":"Mercury Hourglass"},{"floor":23,"key":"Ice Cream"},{"floor":26,"key":"Vajra"},{"floor":30,"key":"Red Mask"},{"floor":43,"key":"Happy Flower"},{"floor":45,"key":"Omamori"},{"floor":54,"key":"Torii"}],"event_choices":[{"damage_healed":0,"gold_gain":0,"player_choice":"Entered Light","damage_taken":14,"max_hp_gain":0,"max_hp_loss":0,"event_name":"Shining Light","floor":2,"gold_loss":0,"cards_upgraded":["Defend_B","Strike_B"]},{"cards_removed":["Strike_B"],"damage_healed":0,"gold_gain":0,"player_choice":"Card Removal","damage_taken":7,"max_hp_gain":0,"max_hp_loss":0,"event_name":"Golden Wing","floor":4,"gold_loss":0},{"damage_healed":0,"gold_gain":75,"player_choice":"Gather Gold","damage_taken":11,"max_hp_gain":0,"max_hp_loss":0,"event_name":"World of Goop","floor":5,"gold_loss":0},{"damage_healed":0,"gold_gain":0,"player_choice":"Bought 1 Potion","damage_taken":0,"max_hp_gain":0,"max_hp_loss":0,"event_name":"The Woman in Blue","floor":7,"gold_loss":0},{"damage_healed":0,"gold_gain":0,"player_choice":"Ignored","damage_taken":0,"max_hp_gain":0,"max_hp_loss":0,"event_name":"The Mausoleum","floor":19,"gold_loss":0},{"damage_healed":0,"gold_gain":0,"player_choice":"Fought Bandits","damage_taken":0,"max_hp_gain":0,"max_hp_loss":0,"event_name":"Masked Bandits","floor":30,"gold_loss":0},{"damage_healed":0,"gold_gain":0,"player_choice":"Memory 1","damage_taken":0,"max_hp_gain":0,"max_hp_loss":0,"event_name":"SensoryStone","floor":38,"gold_loss":0},{"cards_removed":["Cold Snap"],"damage_healed":0,"gold_gain":0,"player_choice":"Removed Attack","damage_taken":0,"max_hp_gain":0,"max_hp_loss":0,"event_name":"Falling","floor":46,"gold_loss":0}],"is_beta":false,"boss_relics":[{"not_picked":["Snecko Eye","Coffee Dripper"],"picked":"Fusion Hammer"},{"not_picked":["Pandora\u0027s Box","Runic Dome"],"picked":"Astrolabe"}],"items_purged_floors":[28],"is_endless":false,"potions_floor_spawned":[1,3,12,16,21,23,29,30,31,36,44,47,48],"killed_by":"The Heart","ascension_level":0}