{"gold_per_floor":[117,136,86,161,171,171,197,197,222,250,265,265,282,314,314,314],"floor_reached":16,"playtime":1114,"items_purged":[],"score":163,"play_id":"462c4803-493b-4b87-9e95-36a4f3d4624f","local_time":"20190916213420","is_ascension_mode":true,"campfire_choices":[{"data":"Distraction","floor":6,"key":"SMITH"},{"data":"Neutralize","floor":12,"key":"SMITH"},{"floor":15,"key":"REST"}],"neow_cost":"NONE","seed_source_timestamp":10261234164800,"circlet_count":0,"master_deck":["Strike_G","Strike_G","Strike_G","Strike_G","Defend_G","Defend_G","Defend_G","Defend_G","Defend_G","Survivor","Neutralize+1","Distraction+1","Dagger Throw","Poisoned Stab","Heel Hook","Heel Hook","Tactician","Deadly Poison"],"relics":["White Beast Statue","Bag of Preparation","Strawberry","Pear","Question Card"],"potions_floor_usage":[7,7,7,10,14,14,16,16],"damage_taken":[{"damage":7,"enemies":"Cultist","floor":1,"turns":5},{"damage":2,"enemies":"Small Slimes","floor":2,"turns":4},{"damage":0,"enemies":"2 Louse","floor":5,"turns":3},{"damage":11,"enemies":"Lagavulin","floor":7,"turns":6},{"damage":10,"enemies":"Gremlin Nob","floor":10,"turns":3},{"damage":0,"enemies":"Lots of Slimes","floor":11,"turns":1},{"damage":0,"enemies":"Blue Slaver","floor":13,"turns":3},{"damage":25,"enemies":"3 Sentries","floor":14,"turns":11},{"damage":52,"enemies":"Slime Boss","floor":16,"turns":10}],"seed_played":"-3484911303077976467","potions_obtained":[{"floor":1,"key":"Fire Potion"},{"floor":2,"key":"Dexterity Potion"},{"floor":5,"key":"Strength Potion"},{"floor":7,"key":"GamblersBrew"},{"floor":10,"key":"Block Potion"},{"floor":11,"key":"SkillPotion"},{"floor":13,"key":"Dexterity Potion"},{"floor":14,"key":"PowerPotion"}],"is_trial":false,"path_per_floor":["M","M","?","?","M","R","E","?","T","E","M","R","M","E","R","B"],"character_chosen":"THE_SILENT","items_purchased":[],"campfire_rested":1,"item_purchase_floors":[],"current_hp_per_floor":[63,61,61,50,50,50,39,39,46,46,46,46,46,21,47,0],"gold":314,"neow_bonus":"BOSS_RELIC","is_prod":false,"is_daily":false,"chose_seed":false,"campfire_upgraded":2,"win_rate":0,"timestamp":1568694860,"path_taken":["M","M","?","?","M","R","E","?","T","E","M","R","?","E","R","BOSS"],"build_version":"2019-07-17","purchased_purges":0,"victory":false,"max_hp_per_floor":[70,70,70,70,70,70,70,70,77,87,87,87,87,87,87,87],"card_choices":[{"not_picked":["Reflex","Bane"],"picked":"Distraction","floor":1},{"not_picked":["Dodge and Roll","Flechettes"],"picked":"Dagger Throw","floor":2},{"not_picked":["Terror","Expertise"],"picked":"Poisoned Stab","floor":5},{"not_picked":["Terror","Underhanded Strike"],"picked":"Heel Hook","floor":7},{"not_picked":["Quick Slash","Sucker Punch","Night Terror"],"picked":"SKIP","floor":10},{"not_picked":["Caltrops","PiercingWail","Bane"],"picked":"SKIP","floor":11},{"not_picked":["Outmaneuver","Deflect"],"picked":"Tactician","floor":13},{"not_picked":["Slice","Leg Sweep"],"picked":"Deadly Poison","floor":14}],"player_experience":100447,"relics_obtained":[{"floor":7,"key":"Bag of Preparation"},{"floor":9,"key":"Strawberry"},{"floor":10,"key":"Pear"},{"floor":14,"key":"Question Card"}],"event_choices":[{"cards_removed":["Strike_G"],"damage_healed":0,"gold_gain":0,"player_choice":"Card Removal","damage_taken":0,"max_hp_gain":0,"max_hp_loss":0,"event_name":"The Cleric","floor":3,"gold_loss":50},{"damage_healed":0,"gold_gain":75,"player_choice":"Gather Gold","damage_taken":11,"max_hp_gain":0,"max_hp_loss":0,"event_name":"World of Goop","floor":4,"gold_loss":0},{"damage_healed":0,"gold_gain":0,"player_choice":"1 cards matched","damage_taken":0,"max_hp_gain":0,"max_hp_loss":0,"event_name":"Match and Keep!","floor":8,"gold_loss":0,"cards_obtained":["Heel Hook"]}],"is_beta":false,"boss_relics":[],"items_purged_floors":[],"is_endless":false,"potions_floor_spawned":[1,2,5,7,10,11,13,14],"killed_by":"Slime Boss","ascension_level":3}