{"gold_per_floor":[110,110,127,0,17,17,50,325,325,356,356,356],"floor_reached":12,"playtime":426,"items_purged":["Strike_R"],"score":128,"play_id":"507d250e-5778-4353-83b9-a1fd465dbf62","local_time":"20190504204657","is_ascension_mode":true,"campfire_choices":[{"data":"Armaments","floor":6,"key":"SMITH"},{"floor":11,"key":"REST"}],"neow_cost":"NONE","seed_source_timestamp":879821140431300,"circlet_count":0,"master_deck":["Strike_R","Strike_R","Strike_R","Defend_R","Defend_R","Defend_R","Defend_R","Bash","Armaments+1","Shrug It Off","Iron Wave","Uppercut","Regret"],"relics":["Burning Blood","Bag of Preparation","Pear","Pantograph"],"potions_floor_usage":[10,10],"damage_taken":[{"damage":4,"enemies":"2 Louse","floor":1,"turns":4},{"damage":11,"enemies":"Jaw Worm","floor":3,"turns":4},{"damage":2,"enemies":"Cultist","floor":5,"turns":4},{"damage":39,"enemies":"Lagavulin","floor":7,"turns":9},{"damage":39,"enemies":"3 Sentries","floor":10,"turns":15},{"damage":58,"enemies":"Gremlin Nob","floor":12,"turns":5}],"seed_played":"-6914698263744193373","potions_obtained":[{"floor":3,"key":"Swift Potion"},{"floor":7,"key":"Dexterity Potion"}],"is_trial":false,"path_per_floor":["M","?","M","$","M","R","E","?","T","E","R","E"],"character_chosen":"IRONCLAD","items_purchased":["Shrug It Off"],"campfire_rested":1,"item_purchase_floors":[4],"current_hp_per_floor":[80,85,80,80,84,84,51,51,61,28,56,0],"gold":356,"neow_bonus":"REMOVE_CARD","is_prod":false,"is_daily":false,"chose_seed":false,"campfire_upgraded":1,"win_rate":0,"timestamp":1556992017,"path_taken":["M","?","M","$","M","R","E","?","T","E","R","E"],"build_version":"2019-01-23","purchased_purges":1,"victory":false,"max_hp_per_floor":[80,85,85,85,85,85,85,85,95,95,95,95],"card_choices":[{"not_picked":["Heavy Blade","Battle Trance","Wild Strike"],"picked":"SKIP","floor":1},{"not_picked":["Twin Strike","Searing Blow"],"picked":"Armaments","floor":3},{"not_picked":["Armaments","Twin Strike"],"picked":"Iron Wave","floor":5},{"not_picked":["Impervious","Combust"],"picked":"Uppercut","floor":7},{"not_picked":["Rupture","Flex","Twin Strike"],"picked":"SKIP","floor":10}],"player_experience":345523,"relics_obtained":[{"floor":7,"key":"Bag of Preparation"},{"floor":9,"key":"Pear"},{"floor":10,"key":"Pantograph"}],"event_choices":[{"damage_healed":0,"gold_gain":0,"player_choice":"Donut","damage_taken":0,"max_hp_gain":5,"max_hp_loss":0,"event_name":"Big Fish","floor":2,"gold_loss":0},{"damage_healed":0,"gold_gain":275,"player_choice":"Desecrate","damage_taken":0,"max_hp_gain":0,"max_hp_loss":0,"event_name":"Golden Shrine","floor":8,"gold_loss":0,"cards_obtained":["Regret"]}],"is_beta":false,"boss_relics":[],"items_purged_floors":[4],"is_endless":false,"potions_floor_spawned":[3,7],"killed_by":"Gremlin Nob","ascension_level":4}