{"gold_per_floor":[119,139,64,78,1,1,34,34,88,103,125,157,157,176,176,275,275,290,13,31,31,48,82,82,107,184,58,77,77,91,91,91,91],"floor_reached":33,"playtime":2594,"items_purged":["Strike_G","Expertise"],"score":428,"play_id":"89ad0a92-0d45-425b-a7be-d193e6589b7e","local_time":"20191019162402","is_ascension_mode":true,"campfire_choices":[{"data":"Predator","floor":6.0,"key":"SMITH"},{"floor":8.0,"key":"REST"},{"data":"Well Laid Plans","floor":13.0,"key":"SMITH"},{"floor":15.0,"key":"REST"},{"floor":24,"key":"REST"},{"floor":29,"key":"REST"},{"data":"Noxious Fumes","floor":32,"key":"SMITH"}],"neow_cost":"NONE","seed_source_timestamp":0,"circlet_count":0,"master_deck":["Survivor","Neutralize","Quick Slash","Predator+1","PiercingWail","Well Laid Plans+1","Crippling Poison","All Out Attack","Backflip","Backflip","After Image","Sucker Punch","Calculated Gamble","Adrenaline","Crippling Poison","Leg Sweep","Footwork","A Thousand Cuts","Backstab","Footwork","Dodge and Roll","Well Laid Plans+1","Finisher","Noxious Fumes+1","PiercingWail","Corpse Explosion"],"special_seed":0,"relics":["Ring of the Snake","Oddly Smooth Stone","Bag of Preparation","Odd Mushroom","Ninja Scroll","Pandora\u0027s Box","Membership Card","Question Card","Ornamental Fan","Tiny Chest","Gremlin Horn"],"potions_floor_usage":[23,25,33],"damage_taken":[{"damage":0.0,"enemies":"Cultist","floor":1.0,"turns":5.0},{"damage":0.0,"enemies":"2 Louse","floor":2.0,"turns":2.0},{"damage":0.0,"enemies":"Small Slimes","floor":4.0,"turns":2.0},{"damage":32.0,"enemies":"Lagavulin","floor":7.0,"turns":9.0},{"damage":1.0,"enemies":"Blue Slaver","floor":10.0,"turns":5.0},{"damage":10.0,"enemies":"The Mushroom Lair","floor":11.0,"turns":4.0},{"damage":17.0,"enemies":"3 Sentries","floor":12.0,"turns":8.0},{"damage":6.0,"enemies":"Exordium Wildlife","floor":14.0,"turns":5.0},{"damage":24.0,"enemies":"Slime Boss","floor":16.0,"turns":12.0},{"damage":0.0,"enemies":"Shell Parasite","floor":18.0,"turns":5.0},{"damage":3.0,"enemies":"3 Byrds","floor":20.0,"turns":5.0},{"damage":6.0,"enemies":"Sentry and Sphere","floor":22.0,"turns":10.0},{"damage":57,"enemies":"Book of Stabbing","floor":23,"turns":10},{"damage":12,"enemies":"Gremlin Leader","floor":25,"turns":8},{"damage":2,"enemies":"3 Cultists","floor":28,"turns":5},{"damage":17,"enemies":"Cultist and Chosen","floor":30,"turns":6},{"damage":40,"enemies":"Champ","floor":33,"turns":16}],"seed_played":"445675171105197497","potions_obtained":[{"floor":1.0,"key":"SkillPotion"},{"floor":14.0,"key":"SkillPotion"},{"floor":16.0,"key":"Regen Potion"},{"floor":20.0,"key":"Explosive Potion"},{"floor":22.0,"key":"Swift Potion"},{"floor":23,"key":"Explosive Potion"}],"is_trial":false,"path_per_floor":["M","M","$","M","$","R","E","R","T","M","?","E","R","M","R","B",null,"M","$","M","?","M","E","R","E","T","$","M","R","M","?","R","B"],"character_chosen":"THE_SILENT","items_purchased":["Crippling Poison","Membership Card","Footwork","Gremlin Horn"],"campfire_rested":4,"item_purchase_floors":[5,19,19,27],"current_hp_per_floor":[63,63,63,63,63,63,31,52,52,51,41,24,24,18,39,15,56,56,56,53,53,62,5,26,14,14,14,12,33,16,39,39,0],"gold":91,"neow_bonus":"THREE_CARDS","is_prod":false,"is_daily":false,"chose_seed":false,"campfire_upgraded":3,"win_rate":0,"timestamp":1571527442,"path_taken":["M","M","$","M","?","R","E","R","T","M","?","E","R","M","R","BOSS","M","$","M","?","M","E","R","E","T","$","M","R","M","?","R","BOSS"],"build_version":"2019-07-17","purchased_purges":2,"victory":false,"max_hp_per_floor":[70,70,70,70,70,70,70,70,70,70,70,70,70,70,70,70,70,70,70,70,70,70,70,70,70,70,70,70,70,70,70,70,70],"card_choices":[{"not_picked":["Masterful Stab","Terror"],"picked":"Quick Slash","floor":0.0},{"not_picked":["Infinite Blades","Bane"],"picked":"Predator","floor":1.0},{"not_picked":["Deflect","Dagger Throw"],"picked":"PiercingWail","floor":2.0},{"not_picked":["Flying Knee","Backstab"],"picked":"Well Laid Plans","floor":4.0},{"not_picked":["PiercingWail","Dash"],"picked":"All Out Attack","floor":7.0},{"not_picked":["PiercingWail","Poisoned Stab"],"picked":"Backflip","floor":10.0},{"not_picked":["Expertise","Blade Dance"],"picked":"Backflip","floor":11.0},{"not_picked":["Backflip","Deadly Poison","Dagger Throw"],"picked":"SKIP","floor":12.0},{"not_picked":["Sucker Punch","Heel Hook","Eviscerate"],"picked":"SKIP","floor":14.0},{"not_picked":["Unload","Storm of Steel"],"picked":"After Image","floor":16.0},{"not_picked":["Acrobatics","Dagger Throw"],"picked":"Backstab","floor":18.0},{"not_picked":["Bane+1","Footwork"],"picked":"Dodge and Roll","floor":20.0},{"not_picked":["Backstab","Bane"],"picked":"Well Laid Plans+1","floor":22.0},{"not_picked":["Blur","A Thousand Cuts"],"picked":"Finisher","floor":23},{"not_picked":["Blur","Poisoned Stab+1","Caltrops"],"picked":"Noxious Fumes","floor":25},{"not_picked":["Slice+1","Tactician+1","Outmaneuver+1"],"picked":"PiercingWail","floor":28},{"not_picked":["Slice+1","Sucker Punch","Quick Slash"],"picked":"Corpse Explosion","floor":30}],"player_experience":389504,"relics_obtained":[{"floor":7.0,"key":"Oddly Smooth Stone"},{"floor":9.0,"key":"Bag of Preparation"},{"floor":11.0,"key":"Odd Mushroom"},{"floor":12.0,"key":"Ninja Scroll"},{"floor":23,"key":"Question Card"},{"floor":25,"key":"Ornamental Fan"},{"floor":26,"key":"Tiny Chest"}],"event_choices":[{"damage_healed":0.0,"max_hp_gain":0.0,"max_hp_loss":0.0,"gold_gain":0.0,"event_name":"Mushrooms","player_choice":"Fought Mushrooms","floor":11.0,"gold_loss":0.0,"damage_taken":0.0},{"cards_removed":["Masterful Stab"],"damage_healed":0.0,"max_hp_gain":0.0,"max_hp_loss":0.0,"gold_gain":0.0,"event_name":"Back to Basics","player_choice":"Elegance","floor":21.0,"gold_loss":0.0,"damage_taken":0.0},{"damage_healed":23,"gold_gain":0,"player_choice":"Heal","damage_taken":0,"max_hp_gain":0,"max_hp_loss":0,"event_name":"The Library","floor":31,"gold_loss":0}],"is_beta":false,"boss_relics":[{"not_picked":["Calling Bell","Runic Dome"],"picked":"Pandora\u0027s Box"}],"items_purged_floors":[3,19],"is_endless":false,"potions_floor_spawned":[1,14,16,20,22,23],"killed_by":"Champ","ascension_level":9}