{"gold_per_floor":[111,186,196,209,209,209,252,252,252,252,290,115,156,181,181,309,309,330,353,374,51,51,75,75,109,133,133,33,47,87,87,87,208,208,224,224,148,273,273,317,329,385,443,455,488,62,62,87,87,87],"floor_reached":51,"playtime":2177,"items_purged":["Strike_G","Strike_G","Strike_G+1"],"score":1238,"play_id":"927c08bc-9a1e-4d90-b49b-678cc6a4fa03","local_time":"20190922110918","is_ascension_mode":true,"campfire_choices":[{"data":"Glass Knife","floor":6,"key":"SMITH"},{"data":"Backstab","floor":8,"key":"SMITH"},{"data":"Noxious Fumes","floor":15,"key":"SMITH"},{"data":"Neutralize","floor":24,"key":"SMITH"},{"data":"1","floor":27,"key":"LIFT"},{"data":"Ghostly","floor":32,"key":"SMITH"},{"data":"2","floor":41,"key":"LIFT"},{"data":"3","floor":44,"key":"LIFT"},{"floor":47,"key":"REST"},{"floor":49,"key":"REST"}],"neow_cost":"TEN_PERCENT_HP_LOSS","seed_source_timestamp":635971414376200,"circlet_count":0,"master_deck":["AscendersBane","Strike_G+1","Defend_G+1","Defend_G+1","Defend_G+1","Defend_G+1","Defend_G+1","Survivor","Neutralize+1","Glass Knife+1","Backstab+1","Quick Slash","Cloak And Dagger","Predator","Noxious Fumes+1","Backflip","Bullet Time","Backstab","Well Laid Plans","Terror","Ghostly+1","Ghostly","Ghostly","Ghostly","Ghostly","PiercingWail","Deflect+1","After Image","Masterful Stab","Dodge and Roll+1","Dagger Throw+1","PiercingWail+1","Escape Plan+1","After Image"],"relics":["Ring of the Serpent","Golden Idol","Pear","Vajra","Dodecahedron","Centennial Puzzle","Mercury Hourglass","Girya","Happy Flower","Strawberry","SlaversCollar","Mango","MawBank","StoneCalendar","Bronze Scales","Snake Skull","DollysMirror"],"potions_floor_usage":[18,30,30,50,50],"damage_taken":[{"damage":0,"enemies":"Small Slimes","floor":1,"turns":3},{"damage":0,"enemies":"2 Louse","floor":3,"turns":2},{"damage":0,"enemies":"Jaw Worm","floor":4,"turns":4},{"damage":5,"enemies":"Gremlin Nob","floor":7,"turns":3},{"damage":11,"enemies":"Lagavulin","floor":11,"turns":6},{"damage":5,"enemies":"Gremlin Nob","floor":13,"turns":3},{"damage":0,"enemies":"Blue Slaver","floor":14,"turns":2},{"damage":28,"enemies":"Hexaghost","floor":16,"turns":10},{"damage":2,"enemies":"2 Thieves","floor":18,"turns":4},{"damage":7,"enemies":"Chosen","floor":19,"turns":3},{"damage":9,"enemies":"Snecko","floor":20,"turns":4},{"damage":0,"enemies":"Centurion and Healer","floor":23,"turns":6},{"damage":0,"enemies":"Slavers","floor":25,"turns":5},{"damage":2,"enemies":"Cultist and Chosen","floor":29,"turns":5},{"damage":4,"enemies":"Book of Stabbing","floor":30,"turns":5},{"damage":19,"enemies":"Automaton","floor":33,"turns":11},{"damage":0,"enemies":"Orb Walker","floor":35,"turns":3},{"damage":0,"enemies":"Mind Bloom Boss Battle","floor":38,"turns":6},{"damage":3,"enemies":"Giant Head","floor":40,"turns":7},{"damage":13,"enemies":"Nemesis","floor":42,"turns":7},{"damage":1,"enemies":"3 Darklings","floor":45,"turns":4},{"damage":2,"enemies":"Spire Growth","floor":48,"turns":5},{"damage":4,"enemies":"Awakened One","floor":50,"turns":14}],"seed_played":"6368125401382967644","potions_obtained":[{"floor":3,"key":"Block Potion"},{"floor":11,"key":"Regen Potion"},{"floor":19,"key":"Strength Potion"},{"floor":33,"key":"Dexterity Potion"}],"is_trial":false,"path_per_floor":["M","?","M","M","?","R","E","R","T","?","E","$","E","M","R","B",null,"M","M","M","$","?","M","R","E","T","R","$","M","E","?","R","B",null,"M","?","$","?","?","E","R","E","T","R","M","$","R","M","R","B",null],"character_chosen":"THE_SILENT","items_purchased":["Noxious Fumes","Backflip","Mercury Hourglass","Terror","DuplicationPotion","Snake Skull","DollysMirror"],"campfire_rested":2,"item_purchase_floors":[12,12,21,21,37,46,46],"current_hp_per_floor":[63,52,52,52,52,52,57,57,57,62,51,51,46,46,46,18,59,57,50,41,41,36,36,36,36,36,36,36,34,43,43,43,24,38,38,38,38,52,52,49,49,36,36,36,35,35,52,50,57,53],"gold":87,"neow_bonus":"THREE_RARE_CARDS","is_prod":false,"is_daily":false,"chose_seed":false,"campfire_upgraded":5,"win_rate":0,"timestamp":1569146958,"path_taken":["M","?","M","M","?","R","E","R","T","?","E","?","E","M","R","BOSS","M","M","M","$","?","M","R","E","T","R","$","M","E","?","R","BOSS","M","?","$","?","?","E","R","E","T","R","?","$","R","M","R","BOSS"],"build_version":"2019-09-20","purchased_purges":3,"victory":true,"max_hp_per_floor":[63,63,63,63,58,58,68,68,68,73,73,73,73,73,73,73,73,73,73,73,73,36,36,36,36,36,36,36,36,43,43,43,43,43,43,43,43,57,57,57,57,57,57,57,57,57,57,57,57,57],"card_choices":[{"not_picked":["Adrenaline","Unload"],"picked":"Glass Knife","floor":0},{"not_picked":["Dodge and Roll","Reflex"],"picked":"Backstab","floor":1},{"not_picked":["Distraction","Deflect"],"picked":"Quick Slash","floor":3},{"not_picked":["Tactician","Bane"],"picked":"Cloak And Dagger","floor":4},{"not_picked":["Eviscerate","Finisher","Cloak And Dagger"],"picked":"SKIP","floor":7},{"not_picked":["Reflex","Quick Slash"],"picked":"Predator","floor":11},{"not_picked":["Deflect","Expertise","Grand Finale"],"picked":"SKIP","floor":13},{"not_picked":["Accuracy","Quick Slash","Outmaneuver"],"picked":"SKIP","floor":14},{"not_picked":["Doppelganger","Grand Finale"],"picked":"Bullet Time","floor":16},{"not_picked":["Blade Dance+1","Heel Hook"],"picked":"Backstab","floor":18},{"not_picked":["Heel Hook+1","Predator","Underhanded Strike+1"],"picked":"SKIP","floor":19},{"not_picked":["Backflip+1","PiercingWail"],"picked":"Well Laid Plans","floor":20},{"not_picked":["Outmaneuver","Flying Knee"],"picked":"PiercingWail","floor":23},{"not_picked":["Choke","Blur+1"],"picked":"Deflect+1","floor":25},{"not_picked":["Phantasmal Killer","Choke","Bane"],"picked":"SKIP","floor":29},{"not_picked":["Blade Dance","Reflex","Prepared"],"picked":"SKIP","floor":30},{"not_picked":["Storm of Steel","Burst"],"picked":"After Image","floor":33},{"not_picked":["Backflip","Skewer"],"picked":"Masterful Stab","floor":35},{"not_picked":["PiercingWail","Blade Dance"],"picked":"Dodge and Roll+1","floor":38},{"not_picked":["Die Die Die","Quick Slash"],"picked":"Dagger Throw+1","floor":40},{"not_picked":["Dagger Throw","Infinite Blades"],"picked":"PiercingWail+1","floor":42},{"not_picked":["Concentrate+1","Riddle With Holes"],"picked":"Escape Plan+1","floor":45},{"not_picked":["Cloak And Dagger+1","Underhanded Strike","Dodge and Roll"],"picked":"SKIP","floor":48}],"player_experience":1549379,"relics_obtained":[{"floor":7,"key":"Pear"},{"floor":9,"key":"Vajra"},{"floor":11,"key":"Dodecahedron"},{"floor":13,"key":"Centennial Puzzle"},{"floor":25,"key":"Girya"},{"floor":26,"key":"Happy Flower"},{"floor":30,"key":"Strawberry"},{"floor":38,"key":"Mango"},{"floor":40,"key":"MawBank"},{"floor":42,"key":"StoneCalendar"},{"floor":43,"key":"Bronze Scales"}],"event_choices":[{"damage_healed":0,"gold_gain":75,"player_choice":"Gather Gold","damage_taken":11,"max_hp_gain":0,"max_hp_loss":0,"event_name":"World of Goop","floor":2,"gold_loss":0},{"damage_healed":0,"gold_gain":0,"player_choice":"Lose Max HP","damage_taken":0,"relics_obtained":["Golden Idol"],"max_hp_gain":0,"max_hp_loss":5,"event_name":"Golden Idol","floor":5,"gold_loss":0},{"damage_healed":0,"gold_gain":0,"player_choice":"Donut","damage_taken":0,"max_hp_gain":5,"max_hp_loss":0,"event_name":"Big Fish","floor":10,"gold_loss":0},{"damage_healed":0,"gold_gain":0,"player_choice":"Became a Ghost","damage_taken":0,"max_hp_gain":0,"max_hp_loss":37,"event_name":"Ghosts","floor":22,"gold_loss":0,"cards_obtained":["Ghostly","Ghostly","Ghostly","Ghostly","Ghostly"]},{"damage_healed":0,"gold_gain":0,"player_choice":"Simplicity","damage_taken":0,"max_hp_gain":0,"max_hp_loss":0,"event_name":"Back to Basics","floor":31,"gold_loss":0,"cards_upgraded":["Strike_G","Strike_G","Strike_G","Defend_G","Defend_G","Defend_G","Defend_G","Defend_G"]},{"damage_healed":0,"gold_gain":0,"player_choice":"Memory 1","damage_taken":0,"max_hp_gain":0,"max_hp_loss":0,"event_name":"SensoryStone","floor":36,"gold_loss":0},{"damage_healed":0,"gold_gain":0,"player_choice":"Fight","damage_taken":0,"max_hp_gain":0,"max_hp_loss":0,"event_name":"MindBloom","floor":38,"gold_loss":0},{"cards_removed":["Strike_G"],"damage_healed":0,"gold_gain":0,"player_choice":"Purged","damage_taken":0,"max_hp_gain":0,"max_hp_loss":0,"event_name":"Purifier","floor":39,"gold_loss":0}],"is_beta":true,"boss_relics":[{"not_picked":["Busted Crown","HoveringKite"],"picked":"Ring of the Serpent"},{"not_picked":["Tiny House","SacredBark"],"picked":"SlaversCollar"}],"items_purged_floors":[12,28,46],"is_endless":false,"potions_floor_spawned":[3,11,13,19,20,33,38,40,45,48],"ascension_level":11}