{"gold_per_floor":[118,135,135,4,4,4,35,35,35,35,0,31,55,66,66,171,171,188,206,33,33,33,33,65,65,65,65,65,75,75,92,92,197,197,216,234,234,134,134,134,166,166,166,41,55,55,84,95,95,95,95,95,58,89,89],"floor_reached":56,"playtime":3171,"items_purged":["Strike_B","Decay","Pain"],"score":1903,"play_id":"33a9dfb6-e428-4d87-941b-461edda91297","local_time":"20191023202051","is_ascension_mode":true,"campfire_choices":[{"data":"Barrage","floor":6.0,"key":"SMITH"},{"floor":8.0,"key":"REST"},{"floor":15,"key":"DIG"},{"floor":23,"key":"DIG"},{"floor":25,"key":"DIG"},{"floor":28,"key":"DIG"},{"floor":32,"key":"DIG"},{"floor":40,"key":"DIG"},{"floor":42,"key":"RECALL"},{"floor":49,"key":"REST"},{"floor":52,"key":"DIG"}],"neow_cost":"CURSE","seed_source_timestamp":0,"circlet_count":0,"master_deck":["AscendersBane","Strike_B","Defend_B","Defend_B","Defend_B","Defend_B","Zap","Dualcast","Echo Form","Conserve Battery+1","Barrage+1","Cold Snap","Go for the Eyes","Doom and Gloom","Conserve Battery","Multi-Cast","Compile Driver","Multi-Cast+1","Ball Lightning","Self Repair","Hologram","RitualDagger","Storm","Ghostly+1","Ghostly+1","Ghostly+1","Ghostly+1","Ghostly+1","BootSequence+1","Undo+1","Reboot+1","Chill+1","Defragment","Capacitor+1","Stack+1","Recycle+1","Static Discharge","Echo Form"],"special_seed":0,"relics":["Cracked Core","Ice Cream","Shovel","Pocketwatch","Bottled Lightning","Odd Mushroom","Bag of Preparation","Fusion Hammer","Symbiotic Virus","Toxic Egg 2","Art of War","Blue Candle","Strawberry","Matryoshka","Cursed Key","DataDisk","Singing Bowl","Regal Pillow","Gambling Chip","Ornamental Fan","War Paint"],"potions_floor_usage":[16,24,55,55,55],"damage_taken":[{"damage":12.0,"enemies":"Jaw Worm","floor":1.0,"turns":5.0},{"damage":4.0,"enemies":"Small Slimes","floor":2.0,"turns":4.0},{"damage":10.0,"enemies":"Gremlin Nob","floor":7.0,"turns":4.0},{"damage":1.0,"enemies":"Lagavulin","floor":12.0,"turns":7.0},{"damage":17,"enemies":"The Mushroom Lair","floor":13,"turns":3},{"damage":0,"enemies":"2 Louse","floor":14,"turns":2},{"damage":9,"enemies":"Hexaghost","floor":16,"turns":9},{"damage":8,"enemies":"Shell Parasite","floor":18,"turns":5},{"damage":0,"enemies":"Spheric Guardian","floor":19,"turns":3},{"damage":28,"enemies":"Book of Stabbing","floor":24,"turns":5},{"damage":2,"enemies":"Snake Plant","floor":29,"turns":5},{"damage":2,"enemies":"Shelled Parasite and Fungi","floor":31,"turns":5},{"damage":0,"enemies":"Champ","floor":33,"turns":8},{"damage":1,"enemies":"Orb Walker","floor":35,"turns":6},{"damage":1,"enemies":"3 Shapes","floor":36,"turns":5},{"damage":22,"enemies":"Giant Head","floor":41,"turns":6},{"damage":20,"enemies":"3 Darklings","floor":45,"turns":7},{"damage":0,"enemies":"Nemesis","floor":47,"turns":13},{"damage":23,"enemies":"4 Shapes","floor":48,"turns":5},{"damage":0,"enemies":"Awakened One","floor":50,"turns":9},{"damage":0,"enemies":"Shield and Spear","floor":54,"turns":5},{"damage":45,"enemies":"The Heart","floor":55,"turns":9}],"seed_played":"-7008884959553715785","potions_obtained":[{"floor":7.0,"key":"FearPotion"},{"floor":14,"key":"Strength Potion"},{"floor":29,"key":"Strength Potion"},{"floor":45,"key":"Weak Potion"},{"floor":46,"key":"Block Potion"}],"is_trial":false,"path_per_floor":["M","M","?","$","?","R","E","R","T","?","?","E","?","M","R","B",null,"M","M","$","?","?","R","E","R","T","?","R","M","?","M","R","B",null,"M","M","?","$","?","R","E","R","T","$","M","?","E","M","R","B",null,"R","$","E","B",null],"character_chosen":"DEFECT","items_purchased":["EntropicBrew","Cold Snap","Hologram","Regen Potion","Static Discharge"],"campfire_rested":2,"item_purchase_floors":[4,4,20,20,53],"current_hp_per_floor":[56,52,45,45,33,33,23,45,45,45,63,62,45,45,45,36,65,57,57,57,51,51,51,49,49,49,37,44,44,38,49,49,49,49,49,49,47,47,47,47,32,32,32,32,26,26,42,26,49,49,49,49,49,49,4],"gold":89,"neow_bonus":"THREE_RARE_CARDS","is_prod":false,"is_daily":false,"chose_seed":false,"campfire_upgraded":1,"win_rate":0,"timestamp":1571887251,"path_taken":["M","M","?","$","?","R","E","R","T","?","?","E","?","M","R","BOSS","M","M","$","?","?","R","E","R","T","?","R","M","?","M","R","BOSS","M","M","?","$","?","R","E","R","T","$","M","?","E","?","R","BOSS","R","$","E","BOSS"],"build_version":"2019-07-17","purchased_purges":3,"victory":true,"max_hp_per_floor":[75,75,75,75,75,75,75,75,75,75,75,75,75,75,75,75,75,75,75,75,75,75,75,75,75,75,37,44,44,49,49,49,49,49,49,49,47,47,47,47,47,47,47,47,47,47,49,49,49,49,49,49,49,49,49],"card_choices":[{"not_picked":["Multi-Cast","Hyperbeam"],"picked":"Echo Form","floor":0.0},{"not_picked":["Leap","Rebound"],"picked":"Conserve Battery","floor":1.0},{"not_picked":["Aggregate","BootSequence"],"picked":"Barrage","floor":2.0},{"not_picked":["Stack","Recycle"],"picked":"Go for the Eyes","floor":7.0},{"not_picked":["Melter","Rebound"],"picked":"Conserve Battery","floor":12},{"not_picked":["Stack","Redo"],"picked":"Multi-Cast","floor":13},{"not_picked":["Rip and Tear","Beam Cell"],"picked":"Compile Driver","floor":14},{"not_picked":["All For One","Rainbow"],"picked":"Multi-Cast","floor":16},{"not_picked":["Go for the Eyes","Melter"],"picked":"Ball Lightning","floor":18},{"not_picked":["Hologram","Beam Cell+1"],"picked":"Self Repair","floor":19},{"not_picked":["Beam Cell","Sweeping Beam+1"],"picked":"Storm","floor":24},{"not_picked":["Redo+1","White Noise+1"],"picked":"BootSequence+1","floor":29},{"not_picked":["Compile Driver","Chaos+1"],"picked":"Undo+1","floor":31},{"not_picked":["Electrodynamics","Rainbow+1"],"picked":"Reboot+1","floor":33},{"not_picked":["Force Field+1","Chaos+1"],"picked":"Chill+1","floor":35},{"not_picked":["Go for the Eyes","Chill+1"],"picked":"Defragment","floor":36},{"not_picked":["Rebound","Stack+1"],"picked":"Capacitor+1","floor":41},{"not_picked":["Streamline+1","Sweeping Beam"],"picked":"Stack+1","floor":45},{"not_picked":["Rip and Tear+1","Steam+1","Stack+1"],"picked":"Singing Bowl","floor":47},{"not_picked":["Ball Lightning","Reprogram+1"],"picked":"Recycle+1","floor":48},{"not_picked":["White Noise+1","Storm"],"picked":"Echo Form","floor":54}],"player_experience":434151,"relics_obtained":[{"floor":7.0,"key":"Shovel"},{"floor":9.0,"key":"Pocketwatch"},{"floor":12,"key":"Bottled Lightning"},{"floor":13,"key":"Odd Mushroom"},{"floor":15,"key":"Bag of Preparation"},{"floor":23,"key":"Symbiotic Virus"},{"floor":24,"key":"Toxic Egg 2"},{"floor":25,"key":"Art of War"},{"floor":26,"key":"Blue Candle"},{"floor":28,"key":"Strawberry"},{"floor":32,"key":"Matryoshka"},{"floor":40,"key":"DataDisk"},{"floor":41,"key":"Singing Bowl"},{"floor":43,"key":"Regal Pillow"},{"floor":47,"key":"Gambling Chip"},{"floor":52,"key":"Ornamental Fan"},{"floor":54,"key":"War Paint"}],"event_choices":[{"cards_removed":["Strike_B"],"damage_healed":0.0,"max_hp_gain":0.0,"max_hp_loss":0.0,"gold_gain":0.0,"event_name":"Golden Wing","player_choice":"Card Removal","floor":3.0,"gold_loss":0.0,"damage_taken":7.0},{"damage_healed":0.0,"max_hp_gain":0.0,"max_hp_loss":0.0,"gold_gain":0.0,"event_name":"Scrap Ooze","player_choice":"Success","floor":5.0,"gold_loss":0.0,"damage_taken":12.0,"relics_obtained":["Ice Cream"]},{"damage_healed":0.0,"max_hp_gain":0.0,"max_hp_loss":0.0,"gold_gain":0.0,"cards_transformed":["Strike_B"],"event_name":"Living Wall","player_choice":"Change","floor":10.0,"gold_loss":0.0,"damage_taken":0.0,"cards_obtained":["Doom and Gloom"]},{"damage_healed":18.0,"max_hp_gain":0.0,"max_hp_loss":0.0,"gold_gain":0.0,"event_name":"The Cleric","player_choice":"Healed","floor":11.0,"gold_loss":35.0,"damage_taken":0.0},{"damage_healed":0,"gold_gain":0,"player_choice":"Fought Mushrooms","damage_taken":0,"max_hp_gain":0,"max_hp_loss":0,"event_name":"Mushrooms","floor":13,"gold_loss":0},{"damage_healed":0,"gold_gain":0,"player_choice":"Joined the Cult","damage_taken":6,"max_hp_gain":0,"max_hp_loss":0,"event_name":"Nest","floor":21,"gold_loss":0,"cards_obtained":["RitualDagger"]},{"damage_healed":0,"gold_gain":0,"player_choice":"Ignored","damage_taken":0,"max_hp_gain":0,"max_hp_loss":0,"event_name":"Vampires","floor":22,"gold_loss":0},{"damage_healed":0,"gold_gain":0,"player_choice":"Became a Ghost","damage_taken":0,"max_hp_gain":0,"max_hp_loss":38,"event_name":"Ghosts","floor":27,"gold_loss":0,"cards_obtained":["Ghostly","Ghostly","Ghostly","Ghostly","Ghostly"]},{"damage_healed":0,"gold_gain":0,"player_choice":"Shed Blood","damage_taken":11,"max_hp_gain":5,"max_hp_loss":0,"event_name":"Forgotten Altar","floor":30,"gold_loss":0},{"damage_healed":0,"gold_gain":0,"player_choice":"Max HP","damage_taken":0,"max_hp_gain":0,"max_hp_loss":2,"event_name":"Winding Halls","floor":37,"gold_loss":0},{"damage_healed":0,"gold_gain":0,"player_choice":"Ignored","damage_taken":0,"max_hp_gain":0,"max_hp_loss":0,"event_name":"Tomb of Lord Red Mask","floor":39,"gold_loss":0},{"damage_healed":0,"gold_gain":0,"player_choice":"Got Potions","damage_taken":0,"max_hp_gain":0,"max_hp_loss":0,"event_name":"Lab","floor":46,"gold_loss":0}],"is_beta":false,"boss_relics":[{"not_picked":["Ectoplasm","Sozu"],"picked":"Fusion Hammer"},{"not_picked":["White Beast Statue","FrozenCore"],"picked":"Cursed Key"}],"items_purged_floors":[20,38,44],"is_endless":false,"potions_floor_spawned":[7,14,29,31,35,45,48,54],"ascension_level":10}