{"gold_per_floor":[118,129,149,160,179,179,214,229,229,179,179,241,241,260,260,364,364,376,390,408,428,45,45,71,71,96,21,41,72,72,82,82,82],"floor_reached":33,"playtime":2060,"items_purged":["Strike_R"],"score":393,"play_id":"1f3a5d99-3c86-4387-8a5b-d1e9a59e0ecf","local_time":"20191014015053","is_ascension_mode":true,"campfire_choices":[{"data":"Iron Wave","floor":6.0,"key":"SMITH"},{"data":"Evolve","floor":11.0,"key":"SMITH"},{"data":"Uppercut","floor":13.0,"key":"SMITH"},{"data":"Blood for Blood","floor":15.0,"key":"SMITH"},{"data":"Bludgeon","floor":23.0,"key":"SMITH"},{"floor":30.0,"key":"REST"},{"floor":32.0,"key":"REST"}],"neow_cost":"NONE","seed_source_timestamp":0,"circlet_count":0,"master_deck":["Strike_R","Strike_R","Defend_R","Defend_R","Defend_R","Defend_R","Bash","Wild Strike","Blood for Blood+1","Cleave","Evolve+1","Iron Wave+1","Uppercut+1","Sword Boomerang","Reaper","Flex","Immolate","Bludgeon+1","Flame Barrier+1","Inflame"],"special_seed":0,"relics":["Black Blood","Orichalcum","Letter Opener","Bag of Preparation","Gremlin Horn","The Courier","Ancient Tea Set","Blue Candle"],"potions_floor_usage":[33],"damage_taken":[{"damage":1.0,"enemies":"Cultist","floor":1.0,"turns":4.0},{"damage":0.0,"enemies":"Small Slimes","floor":2.0,"turns":3.0},{"damage":0.0,"enemies":"2 Louse","floor":3.0,"turns":2.0},{"damage":30.0,"enemies":"Large Slime","floor":4.0,"turns":7.0},{"damage":12.0,"enemies":"Looter","floor":5.0,"turns":3.0},{"damage":18.0,"enemies":"3 Sentries","floor":7.0,"turns":7.0},{"damage":7.0,"enemies":"Blue Slaver","floor":8.0,"turns":5.0},{"damage":28.0,"enemies":"Lagavulin Event","floor":12.0,"turns":5.0},{"damage":2.0,"enemies":"Large Slime","floor":14.0,"turns":4.0},{"damage":15.0,"enemies":"Hexaghost","floor":16.0,"turns":8.0},{"damage":27.0,"enemies":"Spheric Guardian","floor":18.0,"turns":5.0},{"damage":32.0,"enemies":"2 Thieves","floor":19.0,"turns":4.0},{"damage":16.0,"enemies":"Snecko","floor":20.0,"turns":4.0},{"damage":21.0,"enemies":"Centurion and Healer","floor":21.0,"turns":6.0},{"damage":26.0,"enemies":"Slavers","floor":24.0,"turns":5.0},{"damage":16.0,"enemies":"Sentry and Sphere","floor":28.0,"turns":4.0},{"damage":15.0,"enemies":"Gremlin Leader","floor":29.0,"turns":6.0},{"damage":12.0,"enemies":"Snecko","floor":31.0,"turns":3.0},{"damage":94,"enemies":"Champ","floor":33,"turns":11}],"seed_played":"-4729977130809541513","potions_obtained":[{"floor":4.0,"key":"Fire Potion"},{"floor":5.0,"key":"Energy Potion"},{"floor":8.0,"key":"Swift Potion"},{"floor":12.0,"key":"Dexterity Potion"},{"floor":16.0,"key":"EssenceOfSteel"},{"floor":18.0,"key":"Weak Potion"},{"floor":20.0,"key":"Strength Potion"},{"floor":24.0,"key":"SpeedPotion"},{"floor":29.0,"key":"Explosive Potion"}],"is_trial":false,"path_per_floor":["M","M","M","M","M","R","E","M","T","?","R","?","R","M","R","B",null,"M","M","M","M","$","R","E","?","T","?","M","E","R","M","R","B"],"character_chosen":"IRONCLAD","items_purchased":["Gremlin Horn","Bludgeon"],"campfire_rested":2,"item_purchase_floors":[22,22],"current_hp_per_floor":[85,88,88,64,58,58,46,45,45,45,45,23,23,27,27,18,71,54,44,44,41,41,41,25,25,25,25,19,14,40,38,64,0],"gold":82,"neow_bonus":"TEN_PERCENT_HP_BONUS","is_prod":false,"is_daily":false,"chose_seed":false,"campfire_upgraded":5,"win_rate":0,"timestamp":1571014253,"path_taken":["M","M","?","M","M","R","E","M","T","?","R","?","R","M","R","BOSS","M","M","M","M","$","R","E","?","T","?","M","E","R","M","R","BOSS"],"build_version":"2019-07-17","purchased_purges":1,"victory":false,"max_hp_per_floor":[88,88,88,88,88,88,88,88,88,88,88,88,88,88,88,88,88,88,88,88,88,88,88,88,88,88,88,88,88,88,88,88,88],"card_choices":[{"not_picked":["Clash","Body Slam"],"picked":"Wild Strike","floor":1.0},{"not_picked":["Twin Strike","Warcry"],"picked":"Blood for Blood","floor":2.0},{"not_picked":["Feel No Pain","Carnage"],"picked":"Cleave","floor":3.0},{"not_picked":["Perfected Strike","Twin Strike"],"picked":"Evolve","floor":4.0},{"not_picked":["Infernal Blade","Perfected Strike"],"picked":"Iron Wave","floor":5.0},{"not_picked":["Infernal Blade","Rage"],"picked":"Uppercut","floor":7.0},{"not_picked":["Armaments","Warcry","Clash"],"picked":"SKIP","floor":8.0},{"not_picked":["Armaments","Cleave"],"picked":"Sword Boomerang","floor":12.0},{"not_picked":["Hemokinesis","Feel No Pain","Searing Blow"],"picked":"SKIP","floor":14.0},{"not_picked":["Exhume","Juggernaut"],"picked":"Reaper","floor":16.0},{"not_picked":["Cleave","Pommel Strike"],"picked":"Flex","floor":18.0},{"not_picked":["Armaments","Cleave","Twin Strike"],"picked":"SKIP","floor":19.0},{"not_picked":["Intimidate","Iron Wave"],"picked":"Immolate","floor":20.0},{"not_picked":["Armaments","Body Slam","Anger"],"picked":"SKIP","floor":21.0},{"not_picked":["Sword Boomerang","Entrench"],"picked":"Flame Barrier+1","floor":24.0},{"not_picked":["Combust","Flex","Bloodletting"],"picked":"SKIP","floor":28.0},{"not_picked":["Immolate","Sword Boomerang"],"picked":"Inflame","floor":29.0},{"not_picked":["Iron Wave","True Grit","Sword Boomerang"],"picked":"SKIP","floor":31.0}],"player_experience":262285,"relics_obtained":[{"floor":7.0,"key":"Orichalcum"},{"floor":9.0,"key":"Letter Opener"},{"floor":12.0,"key":"Bag of Preparation"},{"floor":24.0,"key":"The Courier"},{"floor":26.0,"key":"Ancient Tea Set"},{"floor":29.0,"key":"Blue Candle"}],"event_choices":[{"cards_removed":["Strike_R"],"damage_healed":0.0,"max_hp_gain":0.0,"max_hp_loss":0.0,"gold_gain":0.0,"event_name":"The Cleric","player_choice":"Card Removal","floor":10.0,"gold_loss":50.0,"damage_taken":0.0},{"damage_healed":0.0,"max_hp_gain":0.0,"max_hp_loss":0.0,"gold_gain":30.0,"event_name":"Dead Adventurer","player_choice":"Searched \u00273\u0027 times","floor":12.0,"gold_loss":0.0,"damage_taken":0.0},{"damage_healed":0.0,"max_hp_gain":0.0,"max_hp_loss":0.0,"gold_gain":0.0,"event_name":"Vampires","player_choice":"Ignored","floor":25.0,"gold_loss":0.0,"damage_taken":0.0},{"cards_removed":["Strike_R"],"damage_healed":0.0,"max_hp_gain":0.0,"max_hp_loss":0.0,"gold_gain":0.0,"event_name":"Beggar","player_choice":"Gave Gold","floor":27.0,"gold_loss":75.0,"damage_taken":0.0}],"is_beta":false,"boss_relics":[{"not_picked":["Orrery","Runic Pyramid"],"picked":"Black Blood"}],"items_purged_floors":[22],"is_endless":false,"potions_floor_spawned":[4,5,8,12,16,18,20,24,29,31],"killed_by":"Champ","ascension_level":7}