{"gold_per_floor":[112,127,144,156,156,156,156,25,75,250,250,268,268,218,218,323,323,340,359,372,273,273,273,291,302,355,375,325,325,325,325,325,427,427,445,458,458,478,498,498,301,301,301,301,312,312,0,16,16,16],"floor_reached":51,"playtime":976,"items_purged":["Strike_R","Doubt","Strike_R","Defend_R"],"score":664,"play_id":"9f17af4e-8776-4ee0-b610-5c020520d980","local_time":"20191009085855","is_ascension_mode":false,"campfire_choices":[{"data":"Inflame","floor":6.0,"key":"SMITH"},{"data":"Whirlwind","floor":11.0,"key":"SMITH"},{"floor":13.0,"key":"REST"},{"data":"Strike_R","floor":15.0,"key":"SMITH"},{"data":"Flex","floor":23.0,"key":"SMITH"},{"data":"Fiend Fire","floor":29.0,"key":"SMITH"},{"data":"Inflame","floor":32.0,"key":"SMITH"},{"data":"Limit Break","floor":40,"key":"SMITH"},{"floor":46,"key":"REST"},{"floor":49,"key":"REST"}],"neow_cost":"NONE","seed_source_timestamp":43619518516600,"circlet_count":0,"master_deck":["Strike_R+1","Defend_R","Defend_R","Bash+1","Inflame+1","Whirlwind+1","Fiend Fire+1","Flex+1","Inflame+1","Limit Break+1","Doubt"],"special_seed":0,"relics":["Burning Blood","NeowsBlessing","Smiling Mask","Blood Vial","Philosopher\u0027s Stone","Happy Flower","Empty Cage","Red Skull","Nunchaku","Red Mask"],"potions_floor_usage":[38,45,50,50,50],"damage_taken":[{"damage":0.0,"enemies":"2 Louse","floor":1.0,"turns":1.0},{"damage":0.0,"enemies":"Small Slimes","floor":2.0,"turns":1.0},{"damage":0.0,"enemies":"Jaw Worm","floor":3.0,"turns":1.0},{"damage":46.0,"enemies":"Exordium Thugs","floor":4.0,"turns":6.0},{"damage":6.0,"enemies":"Blue Slaver","floor":12.0,"turns":4.0},{"damage":36.0,"enemies":"Slime Boss","floor":16.0,"turns":7.0},{"damage":25.0,"enemies":"Shell Parasite","floor":18.0,"turns":3.0},{"damage":6.0,"enemies":"Spheric Guardian","floor":19.0,"turns":3.0},{"damage":11.0,"enemies":"Centurion and Healer","floor":20.0,"turns":4.0},{"damage":27.0,"enemies":"Shelled Parasite and Fungi","floor":24.0,"turns":3.0},{"damage":13.0,"enemies":"Cultist and Chosen","floor":25.0,"turns":4.0},{"damage":12.0,"enemies":"Snecko","floor":27.0,"turns":4.0},{"damage":0.0,"enemies":"Colosseum Slavers","floor":30.0,"turns":1.0},{"damage":32.0,"enemies":"Champ","floor":33.0,"turns":5.0},{"damage":0,"enemies":"3 Shapes","floor":35,"turns":1},{"damage":20,"enemies":"Orb Walker","floor":36,"turns":3},{"damage":21,"enemies":"4 Shapes","floor":38,"turns":3},{"damage":0,"enemies":"Transient","floor":39,"turns":5},{"damage":37,"enemies":"Spire Growth","floor":45,"turns":4},{"damage":26,"enemies":"3 Darklings","floor":48,"turns":4},{"damage":84,"enemies":"Time Eater","floor":50,"turns":5}],"seed_played":"-50013058189313760","potions_obtained":[{"floor":1.0,"key":"Weak Potion"},{"floor":3.0,"key":"Poison Potion"},{"floor":16.0,"key":"SmokeBomb"},{"floor":20.0,"key":"Explosive Potion"},{"floor":24.0,"key":"GamblersBrew"},{"floor":25.0,"key":"Fruit Juice"},{"floor":35,"key":"PowerPotion"},{"floor":37,"key":"Block Potion"},{"floor":39,"key":"FearPotion"},{"floor":45,"key":"EssenceOfSteel"}],"is_trial":false,"path_per_floor":["M","M","M","M","?","R","?","$","T","?","R","M","R","?","R","B",null,"M","M","M","$","?","R","M","M","T","M","$","R","?","?","R","B",null,"M","M","?","M","M","R","$","?","T","?","M","R","?","M","R","B",null],"character_chosen":"IRONCLAD","items_purchased":["Whirlwind","Flex","Red Skull"],"campfire_rested":3,"item_purchase_floors":[8,21,41],"current_hp_per_floor":[80,80,80,40,33,33,17,17,17,17,17,19,43,43,43,15,80,61,63,60,60,60,60,41,41,41,37,37,37,45,45,45,21,85,85,71,71,58,66,66,66,66,66,85,54,79,79,61,85,7],"gold":16,"neow_bonus":"THREE_ENEMY_KILL","is_prod":false,"is_daily":false,"chose_seed":false,"campfire_upgraded":7,"win_rate":0,"timestamp":1570604335,"path_taken":["M","M","M","M","?","R","?","$","T","?","R","M","R","?","R","BOSS","M","M","M","$","?","R","M","M","T","M","?","R","?","?","R","BOSS","M","M","?","M","M","R","?","?","T","?","M","R","?","M","R","BOSS"],"build_version":"2019-07-17","purchased_purges":4,"victory":true,"max_hp_per_floor":[80,80,80,80,80,80,80,80,80,80,80,80,80,80,80,80,80,80,80,80,80,80,80,80,85,85,85,85,85,85,85,85,85,85,85,85,85,85,85,85,85,85,85,85,85,85,85,85,85,85],"card_choices":[{"not_picked":["Bloodletting","Body Slam"],"picked":"Battle Trance","floor":1.0},{"not_picked":["Armaments","Sentinel","Perfected Strike"],"picked":"SKIP","floor":2.0},{"not_picked":["Headbutt","Sever Soul","True Grit"],"picked":"SKIP","floor":3.0},{"not_picked":["Anger","Flame Barrier"],"picked":"Inflame","floor":4.0},{"not_picked":["Armaments","Second Wind","Heavy Blade"],"picked":"SKIP","floor":12.0},{"not_picked":["Exhume","Juggernaut"],"picked":"Fiend Fire","floor":16.0},{"not_picked":["Corruption","Disarm","Headbutt"],"picked":"SKIP","floor":18.0},{"not_picked":["Intimidate","Metallicize","True Grit"],"picked":"SKIP","floor":19.0},{"not_picked":["Thunderclap+1","Havoc+1","Combust"],"picked":"SKIP","floor":20.0},{"not_picked":["Shrug It Off+1","Thunderclap","Evolve"],"picked":"SKIP","floor":24.0},{"not_picked":["Ghostly Armor","Feel No Pain"],"picked":"Inflame","floor":25.0},{"not_picked":["Rupture+1","Iron Wave"],"picked":"Limit Break","floor":27.0},{"not_picked":["Havoc","Spot Weakness+1","Infernal Blade"],"picked":"SKIP","floor":35},{"not_picked":["Havoc","Pommel Strike","Wild Strike"],"picked":"SKIP","floor":36},{"not_picked":["Cleave","Pommel Strike","Armaments+1"],"picked":"SKIP","floor":38},{"not_picked":["Body Slam+1","Barricade","Twin Strike+1"],"picked":"SKIP","floor":39},{"not_picked":["Clothesline","Rampage","Wild Strike"],"picked":"SKIP","floor":45},{"not_picked":["Second Wind","Spot Weakness","Combust"],"picked":"SKIP","floor":48}],"player_experience":231530,"relics_obtained":[{"floor":9.0,"key":"Blood Vial"},{"floor":26.0,"key":"Happy Flower"},{"floor":43,"key":"Nunchaku"}],"event_choices":[{"damage_healed":0.0,"max_hp_gain":0.0,"max_hp_loss":0.0,"gold_gain":0.0,"event_name":"Scrap Ooze","player_choice":"Success","floor":5.0,"gold_loss":0.0,"damage_taken":7.0,"relics_obtained":["Smiling Mask"]},{"damage_healed":0.0,"max_hp_gain":0.0,"max_hp_loss":0.0,"gold_gain":0.0,"event_name":"Shining Light","player_choice":"Entered Light","floor":7.0,"gold_loss":0.0,"damage_taken":16.0,"cards_upgraded":["Bash","Battle Trance"]},{"damage_healed":0.0,"max_hp_gain":0.0,"max_hp_loss":0.0,"gold_gain":175.0,"event_name":"Liars Game","player_choice":"AGREE","floor":10.0,"gold_loss":0.0,"damage_taken":0.0,"cards_obtained":["Doubt"]},{"cards_removed":["Strike_R"],"damage_healed":0.0,"max_hp_gain":0.0,"max_hp_loss":0.0,"gold_gain":0.0,"event_name":"The Cleric","player_choice":"Card Removal","floor":14.0,"gold_loss":50.0,"damage_taken":0.0},{"damage_healed":0.0,"max_hp_gain":0.0,"max_hp_loss":0.0,"gold_gain":0.0,"event_name":"The Woman in Blue","player_choice":"Bought 0 Potions","floor":22.0,"gold_loss":0.0,"damage_taken":0.0},{"damage_healed":0.0,"max_hp_gain":0.0,"max_hp_loss":0.0,"gold_gain":0.0,"event_name":"Colosseum","player_choice":"Fight","floor":30.0,"gold_loss":0.0,"damage_taken":0.0},{"damage_healed":0.0,"max_hp_gain":0.0,"max_hp_loss":0.0,"gold_gain":0.0,"event_name":"Colosseum","player_choice":"Fled From Nobs","floor":30.0,"gold_loss":0.0,"damage_taken":0.0},{"damage_healed":0.0,"max_hp_gain":0.0,"max_hp_loss":0.0,"gold_gain":0.0,"event_name":"The Mausoleum","player_choice":"Ignored","floor":31.0,"gold_loss":0.0,"damage_taken":0.0},{"damage_healed":0,"gold_gain":0,"player_choice":"Got Potions","damage_taken":0,"max_hp_gain":0,"max_hp_loss":0,"event_name":"Lab","floor":37,"gold_loss":0},{"cards_removed":["Battle Trance"],"damage_healed":0,"gold_gain":0,"player_choice":"Removed Skill","damage_taken":0,"max_hp_gain":0,"max_hp_loss":0,"event_name":"Falling","floor":42,"gold_loss":0},{"damage_healed":19,"gold_gain":0,"player_choice":"Heal","damage_taken":0,"max_hp_gain":0,"max_hp_loss":0,"event_name":"MindBloom","floor":44,"gold_loss":0,"cards_obtained":["Doubt"]},{"damage_healed":0,"gold_gain":0,"player_choice":"Paid","damage_taken":0,"relics_obtained":["Red Mask"],"max_hp_gain":0,"max_hp_loss":0,"event_name":"Tomb of Lord Red Mask","floor":47,"gold_loss":312}],"is_beta":false,"boss_relics":[{"not_picked":["Astrolabe","Eternal Feather"],"picked":"Philosopher\u0027s Stone"},{"not_picked":["Mark of Pain","Runic Dome"],"picked":"Empty Cage"}],"items_purged_floors":[8,21,28,41],"is_endless":false,"potions_floor_spawned":[1,3,16,20,24,25,35,39,45,48],"ascension_level":0}