{"gold_per_floor":[110,110,35,35,35,60,60,91,91,91,102,128,140,113,113,113],"floor_reached":16,"playtime":550,"items_purged":["Strike_R"],"score":210,"play_id":"2d3ba025-ffc3-4730-ae4b-29598fe4df88","local_time":"20190926174653","is_ascension_mode":true,"campfire_choices":[{"data":"Bash","floor":7,"key":"SMITH"},{"data":"True Grit","floor":10,"key":"SMITH"},{"floor":15,"key":"REST"}],"neow_cost":"NONE","seed_source_timestamp":1213027234607700,"circlet_count":0,"master_deck":["Strike_R","Strike_R+1","Strike_R","Defend_R","Defend_R","Defend_R","Defend_R","Bash+1","Headbutt+1","Flame Barrier","True Grit+1","Metallicize","Iron Wave","Disarm","Shrug It Off"],"relics":["Burning Blood","NeowsBlessing","Dodecahedron","Potion Belt","Whetstone","Letter Opener","Bag of Marbles"],"potions_floor_usage":[12,12],"damage_taken":[{"damage":0,"enemies":"2 Louse","floor":1,"turns":1},{"damage":0,"enemies":"Lagavulin","floor":6,"turns":1},{"damage":0,"enemies":"Gremlin Nob","floor":8,"turns":1},{"damage":3,"enemies":"Small Slimes","floor":11,"turns":4},{"damage":25,"enemies":"3 Sentries","floor":12,"turns":11},{"damage":0,"enemies":"Jaw Worm","floor":13,"turns":3},{"damage":18,"enemies":"Exordium Thugs","floor":14,"turns":5},{"damage":54,"enemies":"The Guardian","floor":16,"turns":15}],"seed_played":"8218031204175151274","potions_obtained":[{"floor":1,"key":"Fire Potion"},{"floor":8,"key":"PowerPotion"},{"floor":12,"key":"FearPotion"},{"floor":14,"key":"Energy Potion"}],"is_trial":false,"path_per_floor":["M","?","$","?","$","E","R","E","T","R","M","E","M","M","R","B"],"character_chosen":"IRONCLAD","items_purchased":[],"campfire_rested":1,"item_purchase_floors":[],"current_hp_per_floor":[80,47,47,40,40,46,46,52,52,52,55,36,42,30,54,0],"gold":113,"neow_bonus":"THREE_ENEMY_KILL","is_prod":false,"is_daily":false,"chose_seed":false,"campfire_upgraded":2,"win_rate":0,"timestamp":1569509213,"path_taken":["M","?","$","?","?","E","R","E","T","R","M","E","?","M","R","BOSS"],"build_version":"2019-07-17","purchased_purges":1,"victory":false,"max_hp_per_floor":[80,80,80,80,80,80,80,80,80,80,80,80,80,80,80,80],"card_choices":[{"not_picked":["Feel No Pain","Armaments"],"picked":"Headbutt","floor":1},{"not_picked":["Clash","Infernal Blade"],"picked":"Flame Barrier","floor":6},{"not_picked":["Flex","Immolate"],"picked":"True Grit","floor":8},{"not_picked":["Iron Wave","Heavy Blade"],"picked":"Metallicize","floor":11},{"not_picked":["Heavy Blade","Twin Strike"],"picked":"Iron Wave","floor":12},{"not_picked":["Armaments","Double Tap"],"picked":"Disarm","floor":13},{"not_picked":["Bloodletting","Pummel"],"picked":"Shrug It Off","floor":14}],"player_experience":361845,"relics_obtained":[{"floor":6,"key":"Potion Belt"},{"floor":8,"key":"Whetstone"},{"floor":9,"key":"Letter Opener"},{"floor":12,"key":"Bag of Marbles"}],"event_choices":[{"damage_healed":0,"gold_gain":0,"player_choice":"Success","damage_taken":33,"relics_obtained":["Dodecahedron"],"max_hp_gain":0,"max_hp_loss":0,"event_name":"Scrap Ooze","floor":2,"gold_loss":0},{"cards_removed":["Strike_R"],"damage_healed":0,"gold_gain":0,"player_choice":"Card Removal","damage_taken":7,"max_hp_gain":0,"max_hp_loss":0,"event_name":"Golden Wing","floor":4,"gold_loss":0}],"is_beta":false,"boss_relics":[],"items_purged_floors":[3],"is_endless":false,"potions_floor_spawned":[1,8,12,14],"killed_by":"The Guardian","ascension_level":5}