{"gold_per_floor":[119,69,81,98,115,115,144,158,232,232,244,14,14,39,39,141,141,156,173,193,193,15,15,44,74,86,98,121,133,177,209,221,335,347,375,68,83,0,20,20,39,64,64,74,94,129,129,139,139,139,139,139,64,89,89],"floor_reached":56,"playtime":2781,"items_purged":["Strike_G","Strike_G","Strike_G"],"score":1720,"play_id":"37b92b3a-616c-42ef-80dd-9dc3c1263246","local_time":"20190908100832","is_ascension_mode":true,"campfire_choices":[{"data":"Noxious Fumes","floor":6,"key":"SMITH"},{"data":"Crippling Poison","floor":10,"key":"SMITH"},{"data":"Deadly Poison","floor":15,"key":"SMITH"},{"data":"Catalyst","floor":23,"key":"SMITH"},{"data":"Neutralize","floor":27,"key":"SMITH"},{"data":"Catalyst","floor":32,"key":"SMITH"},{"data":"Well Laid Plans","floor":40,"key":"SMITH"},{"floor":47,"key":"RECALL"},{"data":"Acrobatics","floor":49,"key":"SMITH"},{"floor":52,"key":"REST"}],"neow_cost":"NONE","seed_source_timestamp":2075698285515400,"circlet_count":0,"master_deck":["AscendersBane","Strike_G+1","Defend_G","Defend_G","Defend_G+1","Defend_G","Survivor","Neutralize+1","Noxious Fumes+1","Cloak And Dagger","Deadly Poison+1","Crippling Poison+1","Adrenaline","All Out Attack","Acrobatics+1","Corpse Explosion","Catalyst+1","Crippling Poison","Deflect","Backstab","Calculated Gamble","Catalyst+1","PiercingWail","Setup+1","PiercingWail","Bullet Time","Well Laid Plans+1","Backflip","Footwork","Prepared+1"],"relics":["Ring of the Snake","Blood Vial","Meat on the Bone","Bag of Preparation","Mango","Orrery","MawBank","Lantern","Pen Nib","Sozu","Bronze Scales","Red Mask","Shuriken","Ninja Scroll","Bird Faced Urn"],"potions_floor_usage":[18,24,54,55,55],"damage_taken":[{"damage":0,"enemies":"Jaw Worm","floor":1,"turns":6},{"damage":0,"enemies":"2 Louse","floor":3,"turns":5},{"damage":2,"enemies":"Cultist","floor":4,"turns":4},{"damage":11,"enemies":"Large Slime","floor":5,"turns":6},{"damage":12,"enemies":"Lagavulin","floor":7,"turns":7},{"damage":5,"enemies":"Blue Slaver","floor":8,"turns":4},{"damage":4,"enemies":"Lots of Slimes","floor":11,"turns":2},{"damage":18,"enemies":"Gremlin Nob","floor":14,"turns":4},{"damage":2,"enemies":"Hexaghost","floor":16,"turns":8},{"damage":0,"enemies":"Chosen","floor":18,"turns":5},{"damage":2,"enemies":"3 Byrds","floor":19,"turns":3},{"damage":15,"enemies":"Centurion and Healer","floor":20,"turns":5},{"damage":14,"enemies":"Book of Stabbing","floor":24,"turns":3},{"damage":6,"enemies":"3 Cultists","floor":25,"turns":3},{"damage":0,"enemies":"Cultist and Chosen","floor":28,"turns":3},{"damage":13,"enemies":"Gremlin Leader","floor":30,"turns":4},{"damage":7,"enemies":"Snecko","floor":31,"turns":4},{"damage":24,"enemies":"Collector","floor":33,"turns":4},{"damage":0,"enemies":"3 Darklings","floor":35,"turns":2},{"damage":8,"enemies":"Orb Walker","floor":37,"turns":2},{"damage":11,"enemies":"Transient","floor":39,"turns":5},{"damage":24,"enemies":"Spire Growth","floor":41,"turns":4},{"damage":17,"enemies":"Reptomancer","floor":42,"turns":4},{"damage":13,"enemies":"Sphere and 2 Shapes","floor":44,"turns":3},{"damage":0,"enemies":"Maw","floor":45,"turns":4},{"damage":10,"enemies":"Nemesis","floor":46,"turns":5},{"damage":0,"enemies":"4 Shapes","floor":48,"turns":4},{"damage":40,"enemies":"Time Eater","floor":50,"turns":6},{"damage":33,"enemies":"Shield and Spear","floor":54,"turns":5},{"damage":19,"enemies":"The Heart","floor":55,"turns":6}],"seed_played":"-8468678450249367494","potions_obtained":[{"floor":4,"key":"Explosive Potion"},{"floor":5,"key":"EssenceOfSteel"},{"floor":14,"key":"PowerPotion"},{"floor":18,"key":"FearPotion"},{"floor":19,"key":"Energy Potion"},{"floor":20,"key":"Block Potion"},{"floor":28,"key":"SkillPotion"},{"floor":30,"key":"GhostInAJar"}],"is_trial":false,"path_per_floor":["M","?","M","M","M","R","E","M","T","R","M","$","?","E","R","B",null,"M","M","M","?","$","R","E","M","T","R","M","?","E","M","R","B",null,"M","$","M","?","M","R","M","E","T","M","M","E","R","M","R","B",null,"R","$","E","B",null],"character_chosen":"THE_SILENT","items_purchased":["Bag of Preparation","Catalyst","Well Laid Plans","Bronze Scales","Footwork"],"campfire_rested":1,"item_purchase_floors":[12,22,36,36,53],"current_hp_per_floor":[63,63,63,61,50,50,38,35,35,35,45,45,31,41,41,53,76,78,78,65,65,65,65,53,49,49,49,51,51,52,47,47,37,72,74,74,68,68,59,59,49,46,46,47,49,53,53,55,55,29,70,84,84,51,54],"gold":89,"neow_bonus":"REMOVE_CARD","is_prod":false,"is_daily":false,"chose_seed":false,"campfire_upgraded":8,"win_rate":0,"timestamp":1567933712,"path_taken":["M","?","M","M","M","R","E","M","T","R","M","$","?","E","R","BOSS","M","M","M","?","$","R","E","?","T","R","M","?","E","M","R","BOSS","M","$","M","?","M","R","M","E","T","M","M","E","R","M","R","BOSS","R","$","E","BOSS"],"build_version":"2019-07-17","purchased_purges":3,"victory":true,"max_hp_per_floor":[70,70,70,70,70,70,70,70,70,70,70,70,70,84,84,84,84,84,84,84,84,84,84,84,84,84,84,84,84,84,84,84,84,84,84,84,84,84,84,84,84,84,84,84,84,84,84,84,84,84,84,84,84,84,84],"card_choices":[{"not_picked":["Sucker Punch","Blade Dance"],"picked":"Noxious Fumes","floor":1},{"not_picked":["Dodge and Roll","Blade Dance"],"picked":"Cloak And Dagger","floor":3},{"not_picked":["Dagger Spray","Backflip"],"picked":"Deadly Poison","floor":4},{"not_picked":["Quick Slash","Acrobatics"],"picked":"Crippling Poison","floor":5},{"not_picked":["Backflip","Infinite Blades"],"picked":"Adrenaline","floor":7},{"not_picked":["Deflect","Underhanded Strike"],"picked":"All Out Attack","floor":8},{"not_picked":["Prepared","Heel Hook"],"picked":"Acrobatics","floor":11},{"not_picked":["Accuracy","Underhanded Strike","Deflect"],"picked":"SKIP","floor":14},{"not_picked":["Phantasmal Killer","Glass Knife"],"picked":"Corpse Explosion","floor":16},{"not_picked":["Dagger Throw","Well Laid Plans"],"picked":"Catalyst","floor":17},{"not_picked":["Sucker Punch","Cloak And Dagger"],"picked":"Crippling Poison","floor":17},{"not_picked":["Finisher+1","Bane"],"picked":"Deflect","floor":18},{"not_picked":["Cloak And Dagger","Escape Plan"],"picked":"Backstab","floor":19},{"not_picked":["Storm of Steel","Skewer+1"],"picked":"Calculated Gamble","floor":20},{"not_picked":["Quick Slash","Cloak And Dagger"],"picked":"PiercingWail","floor":24},{"not_picked":["Backflip","Blade Dance+1"],"picked":"Setup+1","floor":25},{"not_picked":["Dagger Spray+1","Deadly Poison","Accuracy+1"],"picked":"SKIP","floor":28},{"not_picked":["Sucker Punch","Choke","Outmaneuver"],"picked":"SKIP","floor":30},{"not_picked":["Finisher","Phantasmal Killer","Infinite Blades"],"picked":"SKIP","floor":31},{"not_picked":["Phantasmal Killer","Grand Finale"],"picked":"Bullet Time","floor":33},{"not_picked":["Quick Slash+1","Bane+1","Masterful Stab"],"picked":"SKIP","floor":35},{"not_picked":["Infinite Blades","Underhanded Strike","Dodge and Roll"],"picked":"SKIP","floor":37},{"not_picked":["Accuracy+1","Poisoned Stab"],"picked":"Backflip","floor":39},{"not_picked":["Concentrate","Finisher","Backstab"],"picked":"SKIP","floor":41},{"not_picked":["Sucker Punch+1","Dagger Throw+1","Tactician+1"],"picked":"SKIP","floor":42},{"not_picked":["Grand Finale","Poisoned Stab","Sucker Punch"],"picked":"SKIP","floor":44},{"not_picked":["Dagger Spray+1","Backflip","Bane"],"picked":"SKIP","floor":45},{"not_picked":["Phantasmal Killer","Tactician+1","Crippling Poison"],"picked":"SKIP","floor":46},{"not_picked":["Blade Dance+1","Terror","Sucker Punch"],"picked":"SKIP","floor":48},{"not_picked":["Sucker Punch","Riddle With Holes+1"],"picked":"Prepared+1","floor":54}],"player_experience":1913890,"relics_obtained":[{"floor":7,"key":"Blood Vial"},{"floor":9,"key":"Meat on the Bone"},{"floor":14,"key":"Mango"},{"floor":24,"key":"MawBank"},{"floor":26,"key":"Lantern"},{"floor":30,"key":"Pen Nib"},{"floor":42,"key":"Shuriken"},{"floor":46,"key":"Ninja Scroll"},{"floor":54,"key":"Bird Faced Urn"}],"event_choices":[{"cards_removed":["Strike_G"],"damage_healed":0,"gold_gain":0,"player_choice":"Card Removal","damage_taken":0,"max_hp_gain":0,"max_hp_loss":0,"event_name":"The Cleric","floor":2,"gold_loss":50},{"damage_healed":0,"gold_gain":0,"player_choice":"Entered Light","damage_taken":14,"max_hp_gain":0,"max_hp_loss":0,"event_name":"Shining Light","floor":13,"gold_loss":0,"cards_upgraded":["Strike_G","Defend_G"]},{"damage_healed":0,"gold_gain":0,"player_choice":"Ignored","damage_taken":0,"max_hp_gain":0,"max_hp_loss":0,"event_name":"NoteForYourself","floor":21,"gold_loss":0},{"damage_healed":0,"gold_gain":0,"player_choice":"Read","damage_taken":0,"max_hp_gain":0,"max_hp_loss":0,"event_name":"The Library","floor":29,"gold_loss":0,"cards_obtained":["PiercingWail"]},{"damage_healed":0,"gold_gain":0,"player_choice":"Paid","damage_taken":0,"relics_obtained":["Red Mask"],"max_hp_gain":0,"max_hp_loss":0,"event_name":"Tomb of Lord Red Mask","floor":38,"gold_loss":83}],"is_beta":false,"boss_relics":[{"not_picked":["HoveringKite","Calling Bell"],"picked":"Orrery"},{"not_picked":["Pandora\u0027s Box","Eternal Feather"],"picked":"Sozu"}],"items_purged_floors":[12,22,36],"is_endless":false,"potions_floor_spawned":[4,5,14,16,18,19,20,28,30,39,44,45,46],"ascension_level":10}