{"gold_per_floor":[19,29,29,29,29,29,41,53,106,138,157,157,190,190,190,295,295,310,326,251,351,364,364,395,395,395,424,424,120,135,151,151,246,246,261,261,278,35,54,83,83,118,130,157,197,226,238,261,273,285,297,309,41,76,76],"floor_reached":56,"playtime":2113,"items_purged":["Strike_R","Pain","Defend_R"],"score":1492,"play_id":"6d91db58-e172-4743-a91a-0452ac7489f4","local_time":"20190930001424","is_ascension_mode":true,"campfire_choices":[{"data":"Bash","floor":6.0,"key":"SMITH"},{"data":"Flame Barrier","floor":12.0,"key":"SMITH"},{"data":"Demon Form","floor":15.0,"key":"SMITH"},{"data":"Shockwave","floor":23.0,"key":"SMITH"},{"data":"Shrug It Off","floor":25.0,"key":"SMITH"},{"data":"Shrug It Off","floor":28.0,"key":"SMITH"},{"data":"Seeing Red","floor":32,"key":"SMITH"},{"floor":47,"key":"RECALL"},{"floor":49,"key":"REST"},{"floor":52,"key":"REST"}],"neow_cost":"NO_GOLD","seed_source_timestamp":111505693622800,"circlet_count":0,"master_deck":["Defend_R","Bash+1","Anger","Shrug It Off+1","Twin Strike","Flame Barrier+1","Shockwave+1","Demon Form+1","Brutality","Flex+1","Feed+1","Clash+1","Shrug It Off+1","Metallicize+1","Seeing Red+1","Bloodletting+1","Reaper","Whirlwind+1","Battle Trance+1","Pommel Strike+1","Reaper+1"],"special_seed":0,"relics":["Burning Blood","Ice Cream","PreservedInsect","Centennial Puzzle","Art of War","Astrolabe","Red Skull","Sundial","Bag of Preparation","Strange Spoon","Fusion Hammer","WarpedTongs","Frozen Eye","Bottled Lightning","MawBank","Molten Egg 2","Ornamental Fan"],"potions_floor_usage":[31,55,55,55,55,55,55],"damage_taken":[{"damage":1.0,"enemies":"Cultist","floor":1.0,"turns":3.0},{"damage":8.0,"enemies":"Jaw Worm","floor":2.0,"turns":3.0},{"damage":0.0,"enemies":"Small Slimes","floor":7.0,"turns":3.0},{"damage":10.0,"enemies":"Looter","floor":8.0,"turns":3.0},{"damage":6.0,"enemies":"3 Sentries","floor":10.0,"turns":7.0},{"damage":0.0,"enemies":"Large Slime","floor":11.0,"turns":4.0},{"damage":0.0,"enemies":"Lagavulin","floor":13.0,"turns":4.0},{"damage":0.0,"enemies":"Gremlin Gang","floor":14.0,"turns":1.0},{"damage":14.0,"enemies":"Hexaghost","floor":16.0,"turns":6.0},{"damage":1.0,"enemies":"Shell Parasite","floor":18.0,"turns":3.0},{"damage":8.0,"enemies":"3 Byrds","floor":19.0,"turns":5.0},{"damage":1.0,"enemies":"Snecko","floor":22.0,"turns":4.0},{"damage":7.0,"enemies":"Slavers","floor":24.0,"turns":5.0},{"damage":4.0,"enemies":"Gremlin Leader","floor":27.0,"turns":7.0},{"damage":4,"enemies":"Snake Plant","floor":30,"turns":5},{"damage":7,"enemies":"Chosen and Byrds","floor":31,"turns":5},{"damage":29,"enemies":"Collector","floor":33,"turns":7},{"damage":13,"enemies":"Orb Walker","floor":35,"turns":5},{"damage":0,"enemies":"3 Shapes","floor":37,"turns":2},{"damage":8,"enemies":"Spire Growth","floor":39,"turns":3},{"damage":10,"enemies":"Reptomancer","floor":40,"turns":5},{"damage":3,"enemies":"Giant Head","floor":42,"turns":4},{"damage":11,"enemies":"Sphere and 2 Shapes","floor":44,"turns":4},{"damage":3,"enemies":"Reptomancer","floor":45,"turns":3},{"damage":9,"enemies":"Maw","floor":46,"turns":7},{"damage":3,"enemies":"4 Shapes","floor":48,"turns":1},{"damage":38,"enemies":"Donu and Deca","floor":50,"turns":6},{"damage":25,"enemies":"Shield and Spear","floor":54,"turns":3},{"damage":94,"enemies":"The Heart","floor":55,"turns":8}],"seed_played":"9161641737974001629","potions_obtained":[{"floor":2.0,"key":"SmokeBomb"},{"floor":11.0,"key":"Energy Potion"},{"floor":13.0,"key":"LiquidBronze"},{"floor":16.0,"key":"HeartOfIron"},{"floor":22.0,"key":"FearPotion"},{"floor":24.0,"key":"Explosive Potion"},{"floor":31,"key":"EssenceOfSteel"},{"floor":35,"key":"Swift Potion"},{"floor":46,"key":"LiquidBronze"},{"floor":48,"key":"EntropicBrew"}],"is_trial":false,"path_per_floor":["M","M","?","$","?","R","M","M","T","E","M","R","E","M","R","B",null,"M","M","?","?","M","R","E","R","T","E","R","$","M","M","R","B",null,"M","?","M","$","M","E","$","E","T","M","E","M","R","M","R","B",null,"R","$","E","B",null],"character_chosen":"IRONCLAD","items_purchased":["Seeing Red","Strange Spoon","Frozen Eye","Reaper+1"],"campfire_rested":2,"item_purchase_floors":[29,29,38,53],"current_hp_per_floor":[80,78,78,78,71,71,77,73,73,73,79,79,80,80,80,72,80,84,86,86,86,92,92,95,95,95,100,100,100,104,107,107,84,108,112,112,116,116,116,116,116,119,119,118,121,128,128,128,128,121,132,132,132,132,82],"gold":76,"neow_bonus":"ONE_RARE_RELIC","is_prod":false,"is_daily":false,"chose_seed":false,"campfire_upgraded":7,"win_rate":0,"timestamp":1569798864,"path_taken":["M","M","?","$","?","R","M","M","T","E","M","R","E","M","R","BOSS","M","M","?","?","M","R","E","R","T","E","R","$","M","M","R","BOSS","M","?","M","$","M","E","?","E","T","M","E","M","R","M","R","BOSS","R","$","E","BOSS"],"build_version":"2019-09-27","purchased_purges":3,"victory":true,"max_hp_per_floor":[80,80,80,80,80,80,80,80,80,80,80,80,80,80,80,80,80,84,88,88,88,92,92,96,96,96,100,100,100,104,108,108,108,108,112,112,116,116,116,120,120,120,120,124,124,128,128,128,128,132,132,132,132,132,136],"card_choices":[{"not_picked":["Clash","Havoc"],"picked":"Anger","floor":1.0},{"not_picked":["Clash","Sword Boomerang"],"picked":"Shrug It Off","floor":2.0},{"not_picked":["Warcry","Anger"],"picked":"Twin Strike","floor":7.0},{"not_picked":["Battle Trance","Sword Boomerang"],"picked":"Flame Barrier","floor":8.0},{"not_picked":["Twin Strike","Heavy Blade","Anger"],"picked":"SKIP","floor":10.0},{"not_picked":["Flex","Iron Wave"],"picked":"Shockwave","floor":11.0},{"not_picked":["Thunderclap","Second Wind"],"picked":"Demon Form","floor":13.0},{"not_picked":["Demon Form","Juggernaut"],"picked":"Brutality","floor":16.0},{"not_picked":["Hemokinesis+1","Second Wind"],"picked":"Shrug It Off","floor":18.0},{"not_picked":["Reckless Charge","Perfected Strike","Anger"],"picked":"SKIP","floor":19.0},{"not_picked":["Rupture","Carnage+1"],"picked":"Metallicize+1","floor":22.0},{"not_picked":["Wild Strike","Pommel Strike+1","Iron Wave+1"],"picked":"SKIP","floor":24.0},{"not_picked":["Burning Pact","Searing Blow","Rage"],"picked":"SKIP","floor":27.0},{"not_picked":["Anger","Flex+1"],"picked":"Bloodletting+1","floor":30},{"not_picked":["Clash+1","Pommel Strike","Sentinel"],"picked":"SKIP","floor":31},{"not_picked":["Feed","Limit Break"],"picked":"Reaper","floor":33},{"not_picked":["Flex","Iron Wave"],"picked":"Whirlwind+1","floor":35},{"not_picked":["Reckless Charge+1","Sword Boomerang","Infernal Blade"],"picked":"SKIP","floor":37},{"not_picked":["Wild Strike+1","Iron Wave+1"],"picked":"Battle Trance+1","floor":39},{"not_picked":["Burning Pact","Reckless Charge+1","Havoc"],"picked":"SKIP","floor":40},{"not_picked":["Reaper","Sever Soul+1","Evolve+1"],"picked":"SKIP","floor":42},{"not_picked":["True Grit","Rupture"],"picked":"Pommel Strike+1","floor":44},{"not_picked":["Flex","Body Slam+1","Inflame+1"],"picked":"SKIP","floor":45},{"not_picked":["Hemokinesis+1","Infernal Blade","True Grit"],"picked":"SKIP","floor":46},{"not_picked":["Shrug It Off","Cleave+1","Iron Wave+1"],"picked":"SKIP","floor":48},{"not_picked":["Cleave+1","Sever Soul+1","Infernal Blade+1"],"picked":"SKIP","floor":54}],"player_experience":1588954,"relics_obtained":[{"floor":9.0,"key":"PreservedInsect"},{"floor":10.0,"key":"Centennial Puzzle"},{"floor":13.0,"key":"Art of War"},{"floor":24.0,"key":"Red Skull"},{"floor":26.0,"key":"Sundial"},{"floor":27.0,"key":"Bag of Preparation"},{"floor":40,"key":"Bottled Lightning"},{"floor":42,"key":"MawBank"},{"floor":45,"key":"Molten Egg 2"},{"floor":54,"key":"Ornamental Fan"}],"event_choices":[{"cards_removed":["Strike_R"],"damage_healed":0.0,"max_hp_gain":0.0,"max_hp_loss":0.0,"gold_gain":0.0,"event_name":"Living Wall","player_choice":"Forget","floor":3.0,"gold_loss":0.0,"damage_taken":0.0},{"cards_removed":["Defend_R"],"damage_healed":0.0,"max_hp_gain":0.0,"max_hp_loss":0.0,"gold_gain":0.0,"event_name":"Golden Wing","player_choice":"Card Removal","floor":5.0,"gold_loss":0.0,"damage_taken":7.0},{"cards_removed":["Defend_R"],"damage_healed":0.0,"max_hp_gain":0.0,"max_hp_loss":0.0,"gold_gain":0.0,"event_name":"Beggar","player_choice":"Gave Gold","floor":20.0,"gold_loss":75.0,"damage_taken":0.0},{"damage_healed":0.0,"max_hp_gain":0.0,"max_hp_loss":0.0,"gold_gain":100.0,"event_name":"Golden Shrine","player_choice":"Pray","floor":21.0,"gold_loss":0.0,"damage_taken":0.0},{"damage_healed":0,"gold_gain":0,"player_choice":"Rummage","damage_taken":0,"relics_obtained":["WarpedTongs"],"max_hp_gain":0,"max_hp_loss":0,"event_name":"Accursed Blacksmith","floor":36,"gold_loss":0,"cards_obtained":["Pain"]}],"is_beta":true,"boss_relics":[{"not_picked":["Pandora\u0027s Box","Mark of Pain"],"picked":"Astrolabe"},{"not_picked":["Black Blood","Tiny House"],"picked":"Fusion Hammer"}],"items_purged_floors":[29,38,53],"is_endless":false,"potions_floor_spawned":[2,11,13,16,22,24,27,31,33,35,42,44,46,48],"ascension_level":1}