{"gold_per_floor":[219,233,247,267,286,286,302,315,315,329,342,11,11,31,31,128,128,139,156,156,156,56,56,56,56,127,139,139,139,14,25,25,121,121,137,537,194,214,214,214,225,80,105,123,123,123,123,56,56,56],"floor_reached":51,"playtime":8684,"items_purged":["Strike_R","Strike_R","Defend_R","Bloodletting+1"],"score":636,"play_id":"d2f7258d-36bb-46ed-8dd4-be73efe4ca1e","local_time":"20191024172942","is_ascension_mode":false,"campfire_choices":[{"data":"Clothesline","floor":6.0,"key":"SMITH"},{"data":"Bash","floor":13.0,"key":"SMITH"},{"data":"Rampage","floor":15.0,"key":"SMITH"},{"floor":24.0,"key":"REST"},{"data":"Demon Form","floor":29.0,"key":"SMITH"},{"data":"Clothesline","floor":32.0,"key":"SMITH"},{"data":"Chrysalis","floor":40.0,"key":"SMITH"},{"floor":45.0,"key":"REST"},{"data":"Shrug It Off","floor":47.0,"key":"SMITH"},{"floor":49.0,"key":"REST"}],"neow_cost":"NONE","seed_source_timestamp":327959427346200,"circlet_count":0,"master_deck":["Strike_R","Strike_R","Defend_R","Defend_R","Defend_R","Bash+1","Clothesline+1","Rampage+1","Shrug It Off+1","Clothesline+1","Reaper","Offering","Reaper","Shrug It Off","Demon Form+1","Clothesline","Shrug It Off","Pummel+1","Warcry","Double Tap","Reckless Charge+1","Spot Weakness+1","Secret Technique","Rampage+1","Chrysalis+1","Dual Wield+1","Offering"],"special_seed":0,"relics":["Burning Blood","Mercury Hourglass","DollysMirror","Velvet Choker","Omamori","MutagenicStrength","Bottled Tornado","Astrolabe","Old Coin","Juzu Bracelet","Blood Vial"],"potions_floor_usage":[50],"damage_taken":[{"damage":1.0,"enemies":"Cultist","floor":1.0,"turns":4.0},{"damage":1.0,"enemies":"2 Louse","floor":2.0,"turns":3.0},{"damage":5.0,"enemies":"Jaw Worm","floor":3.0,"turns":4.0},{"damage":19.0,"enemies":"2 Fungi Beasts","floor":4.0,"turns":4.0},{"damage":13.0,"enemies":"3 Louse","floor":5.0,"turns":4.0},{"damage":8.0,"enemies":"Large Slime","floor":7.0,"turns":5.0},{"damage":9.0,"enemies":"Exordium Wildlife","floor":8.0,"turns":4.0},{"damage":9.0,"enemies":"Looter","floor":10.0,"turns":4.0},{"damage":0.0,"enemies":"2 Fungi Beasts","floor":11.0,"turns":3.0},{"damage":3.0,"enemies":"Exordium Wildlife","floor":14.0,"turns":5.0},{"damage":44.0,"enemies":"The Guardian","floor":16.0,"turns":11.0},{"damage":11.0,"enemies":"Chosen","floor":18.0,"turns":5.0},{"damage":28.0,"enemies":"2 Thieves","floor":19.0,"turns":5.0},{"damage":40.0,"enemies":"Slavers","floor":23.0,"turns":4.0},{"damage":35.0,"enemies":"Centurion and Healer","floor":27.0,"turns":7.0},{"damage":14.0,"enemies":"3 Cultists","floor":31.0,"turns":4.0},{"damage":86.0,"enemies":"Champ","floor":33.0,"turns":13.0},{"damage":22.0,"enemies":"Orb Walker","floor":35.0,"turns":3.0},{"damage":2.0,"enemies":"Mind Bloom Boss Battle","floor":36.0,"turns":6.0},{"damage":52.0,"enemies":"3 Darklings","floor":38.0,"turns":5.0},{"damage":34.0,"enemies":"Writhing Mass","floor":41.0,"turns":6.0},{"damage":12.0,"enemies":"Maw","floor":44.0,"turns":6.0},{"damage":132,"enemies":"Donu and Deca","floor":50,"turns":9}],"seed_played":"-7540862465978202495","potions_obtained":[{"floor":3.0,"key":"Poison Potion"},{"floor":4.0,"key":"SpeedPotion"},{"floor":7.0,"key":"AttackPotion"},{"floor":10.0,"key":"PowerPotion"},{"floor":11.0,"key":"PowerPotion"},{"floor":18.0,"key":"SmokeBomb"},{"floor":27.0,"key":"SkillPotion"},{"floor":33.0,"key":"BloodPotion"},{"floor":35.0,"key":"Fire Potion"},{"floor":41.0,"key":"Weak Potion"}],"is_trial":false,"path_per_floor":["M","M","M","M","M","R","M","M","T","M","M","$","R","M","R","B",null,"M","M","?","?","$","E","R","?","T","M","?","R","$","M","R","B",null,"M","?","$","M","?","R","M","$","T","M","R","?","R","$","R","B",null],"character_chosen":"IRONCLAD","items_purchased":["DollysMirror","Shrug It Off","Secret Technique","Juzu Bracelet","Offering"],"campfire_rested":3,"item_purchase_floors":[12,12,37,42,48],"current_hp_per_floor":[80,80,80,67,60,60,58,55,55,56,70,70,70,77,77,57,80,80,62,62,62,62,40,64,64,64,77,62,62,62,75,75,27,85,76,85,85,73,73,73,45,45,45,41,66,66,66,66,85,64],"gold":56,"neow_bonus":"HUNDRED_GOLD","is_prod":false,"is_daily":false,"chose_seed":false,"campfire_upgraded":7,"win_rate":0,"timestamp":1571959782,"path_taken":["M","?","M","M","M","R","M","M","T","M","M","$","R","M","R","BOSS","M","M","?","?","$","E","R","?","T","M","?","R","$","M","R","BOSS","M","?","$","M","?","R","M","?","T","M","R","?","R","?","R","BOSS"],"build_version":"2019-07-17","purchased_purges":4,"victory":true,"max_hp_per_floor":[80,80,80,80,80,80,80,80,80,80,80,80,80,80,80,80,80,80,80,80,80,80,80,80,80,80,80,85,85,85,85,85,85,85,85,85,85,85,85,85,85,85,85,85,85,85,85,85,85,85],"card_choices":[{"not_picked":["Iron Wave","Perfected Strike","Headbutt"],"picked":"SKIP","floor":1.0},{"not_picked":["Fire Breathing","Inflame"],"picked":"Clothesline","floor":2.0},{"not_picked":["Heavy Blade","Rage"],"picked":"Rampage","floor":3.0},{"not_picked":["Headbutt","Thunderclap"],"picked":"Shrug It Off","floor":4.0},{"not_picked":["Twin Strike","Flex"],"picked":"Clothesline","floor":5.0},{"not_picked":["Bloodletting","Wild Strike"],"picked":"Sentinel","floor":7.0},{"not_picked":["Wild Strike","Heavy Blade"],"picked":"Reaper","floor":8.0},{"not_picked":["Cleave","Flex","Thunderclap"],"picked":"SKIP","floor":10.0},{"not_picked":["Blood for Blood","Armaments"],"picked":"Offering","floor":11.0},{"not_picked":["Sword Boomerang","Pommel Strike","Headbutt"],"picked":"SKIP","floor":14.0},{"not_picked":["Impervious","Feed"],"picked":"Demon Form","floor":16.0},{"not_picked":["Anger+1","Clash"],"picked":"Clothesline","floor":18.0},{"not_picked":["Disarm+1","Clash+1"],"picked":"Shrug It Off","floor":19.0},{"not_picked":["Rupture","Body Slam"],"picked":"Pummel+1","floor":27.0},{"not_picked":["Thunderclap","Sword Boomerang"],"picked":"Warcry","floor":31.0},{"not_picked":["Immolate","Juggernaut"],"picked":"Double Tap","floor":33.0},{"not_picked":["Twin Strike","Sword Boomerang+1","Dropkick+1"],"picked":"SKIP","floor":35.0},{"not_picked":["Twin Strike","Armaments+1"],"picked":"Rampage+1","floor":38.0},{"not_picked":["Secret Weapon","Dramatic Entrance"],"picked":"Chrysalis","floor":39.0},{"not_picked":["Thunderclap+1","Cleave"],"picked":"Feel No Pain+1","floor":41.0},{"not_picked":["Warcry+1","Body Slam"],"picked":"Dual Wield+1","floor":44.0}],"player_experience":459386,"relics_obtained":[{"floor":9.0,"key":"Mercury Hourglass"},{"floor":26.0,"key":"Bottled Tornado"},{"floor":36.0,"key":"Old Coin"},{"floor":43.0,"key":"Blood Vial"}],"event_choices":[{"damage_healed":0.0,"max_hp_gain":0.0,"max_hp_loss":0.0,"gold_gain":0.0,"event_name":"The Mausoleum","player_choice":"Opened","floor":20.0,"gold_loss":0.0,"damage_taken":0.0,"relics_obtained":["Omamori"]},{"damage_healed":0.0,"max_hp_gain":0.0,"max_hp_loss":0.0,"gold_gain":0.0,"event_name":"The Library","player_choice":"Read","floor":21.0,"gold_loss":0.0,"damage_taken":0.0,"cards_obtained":["Entrench"]},{"damage_healed":0.0,"max_hp_gain":0.0,"max_hp_loss":0.0,"gold_gain":0.0,"event_name":"Drug Dealer","player_choice":"Inject Mutagens","floor":25.0,"gold_loss":0.0,"damage_taken":0.0,"relics_obtained":["MutagenicStrength"]},{"damage_healed":0.0,"max_hp_gain":5.0,"max_hp_loss":0.0,"gold_gain":0.0,"event_name":"Forgotten Altar","player_choice":"Shed Blood","floor":28.0,"gold_loss":0.0,"damage_taken":20.0},{"damage_healed":0.0,"max_hp_gain":0.0,"max_hp_loss":0.0,"gold_gain":0.0,"event_name":"MindBloom","player_choice":"Fight","floor":36.0,"gold_loss":0.0,"damage_taken":0.0},{"damage_healed":0.0,"max_hp_gain":0.0,"max_hp_loss":0.0,"gold_gain":0.0,"event_name":"SensoryStone","player_choice":"Memory 1","floor":39.0,"gold_loss":0.0,"damage_taken":0.0},{"cards_removed":["Feel No Pain"],"damage_healed":0.0,"max_hp_gain":0.0,"max_hp_loss":0.0,"gold_gain":0.0,"event_name":"Falling","player_choice":"Removed Power","floor":46.0,"gold_loss":0.0,"damage_taken":0.0}],"is_beta":false,"boss_relics":[{"not_picked":["Calling Bell","Eternal Feather"],"picked":"Velvet Choker"},{"not_picked":["Lizard Tail","Mark of Pain"],"picked":"Astrolabe"}],"items_purged_floors":[12,22,30,37],"is_endless":false,"potions_floor_spawned":[3,4,7,10,11,18,23,27,33,35,41],"ascension_level":0}