{"gold_per_floor":[15,33,33,49,60,60,76,76,131,131,144,144,177,102,102,204,204,218,237,250,250,6,39,39,39,39,39,52,78,91,91,91,187,187,205,218,218,241,251,266,243,261,261,261,281,307,325,85,85,85,85,85,25,58,58],"floor_reached":56,"playtime":2401,"items_purged":["Strike_R","Strike_R","Sword Boomerang+1"],"score":1373,"play_id":"6f42c2a8-e601-4068-b660-475ad251bd71","local_time":"20190523231422","is_ascension_mode":false,"campfire_choices":[{"data":"Armaments","floor":6,"key":"SMITH"},{"data":"Carnage","floor":8,"key":"SMITH"},{"data":"Juggernaut","floor":15,"key":"SMITH"},{"data":"Pommel Strike","floor":24,"key":"SMITH"},{"data":"Barricade","floor":32,"key":"SMITH"},{"floor":49,"key":"RECALL"},{"data":"True Grit","floor":52,"key":"SMITH"}],"neow_cost":"NO_GOLD","seed_source_timestamp":177613786428762,"circlet_count":0,"master_deck":["Defend_R","Defend_R","Defend_R","Bash+1","Carnage+1","Armaments+1","Cleave","Juggernaut+1","Pommel Strike+1","Barricade+1","Body Slam","Uppercut","True Grit+1","Rampage+1","Sentinel","Metallicize"],"relics":["Burning Blood","Potion Belt","Anchor","Bottled Flame","Busted Crown","Membership Card","Pen Nib","Pear","Blue Candle","Runic Pyramid","Dream Catcher","Art of War","Bag of Preparation","TheAbacus","Kunai"],"potions_floor_usage":[20,23,25,36,46,46,54,55,55,55,55],"damage_taken":[{"damage":6,"enemies":"Cultist","floor":1,"turns":4},{"damage":8,"enemies":"Jaw Worm","floor":2,"turns":3},{"damage":0,"enemies":"2 Louse","floor":4,"turns":2},{"damage":4,"enemies":"Blue Slaver","floor":5,"turns":4},{"damage":5,"enemies":"Looter","floor":7,"turns":3},{"damage":0,"enemies":"2 Fungi Beasts","floor":11,"turns":3},{"damage":5,"enemies":"3 Sentries","floor":13,"turns":7},{"damage":3,"enemies":"The Guardian","floor":16,"turns":12},{"damage":16,"enemies":"Spheric Guardian","floor":18,"turns":4},{"damage":9,"enemies":"Shell Parasite","floor":19,"turns":4},{"damage":11,"enemies":"Snake Plant","floor":20,"turns":5},{"damage":14,"enemies":"Slavers","floor":23,"turns":4},{"damage":0,"enemies":"Shelled Parasite and Fungi","floor":25,"turns":1},{"damage":0,"enemies":"Snecko","floor":28,"turns":5},{"damage":13,"enemies":"Book of Stabbing","floor":29,"turns":4},{"damage":14,"enemies":"Centurion and Healer","floor":30,"turns":6},{"damage":0,"enemies":"Champ","floor":33,"turns":10},{"damage":4,"enemies":"Orb Walker","floor":35,"turns":4},{"damage":10,"enemies":"3 Darklings","floor":36,"turns":5},{"damage":4,"enemies":"Writhing Mass","floor":39,"turns":5},{"damage":0,"enemies":"Sphere and 2 Shapes","floor":40,"turns":6},{"damage":0,"enemies":"4 Shapes","floor":42,"turns":7},{"damage":0,"enemies":"Maw","floor":45,"turns":7},{"damage":24,"enemies":"Nemesis","floor":46,"turns":7},{"damage":0,"enemies":"Transient","floor":47,"turns":5},{"damage":30,"enemies":"Awakened One","floor":50,"turns":9},{"damage":37,"enemies":"Shield and Spear","floor":54,"turns":8},{"damage":67,"enemies":"The Heart","floor":55,"turns":9}],"seed_played":"-56967771921667806","potions_obtained":[{"floor":1,"key":"SmokeBomb"},{"floor":5,"key":"Energy Potion"},{"floor":11,"key":"SpeedPotion"},{"floor":18,"key":"Block Potion"},{"floor":20,"key":"SteroidPotion"},{"floor":29,"key":"SpeedPotion"},{"floor":33,"key":"PowerPotion"},{"floor":36,"key":"LiquidBronze"},{"floor":39,"key":"Energy Potion"},{"floor":47,"key":"Regen Potion"},{"floor":54,"key":"LiquidBronze"}],"is_trial":false,"path_per_floor":["M","M","?","M","M","R","M","R","T","T","M","?","E","$","R","B",null,"M","M","M","?","$","E","R","M","T","?","M","E","M","$","R","B",null,"M","M","?","T","M","M","$","M","T","?","M","E","M","$","R","B",null,"R","$","E","B",null],"character_chosen":"IRONCLAD","items_purchased":["Membership Card","True Grit","Bag of Preparation","TheAbacus","Metallicize","Energy Potion"],"campfire_rested":0,"item_purchase_floors":[22,41,48,48,53,53],"current_hp_per_floor":[80,78,71,77,79,79,80,80,80,80,80,64,65,65,65,68,80,70,67,62,62,62,54,54,60,70,70,76,69,61,61,61,67,90,90,86,86,86,88,90,90,90,90,90,90,72,78,78,78,54,90,90,90,59,13],"gold":58,"neow_bonus":"REMOVE_TWO","is_prod":false,"is_daily":false,"chose_seed":false,"campfire_upgraded":6,"win_rate":0,"timestamp":1558649662,"path_taken":["M","?","?","M","M","R","M","R","T","?","M","?","E","?","R","BOSS","M","M","M","?","$","E","R","M","T","?","M","E","M","$","R","BOSS","M","M","?","?","?","M","$","?","T","?","M","E","M","?","R","BOSS","R","$","E","BOSS"],"build_version":"2019-01-23","purchased_purges":3,"victory":true,"max_hp_per_floor":[80,80,80,80,80,80,80,80,80,80,80,80,80,80,80,80,80,80,80,80,80,80,80,80,80,90,90,90,90,90,90,90,90,90,90,90,90,90,90,90,90,90,90,90,90,90,90,90,90,90,90,90,90,90,90],"card_choices":[{"not_picked":["Disarm","Sword Boomerang"],"picked":"Carnage","floor":1},{"not_picked":["Evolve","Warcry"],"picked":"Sword Boomerang","floor":2},{"not_picked":["Heavy Blade","Rupture"],"picked":"Armaments","floor":4},{"not_picked":["Twin Strike","Sword Boomerang"],"picked":"Cleave","floor":5},{"not_picked":["Wild Strike","Pommel Strike"],"picked":"Juggernaut","floor":7},{"not_picked":["Cleave","Thunderclap","Pommel Strike"],"picked":"SKIP","floor":11},{"not_picked":["Warcry","Anger"],"picked":"Pommel Strike","floor":13},{"not_picked":["Offering","Feed"],"picked":"Barricade","floor":16},{"not_picked":["Carnage"],"picked":"SKIP","floor":18},{"not_picked":["Anger"],"picked":"SKIP","floor":19},{"not_picked":[],"picked":"Body Slam","floor":20},{"not_picked":["Flex"],"picked":"SKIP","floor":23},{"not_picked":["Flex"],"picked":"SKIP","floor":28},{"not_picked":[],"picked":"Uppercut","floor":29},{"not_picked":["Sever Soul"],"picked":"SKIP","floor":30},{"not_picked":["Clothesline+1"],"picked":"SKIP","floor":35},{"not_picked":["Feel No Pain"],"picked":"SKIP","floor":36},{"not_picked":["Armaments"],"picked":"SKIP","floor":39},{"not_picked":["Twin Strike+1"],"picked":"SKIP","floor":40},{"not_picked":[],"picked":"Rampage+1","floor":42},{"not_picked":["Headbutt+1"],"picked":"SKIP","floor":45},{"not_picked":[],"picked":"Sentinel","floor":46},{"not_picked":["Whirlwind"],"picked":"SKIP","floor":47},{"not_picked":["Armaments+1"],"picked":"SKIP","floor":54}],"player_experience":1478060,"relics_obtained":[{"floor":9,"key":"Potion Belt"},{"floor":10,"key":"Anchor"},{"floor":13,"key":"Bottled Flame"},{"floor":23,"key":"Pen Nib"},{"floor":26,"key":"Pear"},{"floor":29,"key":"Blue Candle"},{"floor":38,"key":"Dream Catcher"},{"floor":46,"key":"Art of War"},{"floor":54,"key":"Kunai"}],"event_choices":[{"cards_removed":["Strike_R"],"damage_healed":0,"gold_gain":0,"player_choice":"Card Removal","damage_taken":7,"max_hp_gain":0,"max_hp_loss":0,"event_name":"Golden Wing","floor":3,"gold_loss":0},{"damage_healed":0,"gold_gain":0,"player_choice":"Entered Light","damage_taken":16,"max_hp_gain":0,"max_hp_loss":0,"event_name":"Shining Light","floor":12,"gold_loss":0,"cards_upgraded":["Sword Boomerang","Bash"]},{"damage_healed":0,"gold_gain":0,"player_choice":"Ignored","damage_taken":0,"max_hp_gain":0,"max_hp_loss":0,"event_name":"The Mausoleum","floor":21,"gold_loss":0},{"damage_healed":0,"gold_gain":0,"player_choice":"Ignored","damage_taken":0,"max_hp_gain":0,"max_hp_loss":0,"event_name":"Ghosts","floor":27,"gold_loss":0},{"cards_removed":["Defend_R"],"damage_healed":0,"gold_gain":0,"player_choice":"Removed Skill","damage_taken":0,"max_hp_gain":0,"max_hp_loss":0,"event_name":"Falling","floor":37,"gold_loss":0},{"damage_healed":0,"gold_gain":0,"player_choice":"Ignored","damage_taken":0,"max_hp_gain":0,"max_hp_loss":0,"event_name":"Tomb of Lord Red Mask","floor":44,"gold_loss":0}],"is_beta":false,"boss_relics":[{"not_picked":["Mark of Pain","Runic Dome"],"picked":"Busted Crown"},{"not_picked":["Tiny House","Sozu"],"picked":"Runic Pyramid"}],"items_purged_floors":[14,22,48],"is_endless":false,"potions_floor_spawned":[1,5,11,18,20,25,29,33,36,39,42,47,54],"ascension_level":0}