{"gold_per_floor":[13,28,40,52,52,77,94,94,94,127,127,52,71,91,91,195,195,211,229,245,245,145,145,155,155],"floor_reached":25,"playtime":3460,"items_purged":["Defend_R","Decay"],"score":217,"play_id":"b5779b50-ae6b-4aa3-8d5c-5dfa90230f29","local_time":"20190906015653","is_ascension_mode":false,"campfire_choices":[{"floor":8,"key":"REST"},{"floor":15,"key":"REST"},{"data":"Armaments","floor":23,"key":"SMITH"}],"neow_cost":"NO_GOLD","seed_source_timestamp":8644432252500,"circlet_count":0,"master_deck":["Strike_R","Strike_R","Strike_R","Strike_R","Defend_R","Defend_R","Defend_R","Bash","Double Tap","Pommel Strike","Infernal Blade","Ghostly Armor","Battle Trance","Demon Form","Shrug It Off","Armaments+1","Armaments","Disarm","Pommel Strike","Shockwave","Offering","Cleave+1","Sword Boomerang","Dual Wield","Anger"],"relics":["Burning Blood","Dream Catcher","Shuriken","Bottled Lightning","Black Star"],"potions_floor_usage":[20,25],"damage_taken":[{"damage":6,"enemies":"Jaw Worm","floor":1,"turns":4},{"damage":4,"enemies":"Small Slimes","floor":2,"turns":4},{"damage":2,"enemies":"2 Louse","floor":3,"turns":3},{"damage":11,"enemies":"Red Slaver","floor":4,"turns":3},{"damage":31,"enemies":"Lagavulin","floor":6,"turns":10},{"damage":0,"enemies":"Exordium Wildlife","floor":7,"turns":4},{"damage":43,"enemies":"Gremlin Nob","floor":10,"turns":5},{"damage":9,"enemies":"Large Slime","floor":13,"turns":4},{"damage":22,"enemies":"Exordium Thugs","floor":14,"turns":5},{"damage":10,"enemies":"Hexaghost","floor":16,"turns":9},{"damage":39,"enemies":"3 Byrds","floor":18,"turns":12},{"damage":8,"enemies":"Shell Parasite","floor":19,"turns":8},{"damage":20,"enemies":"Snake Plant","floor":20,"turns":6},{"damage":37,"enemies":"Chosen and Byrds","floor":24,"turns":5},{"damage":42,"enemies":"Centurion and Healer","floor":25,"turns":7}],"seed_played":"-1647433148325957263","potions_obtained":[{"floor":2,"key":"BloodPotion"},{"floor":7,"key":"Poison Potion"},{"floor":14,"key":"SteroidPotion"},{"floor":16,"key":"Swift Potion"},{"floor":19,"key":"Block Potion"},{"floor":24,"key":"BloodPotion"}],"is_trial":false,"path_per_floor":["M","M","M","M","?","E","M","R","T","E","?","$","M","M","R","B",null,"M","M","M","?","$","R","M","M"],"character_chosen":"IRONCLAD","items_purchased":[],"campfire_rested":2,"item_purchase_floors":[],"current_hp_per_floor":[80,80,80,75,75,50,56,80,80,43,36,36,33,17,41,37,80,47,45,51,51,51,51,20,0],"gold":155,"neow_bonus":"THREE_RARE_CARDS","is_prod":false,"is_daily":false,"chose_seed":false,"campfire_upgraded":1,"win_rate":0.0,"timestamp":1567727813,"path_taken":["M","M","M","M","?","E","M","R","T","E","?","$","M","M","R","BOSS","M","M","M","?","$","R","M","?"],"build_version":"2019-07-17","purchased_purges":2,"victory":false,"max_hp_per_floor":[80,80,80,80,80,80,80,80,80,80,80,80,80,80,80,80,80,80,80,80,80,80,80,80,80],"card_choices":[{"not_picked":["Reaper","Bludgeon"],"picked":"Double Tap","floor":0},{"not_picked":["Anger","Iron Wave"],"picked":"Pommel Strike","floor":1},{"not_picked":["Sword Boomerang","Anger"],"picked":"Infernal Blade","floor":2},{"not_picked":["Pummel","True Grit"],"picked":"Ghostly Armor","floor":3},{"not_picked":["Second Wind","Twin Strike"],"picked":"Battle Trance","floor":4},{"not_picked":["Disarm","Reaper"],"picked":"Demon Form","floor":6},{"not_picked":["Reckless Charge","Iron Wave"],"picked":"Shrug It Off","floor":7},{"not_picked":["Twin Strike","Infernal Blade"],"picked":"Armaments","floor":8},{"not_picked":["Body Slam","Warcry"],"picked":"Armaments","floor":10},{"not_picked":["Brutality","Clothesline"],"picked":"Disarm","floor":13},{"not_picked":["Shrug It Off","Twin Strike"],"picked":"Pommel Strike","floor":14},{"not_picked":["Bludgeon","Iron Wave"],"picked":"Shockwave","floor":15},{"not_picked":["Impervious","Juggernaut"],"picked":"Offering","floor":16},{"not_picked":["Armaments","Rampage"],"picked":"Cleave+1","floor":18},{"not_picked":["Infernal Blade","Cleave"],"picked":"Sword Boomerang","floor":19},{"not_picked":["Fire Breathing","Cleave"],"picked":"Dual Wield","floor":20},{"not_picked":["Sword Boomerang","Fiend Fire"],"picked":"Anger","floor":24}],"player_experience":3274,"relics_obtained":[{"floor":6,"key":"Dream Catcher"},{"floor":9,"key":"Shuriken"},{"floor":10,"key":"Bottled Lightning"}],"event_choices":[{"damage_healed":0,"gold_gain":0,"player_choice":"Ignored","damage_taken":0,"max_hp_gain":0,"max_hp_loss":0,"event_name":"Liars Game","floor":5,"gold_loss":0},{"cards_removed":["Strike_R"],"damage_healed":0,"gold_gain":0,"player_choice":"Card Removal","damage_taken":7,"max_hp_gain":0,"max_hp_loss":0,"event_name":"Golden Wing","floor":11,"gold_loss":0},{"damage_healed":0,"gold_gain":0,"player_choice":"Cursed","damage_taken":0,"max_hp_gain":0,"max_hp_loss":0,"event_name":"Wheel of Change","floor":21,"gold_loss":0,"cards_obtained":["Decay"]}],"is_beta":false,"boss_relics":[{"not_picked":["Mark of Pain","Velvet Choker"],"picked":"Black Star"}],"items_purged_floors":[12,22],"is_endless":false,"potions_floor_spawned":[2,7,14,16,19,24],"killed_by":"Centurion and Healer","ascension_level":0}