{"gold_per_floor":[112,112,37,57,32,61,61,76,125,125,144,175,175,204,204,307,307,327,252,270,282,282,282,294,294,321,321],"floor_reached":27,"playtime":931,"items_purged":["Decay"],"score":221,"play_id":"ac402a51-a325-44af-bf29-59f789191198","local_time":"20180715130326","is_ascension_mode":false,"campfire_choices":[{"data":"Armaments","floor":7,"key":"SMITH"},{"data":"Seeing Red","floor":10,"key":"SMITH"},{"data":"Pommel Strike","floor":13,"key":"SMITH"},{"floor":15,"key":"REST"},{"data":"Infernal Blade","floor":23,"key":"SMITH"}],"neow_cost":"CURSE","seed_source_timestamp":80138636937728,"circlet_count":0,"master_deck":["Strike_R","Strike_R","Strike_R","Defend_R","Defend_R","Bash","Blood for Blood","Seeing Red+1","Armaments+1","Anger","Flex","Pommel Strike+1","Shrug It Off","Sword Boomerang","Fire Breathing","Pommel Strike","Juggernaut","True Grit","Infernal Blade+1","True Grit+1","Dual Wield","Decay"],"relics":["Black Blood","Vajra","Bottled Lightning","Potion Belt","Blood Vial","Odd Mushroom","Regal Pillow"],"potions_floor_usage":[20,21,21,24,24],"damage_taken":[{"damage":8,"enemies":"Jaw Worm","floor":1,"turns":3},{"damage":11,"enemies":"2 Louse","floor":4,"turns":3},{"damage":22,"enemies":"3 Sentries","floor":6,"turns":6},{"damage":0,"enemies":"Cultist","floor":8,"turns":2},{"damage":11,"enemies":"3 Louse","floor":11,"turns":3},{"damage":8,"enemies":"Lagavulin","floor":12,"turns":5},{"damage":19,"floor":14,"turns":4},{"damage":5,"enemies":"Slime Boss","floor":16,"turns":8},{"damage":47,"enemies":"2 Thieves","floor":18,"turns":4},{"damage":21,"enemies":"Shell Parasite","floor":20,"turns":6},{"damage":14,"enemies":"Centurion and Healer","floor":21,"turns":5},{"damage":18,"enemies":"Snake Plant","floor":24,"turns":5},{"damage":41,"enemies":"Slavers","floor":27,"turns":3}],"seed_played":"-8308004846315695809","potions_obtained":[{"floor":1,"key":"SpeedPotion"},{"floor":4,"key":"Dexterity Potion"},{"floor":6,"key":"Fire Potion"},{"floor":18,"key":"Strength Potion"},{"floor":21,"key":"Dexterity Potion"}],"is_trial":false,"path_per_floor":["M","?","$","M","$","E","R","M","T","R","M","E","R","?","R","B",null,"M","?","M","M","?","R","M","?","T"],"character_chosen":"IRONCLAD","items_purchased":["Flex"],"campfire_rested":1,"item_purchase_floors":[5],"current_hp_per_floor":[78,66,66,61,61,45,45,51,51,51,46,44,44,33,57,60,80,43,43,34,32,32,32,26,26,26,0],"gold":321,"neow_bonus":"TRANSFORM_TWO_CARDS","is_prod":false,"is_daily":false,"chose_seed":false,"campfire_upgraded":4,"win_rate":0.0,"timestamp":1531649006,"path_taken":["M","?","$","?","$","E","R","M","T","R","M","E","R","?","R","BOSS","M","?","?","M","?","R","M","?","T","E"],"build_version":"2018-07-12","purchased_purges":1,"victory":false,"max_hp_per_floor":[80,80,80,80,80,80,80,80,80,80,80,80,80,80,80,80,80,80,80,80,80,80,80,80,80,80,80],"card_choices":[{"not_picked":["Thunderclap","Shrug It Off"],"picked":"Armaments","floor":1},{"not_picked":["Metallicize","Dual Wield"],"picked":"Anger","floor":4},{"not_picked":["Metallicize","Ghostly Armor"],"picked":"Pommel Strike","floor":6},{"not_picked":["True Grit","Pommel Strike"],"picked":"Shrug It Off","floor":8},{"not_picked":["Berserk","Flame Barrier"],"picked":"Sword Boomerang","floor":11},{"not_picked":["Combust","Pommel Strike"],"picked":"Fire Breathing","floor":12},{"not_picked":["Clash","Armaments"],"picked":"Pommel Strike","floor":14},{"not_picked":["Berserk","Double Tap"],"picked":"Juggernaut","floor":16},{"not_picked":["Warcry","Dropkick"],"picked":"True Grit","floor":18},{"not_picked":["Perfected Strike","Body Slam"],"picked":"Infernal Blade","floor":20},{"not_picked":["Headbutt+1","Flex"],"picked":"True Grit+1","floor":21},{"not_picked":["Headbutt","Clash"],"picked":"Dual Wield","floor":24}],"player_experience":28449,"relics_obtained":[{"floor":6,"key":"Bottled Lightning"},{"floor":9,"key":"Potion Belt"},{"floor":12,"key":"Blood Vial"},{"floor":14,"key":"Odd Mushroom"},{"floor":26,"key":"Regal Pillow"}],"event_choices":[{"event_name":"Scrap Ooze","player_choice":"success","floor":2,"damage_taken":12},{"event_name":"Mushrooms","player_choice":"Fought Mushrooms","floor":14,"damage_taken":0},{"event_name":"Beggar","player_choice":"Gave Gold","floor":19,"damage_taken":0},{"event_name":"Back to Basics","player_choice":"Elegance","floor":22,"damage_taken":0},{"event_name":"Forgotten Altar","player_choice":"Smashed Altar","floor":25,"damage_taken":0}],"boss_relics":[{"not_picked":["Busted Crown","Runic Dome"],"picked":"Black Blood"}],"items_purged_floors":[3],"is_endless":false,"potions_floor_spawned":[1,4,6,18,21],"killed_by":"Slavers","ascension_level":0}