{"gold_per_floor":[113,113,125,135,155,171,171,186,211,226,237,5,15,15,15,114,114,130,142,142,157,0,0,30,30,30,50,50,67,67],"floor_reached":30,"playtime":2916,"items_purged":["Shame"],"score":248,"play_id":"46fbac5b-d7b5-43e1-947f-aa2736310555","local_time":"20191019102921","is_ascension_mode":false,"campfire_choices":[{"floor":7,"key":"REST"},{"floor":15,"key":"REST"},{"data":"Zap","floor":23,"key":"SMITH"},{"floor":25,"key":"REST"}],"neow_cost":"NONE","seed_source_timestamp":47180686856300,"circlet_count":0,"master_deck":["Strike_B","Strike_B","Strike_B","Defend_B","Defend_B","Defend_B","Defend_B","Zap+1","Dualcast","Coolheaded","Melter","Double Energy","Barrage","Genetic Algorithm","Conserve Battery","Ball Lightning","Ball Lightning","Cold Snap","Self Repair","Leap","Glacier","Hyperbeam","Coolheaded","Reprogram+1","Chill","Cold Snap","Buffer","Consume+1","Go for the Eyes"],"relics":["Cracked Core","Anchor","Sozu","Happy Flower","Bag of Preparation","Thread and Needle"],"potions_floor_usage":[5,6,16,16],"damage_taken":[{"damage":0,"enemies":"2 Louse","floor":1,"turns":1},{"damage":0,"enemies":"Small Slimes","floor":3,"turns":3},{"damage":9,"enemies":"Jaw Worm","floor":4,"turns":3},{"damage":5,"enemies":"Lots of Slimes","floor":5,"turns":4},{"damage":9,"enemies":"Looter","floor":6,"turns":3},{"damage":11,"enemies":"2 Fungi Beasts","floor":8,"turns":3},{"damage":12,"enemies":"Red Slaver","floor":10,"turns":4},{"damage":0,"enemies":"3 Louse","floor":11,"turns":4},{"damage":5,"enemies":"Exordium Wildlife","floor":13,"turns":4},{"damage":37,"enemies":"The Guardian","floor":16,"turns":11},{"damage":0,"enemies":"Chosen","floor":18,"turns":5},{"damage":6,"enemies":"3 Byrds","floor":19,"turns":5},{"damage":26,"enemies":"Snake Plant","floor":21,"turns":5},{"damage":38,"enemies":"Slavers","floor":24,"turns":8},{"damage":3,"enemies":"Chosen and Byrds","floor":27,"turns":8},{"damage":0,"enemies":"3 Cultists","floor":29,"turns":8},{"damage":0,"enemies":"Colosseum Slavers","floor":30,"turns":6},{"damage":91,"enemies":"Colosseum Nobs","floor":30,"turns":8}],"seed_played":"-9066937917684403460","potions_obtained":[{"floor":3,"key":"FocusPotion"},{"floor":4,"key":"Fire Potion"},{"floor":8,"key":"Poison Potion"},{"floor":13,"key":"Poison Potion"}],"is_trial":false,"path_per_floor":["M","?","M","M","M","M","R","M","T","M","M","$","M","?","R","B",null,"M","M","?","M","$","R","E","R","T","M","?","M","?"],"character_chosen":"DEFECT","items_purchased":["Ball Lightning","Cold Snap","Self Repair","Leap","Chill","Cold Snap"],"campfire_rested":3,"item_purchase_floors":[12,12,12,12,22,22],"current_hp_per_floor":[82,75,75,66,61,52,76,65,65,53,53,53,55,60,86,49,87,87,87,87,68,68,68,37,63,63,67,67,74,0],"gold":67,"neow_bonus":"TEN_PERCENT_HP_BONUS","is_prod":false,"is_daily":false,"chose_seed":false,"campfire_upgraded":1,"win_rate":0,"timestamp":1571502561,"path_taken":["M","?","M","M","M","M","R","M","T","M","M","$","M","?","R","BOSS","M","M","?","M","$","R","E","R","T","M","?","M","?"],"build_version":"2019-07-17","purchased_purges":1,"victory":false,"max_hp_per_floor":[82,82,82,82,82,82,82,82,82,82,82,82,82,87,87,87,87,87,87,87,87,87,87,87,87,87,87,87,87,87],"card_choices":[{"not_picked":["Streamline","Compile Driver"],"picked":"Coolheaded","floor":1},{"not_picked":["Rebound","Double Energy"],"picked":"Melter","floor":3},{"not_picked":["Turbo","Streamline","Thunder Strike"],"picked":"SKIP","floor":4},{"not_picked":["Sweeping Beam","Rebound"],"picked":"Double Energy","floor":5},{"not_picked":["Turbo","Conserve Battery"],"picked":"Barrage","floor":6},{"not_picked":["Recycle","Rebound"],"picked":"Genetic Algorithm","floor":8},{"not_picked":["Streamline","Genetic Algorithm"],"picked":"Conserve Battery","floor":10},{"not_picked":["Consume","Fission"],"picked":"Ball Lightning","floor":11},{"not_picked":["Compile Driver","Fusion"],"picked":"Glacier","floor":13},{"not_picked":["Thunder Strike","Amplify"],"picked":"Hyperbeam","floor":16},{"not_picked":["Beam Cell+1","Genetic Algorithm"],"picked":"Coolheaded","floor":18},{"not_picked":["Turbo+1","Heatsinks","Stack"],"picked":"SKIP","floor":19},{"not_picked":["Steam Power","Steam"],"picked":"Reprogram+1","floor":21},{"not_picked":["Recycle","Cold Snap"],"picked":"Buffer","floor":24},{"not_picked":["Redo","Conserve Battery"],"picked":"Consume+1","floor":27},{"not_picked":["Reprogram","Beam Cell"],"picked":"Go for the Eyes","floor":29}],"player_experience":411034,"relics_obtained":[{"floor":9,"key":"Anchor"},{"floor":24,"key":"Bag of Preparation"},{"floor":26,"key":"Thread and Needle"}],"event_choices":[{"cards_removed":["Strike_B"],"damage_healed":0,"gold_gain":0,"player_choice":"Card Removal","damage_taken":7,"max_hp_gain":0,"max_hp_loss":0,"event_name":"Golden Wing","floor":2,"gold_loss":0},{"damage_healed":0,"gold_gain":0,"player_choice":"Donut","damage_taken":0,"max_hp_gain":5,"max_hp_loss":0,"event_name":"Big Fish","floor":14,"gold_loss":0},{"damage_healed":0,"gold_gain":0,"player_choice":"Stole Relic","damage_taken":0,"relics_obtained":["Happy Flower"],"max_hp_gain":0,"max_hp_loss":0,"event_name":"Addict","floor":20,"gold_loss":0,"cards_obtained":["Shame"]},{"damage_healed":0,"gold_gain":0,"player_choice":"Ignored","damage_taken":0,"max_hp_gain":0,"max_hp_loss":0,"event_name":"Ghosts","floor":28,"gold_loss":0},{"damage_healed":0,"gold_gain":0,"player_choice":"Fight","damage_taken":0,"max_hp_gain":0,"max_hp_loss":0,"event_name":"Colosseum","floor":30,"gold_loss":0},{"damage_healed":0,"gold_gain":0,"player_choice":"Fought Nobs","damage_taken":0,"max_hp_gain":0,"max_hp_loss":0,"event_name":"Colosseum","floor":30,"gold_loss":0}],"is_beta":false,"boss_relics":[{"not_picked":["Calling Bell","Coffee Dripper"],"picked":"Sozu"}],"items_purged_floors":[22],"is_endless":false,"potions_floor_spawned":[3,4,8,13,27,29,30],"killed_by":"Colosseum Nobs","ascension_level":0}