{"gold_per_floor":[213,232,232,182,197,197,232,232,232,9,26,52,72,101,101,101],"floor_reached":16,"playtime":513,"items_purged":[],"score":150,"play_id":"ebe62926-20c3-475d-ab46-dd3e45ed54d8","local_time":"20190817211702","is_ascension_mode":true,"campfire_choices":[{"data":"Sweeping Beam","floor":6,"key":"SMITH"},{"floor":15,"key":"REST"}],"neow_cost":"NONE","seed_source_timestamp":217230084094300,"circlet_count":0,"master_deck":["Strike_B+1","Strike_B","Strike_B","Defend_B","Defend_B","Defend_B+1","Defend_B","Zap","Dualcast","Sweeping Beam+1","Gash","Gash","Scrape","Rebound","Creative AI","Coolheaded","Go for the Eyes","Tempest"],"relics":["Cracked Core","Omamori","Pear","OrangePellets","Dream Catcher","Letter Opener"],"potions_floor_usage":[12,12,13,14,16],"damage_taken":[{"damage":3,"enemies":"2 Louse","floor":1,"turns":2},{"damage":2,"enemies":"Jaw Worm","floor":2,"turns":3},{"damage":0,"enemies":"Small Slimes","floor":5,"turns":2},{"damage":14,"enemies":"3 Sentries","floor":7,"turns":6},{"damage":6,"enemies":"Looter","floor":11,"turns":3},{"damage":20,"enemies":"Gremlin Nob","floor":12,"turns":4},{"damage":1,"enemies":"3 Louse","floor":13,"turns":2},{"damage":5,"enemies":"Lagavulin","floor":14,"turns":6},{"damage":44,"enemies":"Hexaghost","floor":16,"turns":8}],"seed_played":"7830743999850713476","potions_obtained":[{"floor":2,"key":"SpeedPotion"},{"floor":7,"key":"Strength Potion"},{"floor":8,"key":"Dexterity Potion"},{"floor":8,"key":"Swift Potion"},{"floor":12,"key":"Poison Potion"},{"floor":13,"key":"Swift Potion"}],"is_trial":false,"path_per_floor":["M","M","?","?","M","R","E","?","T","$","M","E","M","E","R","B"],"character_chosen":"DEFECT","items_purchased":["OrangePellets","Rebound"],"campfire_rested":1,"item_purchase_floors":[10,10],"current_hp_per_floor":[72,70,55,55,55,55,41,41,51,51,45,25,24,19,44,0],"gold":101,"neow_bonus":"HUNDRED_GOLD","is_prod":false,"is_daily":false,"chose_seed":false,"campfire_upgraded":1,"win_rate":0,"timestamp":1566073022,"path_taken":["M","M","?","?","M","R","E","?","T","$","M","E","M","E","R","BOSS"],"build_version":"2019-07-17","purchased_purges":0,"victory":false,"max_hp_per_floor":[75,75,75,75,75,75,75,75,85,85,85,85,85,85,85,85],"card_choices":[{"not_picked":["Compile Driver","Hologram"],"picked":"Sweeping Beam","floor":1},{"not_picked":["Steam Power","Compile Driver"],"picked":"Gash","floor":2},{"not_picked":["Chill","Streamline"],"picked":"Gash","floor":5},{"not_picked":["Rebound","Reinforced Body"],"picked":"Scrape","floor":7},{"not_picked":["Barrage","Ball Lightning"],"picked":"Creative AI","floor":11},{"not_picked":["Leap","Rebound"],"picked":"Coolheaded","floor":12},{"not_picked":["Fusion","Reprogram"],"picked":"Go for the Eyes","floor":13},{"not_picked":["Double Energy","Fusion","Stack"],"picked":"SKIP","floor":14},{"not_picked":["Coolheaded","Streamline"],"picked":"Tempest","floor":15}],"player_experience":1810401,"relics_obtained":[{"floor":7,"key":"Omamori"},{"floor":9,"key":"Pear"},{"floor":12,"key":"Dream Catcher"},{"floor":14,"key":"Letter Opener"}],"event_choices":[{"damage_healed":0,"gold_gain":0,"player_choice":"Entered Light","damage_taken":15,"max_hp_gain":0,"max_hp_loss":0,"event_name":"Shining Light","floor":3,"gold_loss":0,"cards_upgraded":["Defend_B","Strike_B"]},{"cards_removed":["Strike_B"],"damage_healed":0,"gold_gain":0,"player_choice":"Card Removal","damage_taken":0,"max_hp_gain":0,"max_hp_loss":0,"event_name":"The Cleric","floor":4,"gold_loss":50},{"damage_healed":0,"gold_gain":0,"player_choice":"Got Potions","damage_taken":0,"max_hp_gain":0,"max_hp_loss":0,"event_name":"Lab","floor":8,"gold_loss":0}],"is_beta":false,"boss_relics":[],"items_purged_floors":[],"is_endless":false,"potions_floor_spawned":[2,7,12,13],"killed_by":"Hexaghost","ascension_level":5}