{"gold_per_floor":[109,109,127,147,34,34,54,88,111,155,80,80,80,115,115,243,243,257,275,21,41,141,141,16,51,51,94,109,143,143,164,164,289,289,303,303,323,323,19,60,60,94,94,94,127,127,141,157,157,157,157,157,85,126,126],"floor_reached":56,"playtime":2810,"items_purged":["Defend_R","Strike_R","Strike_R","Strike_R"],"score":1884,"play_id":"11bec4d1-f0f8-4f56-9792-f209129d810e","local_time":"20190825014719","is_ascension_mode":true,"campfire_choices":[{"data":"True Grit","floor":6.0,"key":"SMITH"},{"data":"Immolate","floor":13.0,"key":"SMITH"},{"data":"Evolve","floor":15.0,"key":"SMITH"},{"floor":23.0,"key":"REST"},{"data":"Juggernaut","floor":30.0,"key":"SMITH"},{"data":"Uppercut","floor":32,"key":"SMITH"},{"data":"Feel No Pain","floor":41,"key":"SMITH"},{"data":"Disarm","floor":44,"key":"SMITH"},{"floor":46,"key":"RECALL"},{"data":"Flame Barrier","floor":49,"key":"SMITH"},{"data":"Bash","floor":52,"key":"SMITH"}],"neow_cost":"TEN_PERCENT_HP_LOSS","seed_source_timestamp":0,"circlet_count":0,"master_deck":["Strike_R","Strike_R","Defend_R","Defend_R","Defend_R","Bash+1","Immolate+1","Iron Wave","True Grit+1","Feel No Pain+1","Evolve+1","Disarm+1","Impervious+1","Hemokinesis+1","Feed","Dark Embrace","Uppercut+1","Headbutt+1","Immolate","Corruption","Power Through+1","Juggernaut+1","Shrug It Off+1","Barricade","Sever Soul+1","Metallicize+1","Reaper+1","Flame Barrier+1","Dual Wield+1","Feel No Pain+1","Spot Weakness+1"],"special_seed":0,"relics":["Burning Blood","Golden Idol","Orichalcum","Regal Pillow","Juzu Bracelet","Blue Candle","Snecko Eye","Bag of Preparation","Oddly Smooth Stone","Letter Opener","Mercury Hourglass","Omamori","Mark of Pain","War Paint","Blood Vial","Pear","Singing Bowl","Whetstone"],"potions_floor_usage":[33,50,55,55,55],"damage_taken":[{"damage":1.0,"enemies":"Cultist","floor":1.0,"turns":3.0},{"damage":2.0,"enemies":"Jaw Worm","floor":3.0,"turns":3.0},{"damage":3.0,"enemies":"2 Louse","floor":4.0,"turns":2.0},{"damage":0.0,"enemies":"2 Fungi Beasts","floor":7.0,"turns":2.0},{"damage":28.0,"enemies":"Lagavulin","floor":8.0,"turns":10.0},{"damage":9.0,"enemies":"3 Sentries","floor":10.0,"turns":6.0},{"damage":24.0,"enemies":"Lagavulin","floor":14.0,"turns":7.0},{"damage":46.0,"enemies":"Hexaghost","floor":16.0,"turns":9.0},{"damage":13.0,"enemies":"2 Thieves","floor":18.0,"turns":3.0},{"damage":9.0,"enemies":"3 Byrds","floor":19.0,"turns":4.0},{"damage":20.0,"enemies":"Shelled Parasite and Fungi","floor":21.0,"turns":3.0},{"damage":3.0,"enemies":"Gremlin Leader","floor":25.0,"turns":5.0},{"damage":54.0,"enemies":"Slavers","floor":27.0,"turns":4.0},{"damage":6.0,"enemies":"Snake Plant","floor":28.0,"turns":2.0},{"damage":0.0,"enemies":"Gremlin Leader","floor":29.0,"turns":5.0},{"damage":4.0,"enemies":"Centurion and Healer","floor":31.0,"turns":4.0},{"damage":0,"enemies":"Automaton","floor":33,"turns":7},{"damage":7,"enemies":"Orb Walker","floor":35,"turns":4},{"damage":3,"enemies":"3 Shapes","floor":37,"turns":3},{"damage":0,"enemies":"Giant Head","floor":40,"turns":7},{"damage":29,"enemies":"Nemesis","floor":42,"turns":5},{"damage":3,"enemies":"Giant Head","floor":45,"turns":7},{"damage":9,"enemies":"Writhing Mass","floor":47,"turns":5},{"damage":0,"enemies":"Jaw Worm Horde","floor":48,"turns":2},{"damage":18,"enemies":"Donu and Deca","floor":50,"turns":6},{"damage":53,"enemies":"Shield and Spear","floor":54,"turns":8},{"damage":73,"enemies":"The Heart","floor":55,"turns":6}],"seed_played":"7143014932407324713","potions_obtained":[{"floor":7.0,"key":"Fire Potion"},{"floor":8.0,"key":"Explosive Potion"},{"floor":14.0,"key":"SteroidPotion"},{"floor":16.0,"key":"Fruit Juice"},{"floor":19.0,"key":"Weak Potion"},{"floor":25.0,"key":"PowerPotion"},{"floor":33,"key":"Weak Potion"},{"floor":35,"key":"Strength Potion"},{"floor":40,"key":"Ancient Potion"}],"is_trial":false,"path_per_floor":["M","?","M","M","$","R","M","E","T","E","$","?","R","E","R","B",null,"M","M","$","M","?","R","$","E","T","E","M","E","R","M","R","B",null,"M","?","M","?","$","E","R","E","T","R","E","R","M","M","R","B",null,"R","$","E","B",null],"character_chosen":"IRONCLAD","items_purchased":["Evolve","Disarm","Bag of Preparation","War Paint","LiquidBronze"],"campfire_rested":1,"item_purchase_floors":[5,5,20,39,53],"current_hp_per_floor":[72,54,58,61,61,61,67,45,45,42,42,66,66,48,48,16,64,60,60,60,46,46,86,86,89,89,44,44,50,50,55,55,61,87,89,89,92,92,92,98,98,94,94,94,106,106,107,113,113,116,116,116,116,75,21],"gold":126,"neow_bonus":"THREE_RARE_CARDS","is_prod":false,"is_daily":false,"chose_seed":false,"campfire_upgraded":9,"win_rate":0,"timestamp":1566694039,"path_taken":["M","?","M","M","?","R","M","E","T","E","$","?","R","E","R","BOSS","M","M","$","M","?","R","?","E","T","E","M","E","R","M","R","BOSS","M","?","M","?","?","E","R","E","T","R","E","R","M","M","R","BOSS","R","$","E","BOSS"],"build_version":"2019-07-17","purchased_purges":4,"victory":true,"max_hp_per_floor":[72,72,72,72,72,72,72,72,72,72,72,72,72,72,72,80,80,83,86,86,86,86,86,86,89,89,92,92,92,92,95,95,95,95,98,98,98,98,98,98,98,111,111,111,111,111,113,113,113,116,116,116,116,119,119],"card_choices":[{"not_picked":["Offering","Barricade"],"picked":"Immolate","floor":0.0},{"not_picked":["Havoc","Heavy Blade"],"picked":"Iron Wave","floor":1.0},{"not_picked":["Cleave","Iron Wave"],"picked":"True Grit","floor":3.0},{"not_picked":["Anger","True Grit"],"picked":"Feel No Pain","floor":4.0},{"not_picked":["Intimidate","Fire Breathing"],"picked":"Impervious","floor":7.0},{"not_picked":["True Grit","Flex","Perfected Strike"],"picked":"SKIP","floor":8.0},{"not_picked":["Twin Strike","Warcry"],"picked":"Hemokinesis","floor":10.0},{"not_picked":["Rupture","Whirlwind"],"picked":"Feed","floor":14.0},{"not_picked":["Berserk","Reaper"],"picked":"Dark Embrace","floor":16.0},{"not_picked":["True Grit","Sever Soul","Flex"],"picked":"SKIP","floor":18.0},{"not_picked":["Heavy Blade","Clothesline"],"picked":"Uppercut","floor":19.0},{"not_picked":["Body Slam","Spot Weakness"],"picked":"Headbutt+1","floor":21.0},{"not_picked":["Reckless Charge","Pummel"],"picked":"Immolate","floor":25.0},{"not_picked":["Clash","Cleave"],"picked":"Corruption","floor":27.0},{"not_picked":["Iron Wave","Anger"],"picked":"Power Through+1","floor":28.0},{"not_picked":["Ghostly Armor","Armaments"],"picked":"Juggernaut","floor":29.0},{"not_picked":["Twin Strike+1","Dropkick"],"picked":"Shrug It Off","floor":31.0},{"not_picked":["Reaper","Demon Form"],"picked":"Barricade","floor":33},{"not_picked":["Power Through","Headbutt+1"],"picked":"Sever Soul+1","floor":35},{"not_picked":["Pummel","Wild Strike+1"],"picked":"Metallicize+1","floor":37},{"not_picked":["Anger","Twin Strike"],"picked":"Reaper","floor":40},{"not_picked":["Perfected Strike+1","Limit Break"],"picked":"Flame Barrier","floor":42},{"not_picked":["Battle Trance","Armaments+1"],"picked":"Dual Wield+1","floor":45},{"not_picked":["Inflame+1","Perfected Strike","Cleave"],"picked":"Singing Bowl","floor":47},{"not_picked":["Sentinel+1","Metallicize+1"],"picked":"Feel No Pain+1","floor":48},{"not_picked":["Evolve","Warcry"],"picked":"Spot Weakness+1","floor":54}],"player_experience":1852950,"relics_obtained":[{"floor":8.0,"key":"Orichalcum"},{"floor":9.0,"key":"Regal Pillow"},{"floor":10.0,"key":"Juzu Bracelet"},{"floor":14.0,"key":"Blue Candle"},{"floor":25.0,"key":"Oddly Smooth Stone"},{"floor":26.0,"key":"Letter Opener"},{"floor":27.0,"key":"Mercury Hourglass"},{"floor":29.0,"key":"Omamori"},{"floor":40,"key":"Blood Vial"},{"floor":42,"key":"Pear"},{"floor":45,"key":"Singing Bowl"},{"floor":54,"key":"Whetstone"}],"event_choices":[{"damage_healed":0.0,"max_hp_gain":0.0,"max_hp_loss":0.0,"gold_gain":0.0,"event_name":"Golden Idol","player_choice":"Take Damage","floor":2.0,"gold_loss":0.0,"damage_taken":18.0,"relics_obtained":["Golden Idol"]},{"damage_healed":24.0,"max_hp_gain":0.0,"max_hp_loss":0.0,"gold_gain":0.0,"event_name":"Big Fish","player_choice":"Banana","floor":12.0,"gold_loss":0.0,"damage_taken":0.0},{"damage_healed":0.0,"max_hp_gain":0.0,"max_hp_loss":0.0,"gold_gain":100.0,"event_name":"Golden Shrine","player_choice":"Pray","floor":22.0,"gold_loss":0.0,"damage_taken":0.0},{"damage_healed":0,"gold_gain":0,"player_choice":"Got Potions","damage_taken":0,"max_hp_gain":0,"max_hp_loss":0,"event_name":"Lab","floor":36,"gold_loss":0},{"damage_healed":0,"gold_gain":0,"player_choice":"Bought 0 Potions","damage_taken":0,"max_hp_gain":0,"max_hp_loss":0,"event_name":"The Woman in Blue","floor":38,"gold_loss":0}],"is_beta":false,"boss_relics":[{"not_picked":["Sozu","Ectoplasm"],"picked":"Snecko Eye"},{"not_picked":["Runic Cube","White Beast Statue"],"picked":"Mark of Pain"}],"items_purged_floors":[11,20,24,39],"is_endless":false,"potions_floor_spawned":[7,8,14,16,19,25,27,29,33,35,40,45,47,48],"ascension_level":7}