{"gold_per_floor":[111,186,361,375,214,214,42,42,42,75,90,105,55,55,55,55],"floor_reached":16,"playtime":494,"items_purged":["Decay","Doubt"],"score":123,"play_id":"c20e81f6-f58d-4fca-833e-0dda1b007976","local_time":"20190722180849","is_ascension_mode":true,"campfire_choices":[{"data":"1","floor":6,"key":"LIFT"},{"data":"2","floor":8,"key":"LIFT"},{"data":"3","floor":15,"key":"LIFT"}],"neow_cost":"CURSE","seed_source_timestamp":956778067258000,"circlet_count":0,"master_deck":["Strike_R","Strike_R","Strike_R","Defend_R","Defend_R","Defend_R","Defend_R","Bash","True Grit","Infernal Blade","Armaments","Inflame","Inflame","Dual Wield","Pommel Strike","Disarm"],"relics":["Burning Blood","Girya","Ornamental Fan","Juzu Bracelet"],"potions_floor_usage":[16,16],"damage_taken":[{"damage":11,"enemies":"2 Louse","floor":1,"turns":3},{"damage":24,"enemies":"Jaw Worm","floor":4,"turns":5},{"damage":11,"enemies":"3 Sentries","floor":10,"turns":12},{"damage":0,"enemies":"Cultist","floor":11,"turns":2},{"damage":13,"enemies":"Large Slime","floor":12,"turns":5},{"damage":42,"enemies":"Hexaghost","floor":16,"turns":11}],"seed_played":"-3862239262608338037","potions_obtained":[{"floor":4,"key":"Dexterity Potion"},{"floor":11,"key":"SpeedPotion"}],"is_trial":false,"path_per_floor":["M","?","?","M","$","R","$","R","T","E","M","M","?","?","R","B"],"character_chosen":"IRONCLAD","items_purchased":["Armaments","Inflame","Inflame"],"campfire_rested":0,"item_purchase_floors":[5,5,7],"current_hp_per_floor":[75,64,64,46,46,46,46,46,46,41,47,40,40,40,40,0],"gold":55,"neow_bonus":"ONE_RARE_RELIC","is_prod":false,"is_daily":false,"chose_seed":false,"campfire_upgraded":0,"win_rate":0,"timestamp":1563808129,"path_taken":["M","?","?","M","$","R","?","R","T","E","M","M","?","?","R","BOSS"],"build_version":"2019-07-17","purchased_purges":2,"victory":false,"max_hp_per_floor":[80,80,80,80,80,80,80,80,80,80,80,80,80,80,80,80],"card_choices":[{"not_picked":["Rage","Disarm"],"picked":"True Grit","floor":1},{"not_picked":["Shrug It Off","Wild Strike"],"picked":"Infernal Blade","floor":4},{"not_picked":["Sword Boomerang","Entrench"],"picked":"Dual Wield","floor":10},{"not_picked":["Warcry","Cleave"],"picked":"Pommel Strike","floor":11},{"not_picked":["Heavy Blade","Metallicize"],"picked":"Disarm","floor":12}],"player_experience":357385,"relics_obtained":[{"floor":9,"key":"Ornamental Fan"},{"floor":10,"key":"Juzu Bracelet"}],"event_choices":[{"damage_healed":0,"gold_gain":75,"player_choice":"Gather Gold","damage_taken":11,"max_hp_gain":0,"max_hp_loss":0,"event_name":"World of Goop","floor":2,"gold_loss":0},{"damage_healed":0,"gold_gain":175,"player_choice":"AGREE","damage_taken":0,"max_hp_gain":0,"max_hp_loss":0,"event_name":"Liars Game","floor":3,"gold_loss":0,"cards_obtained":["Doubt"]},{"cards_removed":["Strike_R"],"damage_healed":0,"gold_gain":0,"player_choice":"Card Removal","damage_taken":0,"max_hp_gain":0,"max_hp_loss":0,"event_name":"The Cleric","floor":13,"gold_loss":50},{"cards_removed":["Strike_R"],"damage_healed":0,"gold_gain":0,"player_choice":"Offered Basic","damage_taken":0,"max_hp_gain":0,"max_hp_loss":0,"event_name":"Bonfire Elementals","floor":14,"gold_loss":0}],"is_beta":false,"boss_relics":[],"items_purged_floors":[5,7],"is_endless":false,"potions_floor_spawned":[4,11],"killed_by":"Hexaghost","ascension_level":5}