{"gold_per_floor":[119,136,61,11,11,11,46,121,121,121,151,170,182,82,82,178,178,190,201,201,28,38,69,69,88,88,88,88,88,88,115,115,212,212,223,233,233,245,262,262,287,298,324,234,249,282,300,315,315,315,315,315,72,97,97],"floor_reached":56,"playtime":5161,"items_purged":["Shame","Strike_R"],"score":1580,"play_id":"ceb375eb-9b3f-4892-bf23-6d5936c0a0b1","local_time":"20191015235109","is_ascension_mode":true,"campfire_choices":[{"data":"Bash","floor":6.0,"key":"SMITH"},{"data":"Metallicize","floor":10.0,"key":"SMITH"},{"data":"Demon Form","floor":15.0,"key":"SMITH"},{"data":"RitualDagger","floor":24.0,"key":"SMITH"},{"data":"Pummel","floor":27.0,"key":"SMITH"},{"data":"Double Tap","floor":30.0,"key":"SMITH"},{"data":"Pommel Strike","floor":32.0,"key":"SMITH"},{"floor":49.0,"key":"RECALL"},{"data":"Limit Break","floor":52.0,"key":"SMITH"}],"neow_cost":"CURSE","seed_source_timestamp":0,"circlet_count":0,"master_deck":["Defend_R","Defend_R","Defend_R","Defend_R","Bash+1","Demon Form+1","Iron Wave","Pommel Strike+1","Metallicize+1","Double Tap+1","Headbutt","Flame Barrier","Reaper","Headbutt","RitualDagger+1","Armaments","Exhume","Pummel+1","Carnage+1","Bite","Bite","Bite","Bite","Bite","Sword Boomerang","Reaper","Sword Boomerang","Dark Shackles+1","Disarm+1","Entrench+1","True Grit+1","Limit Break+1","True Grit+1","Clothesline+1"],"special_seed":0,"relics":["Burning Blood","Lantern","Shuriken","Centennial Puzzle","Snecko Eye","Oddly Smooth Stone","Darkstone Periapt","Red Skull","Cursed Key","Mercury Hourglass","Bronze Scales","Vajra","Pantograph"],"potions_floor_usage":[55,55,55],"damage_taken":[{"damage":9.0,"enemies":"Cultist","floor":1.0,"turns":5.0},{"damage":2.0,"enemies":"Small Slimes","floor":2.0,"turns":4.0},{"damage":15.0,"enemies":"Lagavulin","floor":7.0,"turns":6.0},{"damage":23.0,"enemies":"3 Sentries","floor":11.0,"turns":8.0},{"damage":1.0,"enemies":"2 Louse","floor":12.0,"turns":3.0},{"damage":2.0,"enemies":"2 Fungi Beasts","floor":13.0,"turns":3.0},{"damage":26.0,"enemies":"Slime Boss","floor":16.0,"turns":7.0},{"damage":1.0,"enemies":"3 Byrds","floor":18.0,"turns":4.0},{"damage":22.0,"enemies":"Shell Parasite","floor":19.0,"turns":7.0},{"damage":5.0,"enemies":"Centurion and Healer","floor":22.0,"turns":5.0},{"damage":40.0,"enemies":"Gremlin Leader","floor":23.0,"turns":11.0},{"damage":12.0,"enemies":"Cultist and Chosen","floor":25.0,"turns":4.0},{"damage":13.0,"enemies":"Book of Stabbing","floor":31.0,"turns":4.0},{"damage":59.0,"enemies":"Collector","floor":33.0,"turns":8.0},{"damage":10.0,"enemies":"3 Shapes","floor":35.0,"turns":8.0},{"damage":36.0,"enemies":"3 Darklings","floor":36.0,"turns":9.0},{"damage":43.0,"enemies":"Maw","floor":38.0,"turns":6.0},{"damage":37.0,"enemies":"Spire Growth","floor":39.0,"turns":5.0},{"damage":48.0,"enemies":"Nemesis","floor":41.0,"turns":5.0},{"damage":12.0,"enemies":"Transient","floor":42.0,"turns":5.0},{"damage":12.0,"enemies":"Sphere and 2 Shapes","floor":45.0,"turns":5.0},{"damage":29.0,"enemies":"Reptomancer","floor":46.0,"turns":6.0},{"damage":26.0,"enemies":"Spire Growth","floor":47.0,"turns":4.0},{"damage":2.0,"enemies":"3 Darklings","floor":48.0,"turns":4.0},{"damage":72.0,"enemies":"Donu and Deca","floor":50.0,"turns":5.0},{"damage":36.0,"enemies":"Shield and Spear","floor":54.0,"turns":7.0},{"damage":101,"enemies":"The Heart","floor":55,"turns":6}],"seed_played":"3860353839446457127","potions_obtained":[{"floor":1.0,"key":"Explosive Potion"},{"floor":11.0,"key":"FearPotion"},{"floor":13.0,"key":"FearPotion"},{"floor":22.0,"key":"Ancient Potion"},{"floor":41.0,"key":"SkillPotion"},{"floor":46.0,"key":"Dexterity Potion"}],"is_trial":false,"path_per_floor":["M","M","$","?","$","R","E","?","T","R","E","M","M","$","R","B",null,"M","M","?","$","M","E","R","M","T","R","?","$","R","E","R","B",null,"M","M","?","M","M","?","E","M","T","?","M","E","M","M","R","B",null,"R","$","E","B",null],"character_chosen":"IRONCLAD","items_purchased":["Oddly Smooth Stone","Armaments","Weak Potion","Vajra","PowerPotion"],"campfire_rested":0,"item_purchase_floors":[21,21,53,53,53],"current_hp_per_floor":[69,73,73,73,73,73,64,53,53,53,36,41,45,45,45,25,66,80,80,74,74,80,60,60,67,67,67,67,67,67,80,80,55,74,78,80,75,77,55,55,21,42,48,48,82,86,66,86,86,58,79,79,79,86,57],"gold":97,"neow_bonus":"THREE_RARE_CARDS","is_prod":false,"is_daily":false,"chose_seed":false,"campfire_upgraded":8,"win_rate":0,"timestamp":1571208669,"path_taken":["M","?","$","?","$","R","E","?","T","R","E","M","M","$","R","BOSS","M","M","?","$","M","E","R","M","T","R","?","$","R","E","R","BOSS","M","M","?","M","M","?","E","M","T","?","M","E","?","M","R","BOSS","R","$","E","BOSS"],"build_version":"2019-07-17","purchased_purges":2,"victory":true,"max_hp_per_floor":[80,80,80,80,80,80,80,80,80,80,80,80,80,80,80,80,80,80,80,80,80,80,80,80,80,80,80,80,80,80,80,80,80,80,80,80,80,80,80,80,80,80,86,86,86,86,86,86,86,86,86,86,86,86,86],"card_choices":[{"not_picked":["Double Tap","Reaper"],"picked":"Demon Form","floor":0.0},{"not_picked":["Havoc","Ghostly Armor"],"picked":"Iron Wave","floor":1.0},{"not_picked":["Perfected Strike","Armaments"],"picked":"Pommel Strike","floor":2.0},{"not_picked":["Perfected Strike","Combust"],"picked":"Metallicize","floor":7.0},{"not_picked":["Pommel Strike","Flex"],"picked":"Double Tap","floor":11.0},{"not_picked":["Warcry","Hemokinesis"],"picked":"Headbutt","floor":12.0},{"not_picked":["Sword Boomerang","Carnage"],"picked":"Flame Barrier","floor":13.0},{"not_picked":["Double Tap","Demon Form"],"picked":"Reaper","floor":16.0},{"not_picked":["Body Slam","Thunderclap"],"picked":"Headbutt","floor":18.0},{"not_picked":["Warcry","Iron Wave","Rage"],"picked":"SKIP","floor":19.0},{"not_picked":["Wild Strike","True Grit"],"picked":"Exhume","floor":22.0},{"not_picked":["Headbutt","Clash"],"picked":"Pummel","floor":23.0},{"not_picked":["Havoc","Armaments"],"picked":"Carnage+1","floor":25.0},{"not_picked":["Dropkick","Searing Blow"],"picked":"Sword Boomerang","floor":31.0},{"not_picked":["Juggernaut","Dark Embrace"],"picked":"Reaper","floor":33.0},{"not_picked":["Anger","Flex","Sever Soul"],"picked":"SKIP","floor":35.0},{"not_picked":["Perfected Strike+1","Clash"],"picked":"Sword Boomerang","floor":36.0},{"not_picked":["Swift Strike","Deep Breath"],"picked":"Dark Shackles","floor":37.0},{"not_picked":["Blood for Blood","True Grit","Infernal Blade"],"picked":"SKIP","floor":38.0},{"not_picked":["Body Slam+1","Clash"],"picked":"Disarm+1","floor":39.0},{"not_picked":["Wild Strike","Thunderclap+1"],"picked":"Entrench+1","floor":41.0},{"not_picked":["Feed","Body Slam","Anger"],"picked":"SKIP","floor":42.0},{"not_picked":["Feel No Pain+1","Anger+1"],"picked":"True Grit+1","floor":45.0},{"not_picked":["Hemokinesis+1","Searing Blow+1"],"picked":"Limit Break","floor":46.0},{"not_picked":["Perfected Strike+1","Anger","Havoc"],"picked":"SKIP","floor":47.0},{"not_picked":["Anger+1","Combust"],"picked":"True Grit+1","floor":48.0},{"not_picked":["Wild Strike+1","Rupture+1"],"picked":"Clothesline+1","floor":54.0}],"player_experience":347250,"relics_obtained":[{"floor":7.0,"key":"Lantern"},{"floor":9.0,"key":"Shuriken"},{"floor":11.0,"key":"Centennial Puzzle"},{"floor":23.0,"key":"Darkstone Periapt"},{"floor":26.0,"key":"Blood Vial"},{"floor":31.0,"key":"Red Skull"},{"floor":41.0,"key":"Mercury Hourglass"},{"floor":46.0,"key":"Bronze Scales"},{"floor":54.0,"key":"Pantograph"}],"event_choices":[{"cards_removed":["Strike_R"],"damage_healed":0.0,"max_hp_gain":0.0,"max_hp_loss":0.0,"gold_gain":0.0,"event_name":"The Cleric","player_choice":"Card Removal","floor":4.0,"gold_loss":50.0,"damage_taken":0.0},{"damage_healed":0.0,"max_hp_gain":0.0,"max_hp_loss":0.0,"gold_gain":75.0,"event_name":"World of Goop","player_choice":"Gather Gold","floor":8.0,"gold_loss":0.0,"damage_taken":11.0},{"damage_healed":0.0,"max_hp_gain":0.0,"max_hp_loss":0.0,"gold_gain":0.0,"event_name":"Nest","player_choice":"Joined the Cult","floor":20.0,"gold_loss":0.0,"damage_taken":6.0,"cards_obtained":["RitualDagger"]},{"damage_healed":0.0,"max_hp_gain":0.0,"max_hp_loss":0.0,"gold_gain":0.0,"event_name":"Vampires","player_choice":"Became a vampire (Vial)","floor":28.0,"relics_lost":["Blood Vial"],"gold_loss":0.0,"damage_taken":0.0,"cards_obtained":["Bite","Bite","Bite","Bite","Bite"]},{"damage_healed":0.0,"max_hp_gain":0.0,"max_hp_loss":0.0,"gold_gain":0.0,"event_name":"SensoryStone","player_choice":"Memory 2","floor":37.0,"gold_loss":0.0,"damage_taken":5.0},{"damage_healed":0.0,"max_hp_gain":0.0,"max_hp_loss":0.0,"gold_gain":0.0,"event_name":"Tomb of Lord Red Mask","player_choice":"Ignored","floor":40.0,"gold_loss":0.0,"damage_taken":0.0},{"cards_removed":["Injury"],"damage_healed":0.0,"max_hp_gain":0.0,"max_hp_loss":0.0,"gold_gain":0.0,"event_name":"Designer","player_choice":"Upgrade and Remove","floor":44.0,"gold_loss":90.0,"damage_taken":0.0,"cards_upgraded":["Dark Shackles"]}],"is_beta":false,"boss_relics":[{"not_picked":["Sozu","Empty Cage"],"picked":"Snecko Eye"},{"not_picked":["White Beast Statue","Runic Dome"],"picked":"Cursed Key"}],"items_purged_floors":[3,14],"is_endless":false,"potions_floor_spawned":[1,11,13,22,23,31,41,42,46,47,48,54],"ascension_level":8}