{"gold_per_floor":[10,10,10,27,44,77,77,104,175,193,193,222,96,96,96,201,201,220,220,2,21,37,37,71,71,71,83,102,127,127,145,145,247,297,316,89,105,105],"floor_reached":38,"playtime":1686,"items_purged":["Defend_B","Strike_B","Strike_B"],"score":686,"play_id":"15016ded-b500-41c9-a752-75a1181c791a","local_time":"20190817153303","is_ascension_mode":true,"campfire_choices":[{"data":"Sweeping Beam","floor":11,"key":"SMITH"},{"data":"Beam Cell","floor":15,"key":"SMITH"},{"data":"Biased Cognition","floor":23,"key":"SMITH"},{"data":"Go for the Eyes","floor":25,"key":"SMITH"},{"floor":30,"key":"REST"},{"data":"Hologram","floor":32,"key":"SMITH"}],"neow_cost":"NO_GOLD","seed_source_timestamp":195418290345400,"circlet_count":0,"master_deck":["Defend_B+1","Defend_B","Defend_B+1","Zap+1","Dualcast","Go for the Eyes+1","Steam","Glacier","Beam Cell+1","Compile Driver","Sweeping Beam+1","Ball Lightning","Gash","Biased Cognition+1","Rebound+1","Doom and Gloom","Seek","Leap+1","Hologram+1","Capacitor+1","Gash+1","Echo Form","Steam+1","Loop+1","Barrage+1"],"relics":["Cracked Core","Unceasing Top","Mango","Boot","Sundial","Cursed Key","Bronze Scales","Strawberry","Tiny House"],"potions_floor_usage":[6,6,24,24,24,29,29,36,38],"damage_taken":[{"damage":5,"enemies":"Small Slimes","floor":1,"turns":4},{"damage":0,"enemies":"2 Louse","floor":4,"turns":2},{"damage":0,"enemies":"Cultist","floor":5,"turns":3},{"damage":7,"enemies":"3 Sentries","floor":6,"turns":13},{"damage":8,"enemies":"Gremlin Nob","floor":8,"turns":5},{"damage":0,"enemies":"Exordium Wildlife","floor":10,"turns":2},{"damage":2,"enemies":"3 Sentries","floor":12,"turns":6},{"damage":0,"enemies":"Slime Boss","floor":16,"turns":7},{"damage":0,"enemies":"Shell Parasite","floor":18,"turns":4},{"damage":1,"enemies":"Chosen","floor":21,"turns":3},{"damage":0,"enemies":"Centurion and Healer","floor":22,"turns":4},{"damage":31,"enemies":"Slavers","floor":24,"turns":3},{"damage":5,"enemies":"Snake Plant","floor":27,"turns":3},{"damage":1,"enemies":"Sentry and Sphere","floor":28,"turns":4},{"damage":0,"enemies":"Gremlin Leader","floor":29,"turns":2},{"damage":0,"enemies":"Centurion and Healer","floor":31,"turns":5},{"damage":66,"enemies":"Collector","floor":33,"turns":9},{"damage":4,"enemies":"Orb Walker","floor":35,"turns":3},{"damage":29,"enemies":"3 Darklings","floor":37,"turns":5},{"damage":23,"enemies":"Jaw Worm Horde","floor":38,"turns":2}],"seed_played":"6785281267899440737","potions_obtained":[{"floor":4,"key":"EssenceOfSteel"},{"floor":5,"key":"Swift Potion"},{"floor":8,"key":"Ancient Potion"},{"floor":16,"key":"EssenceOfSteel"},{"floor":24,"key":"PowerPotion"},{"floor":28,"key":"SkillPotion"},{"floor":33,"key":"SteroidPotion"},{"floor":34,"key":"SkillPotion"},{"floor":37,"key":"Weak Potion"}],"is_trial":false,"path_per_floor":["M","?","?","M","M","E","?","E","T","M","R","E","$","?","R","B",null,"M","?","$","M","M","R","E","R","T","M","M","E","R","M","R","B",null,"M","$","M","M"],"character_chosen":"DEFECT","items_purchased":["Gash","Doom and Gloom","PowerPotion","Fruit Juice"],"campfire_rested":1,"item_purchase_floors":[13,20,20,36],"current_hp_per_floor":[70,70,70,70,70,77,59,51,51,51,51,49,49,49,49,49,79,79,79,79,78,78,78,47,47,47,42,41,48,76,76,76,10,80,76,81,52,29],"gold":105,"neow_bonus":"ONE_RARE_RELIC","is_prod":false,"is_daily":false,"chose_seed":false,"campfire_upgraded":5,"win_rate":0,"timestamp":1566052383,"path_taken":["M","?","?","M","?","E","?","E","T","M","R","E","$","?","R","BOSS","M","?","$","M","M","R","E","R","T","?","M","E","R","M","R","BOSS","M","$","M","M"],"build_version":"2019-07-17","purchased_purges":3,"victory":false,"max_hp_per_floor":[75,75,75,75,75,89,89,89,89,89,89,89,89,89,89,89,89,89,89,89,89,89,89,89,89,89,89,89,96,96,96,96,96,101,101,106,106,106],"card_choices":[{"not_picked":["Rebound","Leap"],"picked":"Go for the Eyes","floor":1},{"not_picked":["Coolheaded","Turbo"],"picked":"Steam","floor":4},{"not_picked":["Barrage","Redo"],"picked":"Glacier","floor":5},{"not_picked":["Barrage","Force Field"],"picked":"Beam Cell","floor":6},{"not_picked":["Beam Cell","Blizzard"],"picked":"Compile Driver","floor":8},{"not_picked":["Rainbow","Coolheaded"],"picked":"Sweeping Beam","floor":10},{"not_picked":["Capacitor","Tempest"],"picked":"Ball Lightning","floor":12},{"not_picked":["Fission","Reboot"],"picked":"Biased Cognition","floor":16},{"not_picked":["Loop","Aggregate","Heatsinks"],"picked":"SKIP","floor":18},{"not_picked":["Stack","Streamline","Sweeping Beam"],"picked":"SKIP","floor":21},{"not_picked":["Rebound","Redo","Self Repair"],"picked":"SKIP","floor":22},{"not_picked":["Ball Lightning","Static Discharge"],"picked":"Seek","floor":24},{"not_picked":["Streamline","Steam"],"picked":"Leap+1","floor":27},{"not_picked":["Sweeping Beam","Sunder"],"picked":"Hologram","floor":28},{"not_picked":["Sweeping Beam","Ball Lightning+1"],"picked":"Capacitor+1","floor":29},{"not_picked":["Aggregate","Auto Shields"],"picked":"Gash+1","floor":31},{"not_picked":["Thunder Strike","All For One"],"picked":"Echo Form","floor":33},{"not_picked":["Conserve Battery","Go for the Eyes"],"picked":"Steam+1","floor":34},{"not_picked":["Compile Driver+1","Rebound+1"],"picked":"Loop+1","floor":35},{"not_picked":["Hyperbeam","Steam+1"],"picked":"Barrage+1","floor":37}],"player_experience":1805991,"relics_obtained":[{"floor":6,"key":"Mango"},{"floor":8,"key":"Boot"},{"floor":12,"key":"Sundial"},{"floor":24,"key":"Bronze Scales"},{"floor":29,"key":"Strawberry"}],"event_choices":[{"damage_healed":0,"gold_gain":0,"player_choice":"Grow","damage_taken":0,"max_hp_gain":0,"max_hp_loss":0,"event_name":"Living Wall","floor":2,"gold_loss":0,"cards_upgraded":["Zap"]},{"cards_removed":["Strike_B"],"damage_healed":0,"gold_gain":0,"player_choice":"Offered Basic","damage_taken":0,"max_hp_gain":0,"max_hp_loss":0,"event_name":"Bonfire Elementals","floor":3,"gold_loss":0},{"damage_healed":0,"gold_gain":0,"player_choice":"Entered Light","damage_taken":18,"max_hp_gain":0,"max_hp_loss":0,"event_name":"Shining Light","floor":7,"gold_loss":0,"cards_upgraded":["Defend_B","Defend_B"]},{"damage_healed":0,"gold_gain":0,"player_choice":"Ignored","damage_taken":0,"max_hp_gain":0,"max_hp_loss":0,"event_name":"Liars Game","floor":14,"gold_loss":0},{"cards_removed":["Strike_B"],"damage_healed":0,"gold_gain":0,"player_choice":"Took Card","damage_taken":0,"max_hp_gain":0,"max_hp_loss":0,"event_name":"NoteForYourself","floor":19,"gold_loss":0,"cards_obtained":["Rebound"]}],"is_beta":false,"boss_relics":[{"not_picked":["FrozenCore","Busted Crown"],"picked":"Cursed Key"},{"not_picked":["Lizard Tail","Velvet Choker"],"picked":"Tiny House"}],"items_purged_floors":[13,20,36],"is_endless":false,"potions_floor_spawned":[4,5,8,16,24,28,33,37],"killed_by":"Jaw Worm Horde","ascension_level":5}