{"gold_per_floor":[118,118,118,136,149,149,74,114,114,114,114,134,147,147,147,271,271,255,279,299,323,148,148],"floor_reached":23,"playtime":3274,"items_purged":["Strike_R","Strike_R"],"score":193,"play_id":"6ae6c7bf-de8b-4896-9fb2-36e5d52f3b0d","local_time":"20190906005852","is_ascension_mode":false,"campfire_choices":[{"data":"Anger","floor":6.0,"key":"SMITH"},{"floor":11,"key":"REST"},{"data":"Pommel Strike","floor":15,"key":"SMITH"}],"neow_cost":"","seed_source_timestamp":0,"circlet_count":0,"master_deck":["Strike_R","Strike_R","Defend_R","Defend_R","Defend_R","Defend_R","Bash","Anger+1","Ghostly Armor","Shrug It Off","Offering","Rampage","Pommel Strike+1","Impervious","Battle Trance","Iron Wave","Reaper","Shockwave","Armaments"],"special_seed":0,"relics":["Black Blood","Golden Idol","Sundial","Ornamental Fan"],"potions_floor_usage":[8,16,23,23],"damage_taken":[{"damage":1.0,"enemies":"2 Louse","floor":1.0,"turns":3.0},{"damage":1.0,"enemies":"Jaw Worm","floor":4.0,"turns":3.0},{"damage":0.0,"enemies":"Cultist","floor":5.0,"turns":3.0},{"damage":36,"enemies":"3 Sentries","floor":8,"turns":8},{"damage":0,"enemies":"2 Fungi Beasts","floor":12,"turns":4},{"damage":3,"enemies":"Exordium Wildlife","floor":13,"turns":4},{"damage":53,"enemies":"The Guardian","floor":16,"turns":11},{"damage":8,"enemies":"2 Thieves","floor":18,"turns":4},{"damage":14,"enemies":"Shell Parasite","floor":19,"turns":6},{"damage":43,"enemies":"Chosen and Byrds","floor":20,"turns":8},{"damage":34,"enemies":"Sentry and Sphere","floor":21,"turns":8},{"damage":46,"enemies":"Gremlin Leader","floor":23,"turns":7}],"seed_played":"4879940781329327183","potions_obtained":[{"floor":4.0,"key":"LiquidBronze"},{"floor":12,"key":"Poison Potion"},{"floor":19,"key":"Regen Potion"},{"floor":20,"key":"Ancient Potion"}],"is_trial":false,"path_per_floor":["M","?","?","M","M","R","$","E","T","$","R","M","M","?","R","B",null,"M","M","M","M","$","E"],"character_chosen":"IRONCLAD","items_purchased":["Armaments","SteroidPotion"],"campfire_rested":1,"item_purchase_floors":[22,22],"current_hp_per_floor":[80,73,53,58,64,64,64,34,34,34,58,64,67,67,67,20,80,80,76,43,19,19,0],"gold":148,"neow_bonus":"","is_prod":false,"is_daily":false,"chose_seed":false,"campfire_upgraded":2,"win_rate":0.0,"timestamp":1567724332,"path_taken":["M","?","?","M","M","R","$","E","T","?","R","M","M","?","R","BOSS","M","M","M","M","$","E"],"build_version":"2019-07-17","purchased_purges":2,"victory":false,"max_hp_per_floor":[80,80,80,80,80,80,80,80,80,80,80,80,80,80,80,80,80,80,80,80,80,80,80],"card_choices":[{"not_picked":["Thunderclap","True Grit"],"picked":"Anger","floor":1.0},{"not_picked":["Intimidate","Iron Wave"],"picked":"Ghostly Armor","floor":4.0},{"not_picked":["Flex","Warcry"],"picked":"Shrug It Off","floor":5.0},{"not_picked":["Bloodletting","Warcry"],"picked":"Offering","floor":8},{"not_picked":["Anger","Sword Boomerang"],"picked":"Rampage","floor":12},{"not_picked":["Headbutt","Shrug It Off"],"picked":"Pommel Strike","floor":13},{"not_picked":["Bludgeon","Offering"],"picked":"Impervious","floor":16},{"not_picked":["Sword Boomerang","Burning Pact"],"picked":"Battle Trance","floor":18},{"not_picked":["Sword Boomerang","Clash+1"],"picked":"Iron Wave","floor":19},{"not_picked":["Anger","Clothesline"],"picked":"Reaper","floor":20},{"not_picked":["Body Slam","Clash"],"picked":"Shockwave","floor":21}],"player_experience":0,"relics_obtained":[{"floor":8,"key":"Sundial"},{"floor":9,"key":"Ornamental Fan"}],"event_choices":[{"cards_removed":["Strike_R"],"damage_healed":0.0,"max_hp_gain":0.0,"max_hp_loss":0.0,"gold_gain":0.0,"event_name":"Golden Wing","player_choice":"Card Removal","floor":2.0,"gold_loss":0.0,"damage_taken":7.0},{"damage_healed":0.0,"max_hp_gain":0.0,"max_hp_loss":0.0,"gold_gain":0.0,"event_name":"Golden Idol","player_choice":"Take Damage","floor":3.0,"gold_loss":0.0,"damage_taken":20.0,"relics_obtained":["Golden Idol"]},{"damage_healed":0,"gold_gain":0,"player_choice":"Ignored","damage_taken":0,"max_hp_gain":0,"max_hp_loss":0,"event_name":"Liars Game","floor":14,"gold_loss":0}],"is_beta":false,"boss_relics":[{"not_picked":["Lizard Tail","Velvet Choker"],"picked":"Black Blood"}],"items_purged_floors":[7,22],"is_endless":false,"potions_floor_spawned":[4,12,19,20],"killed_by":"Gremlin Leader","ascension_level":0}