{"gold_per_floor":[114,114,133,151,168,201,201,232,256,256,277,277,277,311,311,409,409,409,409,409,421,421],"floor_reached":22,"playtime":2345,"items_purged":[],"score":290,"play_id":"3af012fa-2ee4-4b64-a091-9c041e75a572","local_time":"20190916231406","is_ascension_mode":true,"campfire_choices":[{"floor":7,"key":"RECALL"},{"floor":10,"key":"REST"},{"data":"Footwork","floor":12,"key":"SMITH"},{"data":"Footwork","floor":15,"key":"SMITH"}],"neow_cost":"TEN_PERCENT_HP_LOSS","seed_source_timestamp":15015487548300,"circlet_count":0,"master_deck":["Strike_G","Strike_G","Strike_G","Defend_G","Defend_G","Defend_G","Defend_G","Survivor","Neutralize+1","Glass Knife","Expertise","Footwork+1","Heel Hook","Calculated Gamble","Deflect","Footwork+1","Blur","Tools of the Trade","Necronomicurse","Backstab"],"relics":["Ring of the Snake","Oddly Smooth Stone","Ancient Tea Set","Smiling Mask","Odd Mushroom","Snake Skull","Lizard Tail","Necronomicon","Orichalcum"],"potions_floor_usage":[8,16,18,21],"damage_taken":[{"damage":4,"enemies":"Jaw Worm","floor":1,"turns":4},{"damage":0,"enemies":"Cultist","floor":3,"turns":3},{"damage":0,"enemies":"Small Slimes","floor":4,"turns":3},{"damage":1,"enemies":"Looter","floor":5,"turns":3},{"damage":7,"enemies":"Lagavulin","floor":6,"turns":11},{"damage":16,"enemies":"Gremlin Nob","floor":8,"turns":5},{"damage":5,"enemies":"The Mushroom Lair","floor":11,"turns":5},{"damage":10,"enemies":"3 Sentries","floor":14,"turns":19},{"damage":0,"enemies":"The Guardian","floor":16,"turns":21},{"damage":3,"enemies":"3 Byrds","floor":18,"turns":4},{"damage":2,"enemies":"Spheric Guardian","floor":21,"turns":10},{"damage":76,"enemies":"3 Cultists","floor":22,"turns":8}],"seed_played":"-7246867140843788803","potions_obtained":[{"floor":1,"key":"Energy Potion"},{"floor":3,"key":"Explosive Potion"},{"floor":4,"key":"SmokeBomb"},{"floor":16,"key":"PowerPotion"}],"is_trial":false,"path_per_floor":["M","?","M","M","M","E","R","E","T","R","?","R","?","E","R","B",null,"M","?","?","M","M"],"character_chosen":"THE_SILENT","items_purchased":[],"campfire_rested":1,"item_purchase_floors":[],"current_hp_per_floor":[59,59,59,59,58,51,51,35,35,53,48,48,48,38,38,38,63,60,44,44,42,0],"gold":421,"neow_bonus":"TRANSFORM_TWO_CARDS","is_prod":false,"is_daily":false,"chose_seed":false,"campfire_upgraded":2,"win_rate":0,"timestamp":1568700846,"path_taken":["M","?","M","?","M","E","R","E","T","R","?","R","?","E","R","BOSS","M","?","?","M","?"],"build_version":"2019-07-17","purchased_purges":0,"victory":false,"max_hp_per_floor":[63,63,63,63,63,63,63,63,63,63,63,63,63,63,63,63,63,63,63,63,63,63],"card_choices":[{"not_picked":["Prepared","Bane"],"picked":"Footwork","floor":1},{"not_picked":["Backflip","Dagger Throw"],"picked":"Heel Hook","floor":3},{"not_picked":["Dagger Spray","Acrobatics"],"picked":"Calculated Gamble","floor":4},{"not_picked":["Dagger Throw","Escape Plan","Dodge and Roll"],"picked":"SKIP","floor":5},{"not_picked":["Masterful Stab","Bane","Dagger Throw"],"picked":"SKIP","floor":6},{"not_picked":["Masterful Stab","Bane","Dagger Throw"],"picked":"SKIP","floor":6},{"not_picked":["Backflip","Finisher"],"picked":"Deflect","floor":8},{"not_picked":["Blade Dance","Burst"],"picked":"Footwork","floor":11},{"not_picked":["Choke","Underhanded Strike"],"picked":"Blur","floor":14},{"not_picked":["Die Die Die","Wraith Form v2"],"picked":"Tools of the Trade","floor":16},{"not_picked":["Acrobatics","Slice+1"],"picked":"Backstab","floor":21}],"player_experience":105155,"relics_obtained":[{"floor":6,"key":"Oddly Smooth Stone"},{"floor":8,"key":"Ancient Tea Set"},{"floor":9,"key":"Smiling Mask"},{"floor":11,"key":"Odd Mushroom"},{"floor":14,"key":"Snake Skull"},{"floor":19,"key":"Necronomicon"}],"event_choices":[{"damage_healed":0,"gold_gain":0,"player_choice":"Upgraded","damage_taken":0,"max_hp_gain":0,"max_hp_loss":0,"event_name":"Upgrade Shrine","floor":2,"gold_loss":0,"cards_upgraded":["Neutralize"]},{"damage_healed":0,"gold_gain":0,"player_choice":"Fought Mushrooms","damage_taken":0,"max_hp_gain":0,"max_hp_loss":0,"event_name":"Mushrooms","floor":11,"gold_loss":0},{"cards_removed":["Defend_G"],"damage_healed":0,"gold_gain":0,"player_choice":"Forget","damage_taken":0,"max_hp_gain":0,"max_hp_loss":0,"event_name":"Living Wall","floor":13,"gold_loss":0},{"damage_healed":0,"gold_gain":0,"player_choice":"Obtained Book","damage_taken":16,"max_hp_gain":0,"max_hp_loss":0,"event_name":"Cursed Tome","floor":19,"gold_loss":0},{"damage_healed":0,"gold_gain":0,"player_choice":"Opened","damage_taken":0,"relics_obtained":["Orichalcum"],"max_hp_gain":0,"max_hp_loss":0,"event_name":"The Mausoleum","floor":20,"gold_loss":0}],"is_beta":false,"boss_relics":[{"not_picked":["Ectoplasm","Orrery"],"picked":"Lizard Tail"}],"items_purged_floors":[],"is_endless":false,"potions_floor_spawned":[1,3,4,16,18],"killed_by":"3 Cultists","ascension_level":3}