{"gold_per_floor":[111,127,52,64,77,93,93,118,118,118,130,130,30,47,47,151,151,167,180,95,95,115,115,23,23,75,92,109,61,89,108,108,210,210,227,227,237,36,49,49,78,78,78,91,91,57,71,71,71,71],"floor_reached":50,"playtime":1949,"items_purged":["Strike_R","Strike_R"],"score":673,"play_id":"a27de48c-4d4d-47c1-950d-74d1f6a5f8a1","local_time":"20180720174112","is_ascension_mode":false,"campfire_choices":[{"data":"Spot Weakness","floor":7,"key":"SMITH"},{"data":"Flex","floor":10,"key":"SMITH"},{"data":"Iron Wave","floor":12,"key":"SMITH"},{"data":"Sword Boomerang","floor":15,"key":"SMITH"},{"floor":23,"key":"REST"},{"data":"Bash","floor":32,"key":"SMITH"},{"floor":40,"key":"REST"},{"data":"Brutality","floor":42,"key":"SMITH"},{"data":"Reaper","floor":45,"key":"SMITH"},{"floor":49,"key":"REST"}],"neow_cost":"NONE","seed_source_timestamp":527787427739392,"circlet_count":0,"master_deck":["Strike_R+1","Strike_R+1","Strike_R+1","Defend_R+1","Defend_R+1","Defend_R+1","Defend_R+1","Bash+1","Flex+1","Sword Boomerang+1","Spot Weakness+1","Reaper+1","Clothesline","Iron Wave+1","Flex+1","Flex+1","Double Tap+1","Rampage+1","Flex+1","Finesse+1","Dual Wield+1","Flame Barrier+1","Armaments+1","Headbutt+1","Burning Pact+1","Brutality+1","True Grit+1","Master of Strategy+1","Battle Trance+1","Rage+1","Thunderclap+1","Intimidate+1"],"relics":["Burning Blood","NeowsBlessing","Potion Belt","Toxic Egg 2","Philosopher\u0027s Stone","Gremlin Horn","Bag of Preparation","Bottled Flame","Runic Cube","Gambling Chip","Orichalcum","Pear"],"potions_floor_usage":[11,16,16,18,22,25,30,31,41],"damage_taken":[{"damage":0,"enemies":"2 Louse","floor":1,"turns":1},{"damage":0,"enemies":"Small Slimes","floor":2,"turns":1},{"damage":0,"enemies":"Cultist","floor":4,"turns":1},{"damage":16,"enemies":"Blue Slaver","floor":5,"turns":4},{"damage":10,"enemies":"Looter","floor":6,"turns":3},{"damage":24,"enemies":"Gremlin Nob","floor":8,"turns":4},{"damage":5,"enemies":"2 Fungi Beasts","floor":11,"turns":2},{"damage":0,"enemies":"Large Slime","floor":14,"turns":4},{"damage":10,"enemies":"Slime Boss","floor":16,"turns":6},{"damage":20,"enemies":"Shell Parasite","floor":18,"turns":3},{"damage":30,"enemies":"Spheric Guardian","floor":19,"turns":4},{"damage":18,"enemies":"Centurion and Healer","floor":22,"turns":5},{"damage":0,"enemies":"Snecko","floor":25,"turns":1},{"damage":12,"enemies":"Sentry and Sphere","floor":27,"turns":4},{"damage":12,"enemies":"Centurion and Healer","floor":28,"turns":3},{"damage":13,"enemies":"Book of Stabbing","floor":30,"turns":4},{"damage":8,"enemies":"3 Cultists","floor":31,"turns":4},{"damage":84,"enemies":"Automaton","floor":33,"turns":10},{"damage":0,"enemies":"Orb Walker","floor":35,"turns":1},{"damage":30,"floor":36,"turns":7},{"damage":29,"enemies":"3 Shapes","floor":37,"turns":1},{"damage":29,"enemies":"Spire Growth","floor":39,"turns":4},{"damage":84,"enemies":"Nemesis","floor":41,"turns":5},{"damage":0,"enemies":"Sphere and 2 Shapes","floor":44,"turns":1},{"damage":11,"enemies":"Maw","floor":47,"turns":6},{"damage":72,"enemies":"Time Eater","floor":50,"turns":6}],"seed_played":"-6583086697681950793","potions_obtained":[{"floor":1,"key":"FearPotion"},{"floor":6,"key":"SmokeBomb"},{"floor":8,"key":"AttackPotion"},{"floor":14,"key":"Fire Potion"},{"floor":16,"key":"AttackPotion"},{"floor":19,"key":"Explosive Potion"},{"floor":27,"key":"Fire Potion"},{"floor":30,"key":"Fire Potion"},{"floor":39,"key":"Regen Potion"},{"floor":44,"key":"Fire Potion"}],"is_trial":false,"path_per_floor":["M","M","$","M","M","M","R","E","T","R","M","R","$","M","R","B",null,"M","M","?","?","M","R","$","M","T","M","M","$","E","M","R","B",null,"M","?","M","$","M","R","E","R","T","M","R","$","M","?","R"],"character_chosen":"IRONCLAD","items_purchased":["Finesse+1","Armaments+1","Master of Strategy+1","Rage+1"],"campfire_rested":3,"item_purchase_floors":[24,29,38,46],"current_hp_per_floor":[80,80,80,80,70,66,66,48,48,48,49,49,49,57,57,71,80,66,42,42,42,34,58,58,64,64,58,80,80,73,78,78,27,80,80,72,49,49,26,50,34,34,44,50,50,50,45,45,72,0],"gold":71,"neow_bonus":"THREE_ENEMY_KILL","is_prod":false,"is_daily":false,"chose_seed":false,"campfire_upgraded":7,"win_rate":0.0,"timestamp":1532097672,"path_taken":["M","M","$","M","M","M","R","E","T","R","M","R","$","M","R","BOSS","M","M","?","?","M","R","$","M","T","M","M","$","E","M","R","BOSS","M","?","M","$","M","R","E","R","T","M","R","$","M","?","R","BOSS"],"build_version":"2018-07-19v2","purchased_purges":2,"victory":false,"max_hp_per_floor":[80,80,80,80,80,80,80,80,80,80,80,80,80,80,80,80,80,80,80,80,80,80,80,80,80,80,80,80,80,80,80,80,80,80,80,80,80,80,80,80,80,80,90,90,90,90,90,90,90,90],"card_choices":[{"not_picked":["Body Slam","Twin Strike"],"picked":"Flex","floor":1},{"not_picked":["Disarm","Perfected Strike"],"picked":"Sword Boomerang","floor":2},{"not_picked":["Searing Blow","Shrug It Off"],"picked":"Spot Weakness","floor":4},{"not_picked":["Ghostly Armor","Rage"],"picked":"Reaper","floor":5},{"not_picked":["Havoc","Whirlwind"],"picked":"Clothesline","floor":6},{"not_picked":["Warcry","Clothesline"],"picked":"Iron Wave","floor":8},{"not_picked":["Metallicize","Thunderclap"],"picked":"Flex+1","floor":11},{"not_picked":["Combust","Thunderclap"],"picked":"Flex+1","floor":14},{"not_picked":["Dark Embrace","Berserk"],"picked":"Double Tap+1","floor":16},{"not_picked":["Pommel Strike","Corruption","Clothesline"],"picked":"SKIP","floor":18},{"not_picked":["Corruption","Burning Pact+1"],"picked":"Rampage+1","floor":19},{"not_picked":["Body Slam","Metallicize"],"picked":"Flex+1","floor":22},{"not_picked":["Entrench+1","Warcry+1"],"picked":"Dual Wield+1","floor":27},{"not_picked":["Uppercut+1","Armaments+1"],"picked":"Flame Barrier+1","floor":28},{"not_picked":["Shockwave+1","Havoc+1"],"picked":"Headbutt+1","floor":30},{"not_picked":["Perfected Strike","Heavy Blade"],"picked":"Burning Pact+1","floor":31},{"not_picked":["Barricade","Berserk"],"picked":"Brutality","floor":33},{"not_picked":["Anger","Disarm+1"],"picked":"Power Through+1","floor":35},{"not_picked":["Bloodletting+1","Searing Blow"],"picked":"True Grit+1","floor":36},{"not_picked":["Carnage","Wild Strike+1","Metallicize"],"picked":"SKIP","floor":37},{"not_picked":["Flame Barrier+1","Twin Strike","Disarm+1"],"picked":"SKIP","floor":39},{"not_picked":["Rampage","Combust","Pommel Strike"],"picked":"SKIP","floor":41},{"not_picked":["Shrug It Off+1","Havoc+1"],"picked":"Battle Trance+1","floor":44},{"not_picked":["Combust+1","Metallicize"],"picked":"Thunderclap+1","floor":47}],"player_experience":112109,"relics_obtained":[{"floor":8,"key":"Potion Belt"},{"floor":9,"key":"Toxic Egg 2"},{"floor":26,"key":"Bag of Preparation"},{"floor":30,"key":"Bottled Flame"},{"floor":36,"key":"Gambling Chip"},{"floor":41,"key":"Orichalcum"},{"floor":43,"key":"Pear"}],"event_choices":[{"event_name":"Addict","player_choice":"Obtained Relic","floor":20,"damage_taken":0},{"event_name":"Back to Basics","player_choice":"Simplicity","floor":21,"damage_taken":0},{"event_name":"MindBloom","player_choice":"Fight","floor":36,"damage_taken":0},{"event_name":"Transmorgrifier","player_choice":"Transform","floor":48,"damage_taken":0}],"is_beta":false,"boss_relics":[{"not_picked":["Busted Crown","Calling Bell"],"picked":"Philosopher\u0027s Stone"},{"not_picked":["Mark of Pain","Fusion Hammer"],"picked":"Runic Cube"}],"items_purged_floors":[3,13],"is_endless":false,"potions_floor_spawned":[1,6,8,14,16,19,27,30,39,44],"killed_by":"Time Eater","ascension_level":0}