{"gold_per_floor":[110,110,128,6,6,37,37,52,75,75,104,104,104,104],"floor_reached":14,"playtime":417,"items_purged":["Strike_R"],"score":110,"play_id":"91fded1f-9445-4a2d-ba73-e94f627e9e0f","local_time":"20190414020301","is_ascension_mode":true,"campfire_choices":[{"floor":7,"key":"REST"},{"data":"Armaments","floor":10,"key":"SMITH"}],"neow_cost":"NONE","seed_source_timestamp":1842626723149600,"circlet_count":0,"master_deck":["Strike_R","Strike_R","Strike_R","Strike_R","Defend_R","Defend_R","Defend_R","Defend_R","Bash","Clash","Seeing Red","Armaments+1","Decay","Spot Weakness","Shrug It Off","Intimidate"],"relics":["Burning Blood","Happy Flower","Blood Vial","Paper Frog","Ice Cream"],"potions_floor_usage":[3],"damage_taken":[{"damage":10,"enemies":"Jaw Worm","floor":1,"turns":6},{"damage":0,"enemies":"Cultist","floor":3,"turns":3},{"damage":63,"enemies":"3 Sentries","floor":6,"turns":15},{"damage":0,"enemies":"2 Louse","floor":8,"turns":2},{"damage":59,"enemies":"Lagavulin","floor":11,"turns":11},{"damage":21,"enemies":"3 Sentries","floor":14,"turns":4}],"seed_played":"-5863382570611156674","potions_obtained":[{"floor":1,"key":"Weak Potion"}],"is_trial":false,"path_per_floor":["M","?","M","$","?","E","R","M","T","R","E","?","?","E"],"character_chosen":"IRONCLAD","items_purchased":["Armaments"],"campfire_rested":1,"item_purchase_floors":[4],"current_hp_per_floor":[84,89,93,93,93,36,63,69,69,69,18,15,15,0],"gold":104,"neow_bonus":"TEN_PERCENT_HP_BONUS","is_prod":false,"is_daily":false,"chose_seed":false,"campfire_upgraded":1,"win_rate":0,"timestamp":1555196581,"path_taken":["M","?","M","$","?","E","R","?","T","R","E","?","?","E"],"build_version":"2019-01-23","purchased_purges":1,"victory":false,"max_hp_per_floor":[88,93,93,93,93,93,93,93,93,93,93,93,93,93],"card_choices":[{"not_picked":["Armaments","Body Slam"],"picked":"Clash","floor":1},{"not_picked":["Headbutt","Twin Strike"],"picked":"Seeing Red","floor":3},{"not_picked":["Sentinel","Clothesline"],"picked":"Spot Weakness","floor":6},{"not_picked":["Metallicize","Feed"],"picked":"Shrug It Off","floor":8},{"not_picked":["Pummel","Hemokinesis"],"picked":"Intimidate","floor":11}],"player_experience":285646,"relics_obtained":[{"floor":6,"key":"Happy Flower"},{"floor":9,"key":"Blood Vial"},{"floor":11,"key":"Paper Frog"}],"event_choices":[{"damage_healed":0,"gold_gain":0,"player_choice":"Donut","damage_taken":0,"max_hp_gain":5,"max_hp_loss":0,"event_name":"Big Fish","floor":2,"gold_loss":0},{"damage_healed":0,"gold_gain":0,"player_choice":"Cursed","damage_taken":0,"max_hp_gain":0,"max_hp_loss":0,"event_name":"Wheel of Change","floor":5,"gold_loss":0,"cards_obtained":["Decay"]},{"damage_healed":0,"gold_gain":0,"player_choice":"Success","damage_taken":3,"relics_obtained":["Ice Cream"],"max_hp_gain":0,"max_hp_loss":0,"event_name":"Scrap Ooze","floor":12,"gold_loss":0},{"damage_healed":0,"gold_gain":0,"player_choice":"Ignored","damage_taken":0,"max_hp_gain":0,"max_hp_loss":0,"event_name":"Golden Idol","floor":13,"gold_loss":0}],"is_beta":false,"boss_relics":[],"items_purged_floors":[4],"is_endless":false,"potions_floor_spawned":[1],"killed_by":"3 Sentries","ascension_level":3}