{"gold_per_floor":[110,358,374,388,404,404,433,29,29,47,65,65,84,102,102,205,205,219,236,336,38,50,50,79,79,79,89,108,134,145,163,163,266,266,277,297,297,314,329,329,329,329],"floor_reached":42,"playtime":3392,"items_purged":["Strike_B","Defend_B"],"score":588,"play_id":"32a6a3f7-a060-47ad-b147-d7e3335c3f6c","local_time":"20190926205037","is_ascension_mode":true,"campfire_choices":[{"data":"Echo Form","floor":6,"key":"SMITH"},{"data":"Redo","floor":12,"key":"SMITH"},{"data":"Hologram","floor":15,"key":"SMITH"},{"data":"Buffer","floor":23,"key":"SMITH"},{"data":"Seek","floor":25,"key":"SMITH"},{"data":"Self Repair","floor":32,"key":"SMITH"},{"data":"Biased Cognition","floor":40,"key":"SMITH"}],"neow_cost":"NONE","seed_source_timestamp":869362100540500,"circlet_count":0,"master_deck":["Strike_B","Strike_B","Strike_B","Defend_B","Defend_B","Defend_B","Zap+1","Dualcast","Static Discharge","Go for the Eyes","Echo Form+1","Leap","Streamline","Biased Cognition+1","Melter","Redo+1","Steam","Hologram+1","Turbo","Buffer+1","Hologram+1","Capacitor","All For One","Seek+1","FTL+1","Stack","Steam","Sweeping Beam+1","Conserve Battery","Self Repair+1","Gash","Seek","Self Repair","Glacier","Madness","Madness","Auto Shields+1","Steam+1","Thinking Ahead","Apotheosis"],"relics":["Cracked Core","Old Coin","The Courier","Mummified Hand","Mercury Hourglass","Eternal Feather","Membership Card","Dream Catcher","Darkstone Periapt","Runic Pyramid"],"potions_floor_usage":[7,16,16,16,22,24,29,31,33,42],"damage_taken":[{"damage":1,"enemies":"Cultist","floor":1,"turns":3},{"damage":7,"enemies":"Jaw Worm","floor":3,"turns":3},{"damage":4,"enemies":"2 Louse","floor":4,"turns":3},{"damage":0,"enemies":"Large Slime","floor":5,"turns":4},{"damage":22,"enemies":"Gremlin Nob","floor":7,"turns":5},{"damage":6,"enemies":"Looter","floor":10,"turns":2},{"damage":0,"enemies":"3 Louse","floor":11,"turns":2},{"damage":1,"enemies":"2 Fungi Beasts","floor":13,"turns":3},{"damage":0,"enemies":"Blue Slaver","floor":14,"turns":3},{"damage":13,"enemies":"The Guardian","floor":16,"turns":8},{"damage":0,"enemies":"Spheric Guardian","floor":18,"turns":3},{"damage":14,"enemies":"2 Thieves","floor":19,"turns":3},{"damage":14,"enemies":"Centurion and Healer","floor":22,"turns":6},{"damage":15,"enemies":"Book of Stabbing","floor":24,"turns":5},{"damage":0,"enemies":"Shelled Parasite and Fungi","floor":27,"turns":3},{"damage":0,"enemies":"Sentry and Sphere","floor":28,"turns":4},{"damage":14,"enemies":"Slavers","floor":29,"turns":4},{"damage":0,"enemies":"Snecko","floor":30,"turns":3},{"damage":12,"enemies":"Chosen and Byrds","floor":31,"turns":5},{"damage":51,"enemies":"Automaton","floor":33,"turns":8},{"damage":16,"enemies":"Orb Walker","floor":35,"turns":3},{"damage":33,"enemies":"3 Darklings","floor":36,"turns":4},{"damage":12,"enemies":"Writhing Mass","floor":38,"turns":7},{"damage":0,"enemies":"4 Shapes","floor":39,"turns":5},{"damage":81,"enemies":"Reptomancer","floor":42,"turns":2}],"seed_played":"-625095631652962082","potions_obtained":[{"floor":1,"key":"Dexterity Potion"},{"floor":3,"key":"Strength Potion"},{"floor":5,"key":"EssenceOfSteel"},{"floor":13,"key":"FearPotion"},{"floor":16,"key":"Regen Potion"},{"floor":22,"key":"AttackPotion"},{"floor":24,"key":"Weak Potion"},{"floor":28,"key":"SkillPotion"},{"floor":31,"key":"Ancient Potion"},{"floor":33,"key":"EssenceOfSteel"},{"floor":38,"key":"FearPotion"}],"is_trial":false,"path_per_floor":["M","?","M","M","M","R","E","$","T","M","M","R","M","M","R","B",null,"M","M","?","$","M","R","E","R","T","M","M","E","M","M","R","B",null,"M","M","?","M","M","R","?","E"],"character_chosen":"DEFECT","items_purchased":["Mummified Hand","Biased Cognition","Melter","Membership Card","All For One","Seek"],"campfire_rested":0,"item_purchase_floors":[8,8,8,21,21,21],"current_hp_per_floor":[74,74,67,63,63,63,41,41,41,35,35,35,34,34,34,21,75,75,61,61,61,61,75,60,75,75,75,75,61,61,56,74,33,75,69,53,44,56,73,75,70,0],"gold":329,"neow_bonus":"UPGRADE_CARD","is_prod":false,"is_daily":false,"chose_seed":false,"campfire_upgraded":7,"win_rate":0,"timestamp":1569556237,"path_taken":["M","?","M","M","?","R","E","$","T","M","?","R","M","M","R","BOSS","M","M","?","$","M","R","E","R","T","M","M","E","M","?","R","BOSS","M","?","?","M","M","R","?","E"],"build_version":"2019-07-17","purchased_purges":2,"victory":false,"max_hp_per_floor":[75,75,75,75,75,75,75,75,75,75,75,75,75,75,75,75,75,75,75,75,75,75,75,75,75,75,75,75,75,75,75,75,75,75,75,75,75,75,75,75,75,75],"card_choices":[{"not_picked":["Hologram","Consume"],"picked":"Static Discharge","floor":1},{"not_picked":["Ball Lightning","Undo"],"picked":"Go for the Eyes","floor":3},{"not_picked":["Sweeping Beam","Beam Cell"],"picked":"Echo Form","floor":4},{"not_picked":["Barrage","Chaos"],"picked":"Leap","floor":5},{"not_picked":["Gash","Force Field"],"picked":"Streamline","floor":7},{"not_picked":["Go for the Eyes","Stack"],"picked":"Redo","floor":10},{"not_picked":["Blizzard","Sweeping Beam"],"picked":"Steam","floor":11},{"not_picked":["Conserve Battery","Fission"],"picked":"Hologram","floor":13},{"not_picked":["Storm","Aggregate"],"picked":"Turbo","floor":14},{"not_picked":["Hyperbeam","Multi-Cast"],"picked":"Buffer","floor":16},{"not_picked":["Sweeping Beam","Steam"],"picked":"Hologram+1","floor":18},{"not_picked":["Doom and Gloom+1","Recycle"],"picked":"Capacitor","floor":19},{"not_picked":["Ball Lightning","Skim"],"picked":"FTL+1","floor":22},{"not_picked":["Recycle","Ball Lightning"],"picked":"Stack","floor":24},{"not_picked":["Redo","Compile Driver"],"picked":"Steam","floor":27},{"not_picked":["Ball Lightning","Coolheaded"],"picked":"Sweeping Beam+1","floor":28},{"not_picked":["Blizzard","Hyperbeam"],"picked":"Conserve Battery","floor":29},{"not_picked":["FTL","Force Field"],"picked":"Self Repair","floor":30},{"not_picked":["Go for the Eyes","Rebound"],"picked":"Gash","floor":31},{"not_picked":["Hyperbeam","Core Surge"],"picked":"Seek","floor":33},{"not_picked":["Coolheaded","Turbo+1"],"picked":"Self Repair","floor":35},{"not_picked":["Ball Lightning+1","Sunder+1"],"picked":"Glacier","floor":36},{"not_picked":["Recycle","Aggregate"],"picked":"Auto Shields+1","floor":38},{"not_picked":["Scrape","Undo"],"picked":"Steam+1","floor":39},{"not_picked":["Discovery","Jack Of All Trades"],"picked":"Thinking Ahead","floor":41},{"not_picked":["Dark Shackles","Transmutation"],"picked":"Apotheosis","floor":41}],"player_experience":197615,"relics_obtained":[{"floor":7,"key":"The Courier"},{"floor":9,"key":"Mercury Hourglass"},{"floor":24,"key":"Dream Catcher"},{"floor":29,"key":"Darkstone Periapt"}],"event_choices":[{"damage_healed":0,"gold_gain":0,"player_choice":"Paid Gold","damage_taken":0,"relics_obtained":["Old Coin"],"max_hp_gain":0,"max_hp_loss":0,"event_name":"WeMeetAgain","floor":2,"gold_loss":52},{"damage_healed":0,"gold_gain":100,"player_choice":"Pray","damage_taken":0,"max_hp_gain":0,"max_hp_loss":0,"event_name":"Golden Shrine","floor":20,"gold_loss":0},{"damage_healed":0,"gold_gain":0,"player_choice":"Embrace Madness","damage_taken":9,"max_hp_gain":0,"max_hp_loss":0,"event_name":"Winding Halls","floor":37,"gold_loss":0,"cards_obtained":["Madness","Madness"]},{"damage_healed":0,"gold_gain":0,"player_choice":"Memory 2","damage_taken":5,"max_hp_gain":0,"max_hp_loss":0,"event_name":"SensoryStone","floor":41,"gold_loss":0}],"is_beta":false,"boss_relics":[{"not_picked":["Ectoplasm","Black Star"],"picked":"Eternal Feather"},{"not_picked":["Runic Dome","White Beast Statue"],"picked":"Runic Pyramid"}],"items_purged_floors":[8,21],"is_endless":false,"potions_floor_spawned":[1,3,5,13,14,16,22,24,28,31,33,38],"killed_by":"Reptomancer","ascension_level":4}