{"gold_per_floor":[115,135,155,430,442,474,474,499,499,516,547,557,577,592,592,592],"floor_reached":16,"playtime":984,"items_purged":[],"score":151,"play_id":"82cbfec8-c089-4eef-b7ae-8d30c59298a0","local_time":"20190912090145","is_ascension_mode":false,"campfire_choices":[{"floor":7,"key":"REST"},{"floor":15,"key":"REST"}],"neow_cost":"NONE","seed_source_timestamp":1291575922800,"circlet_count":0,"master_deck":["Strike_R+1","Strike_R","Strike_R","Strike_R","Strike_R","Defend_R","Defend_R","Defend_R","Defend_R","Bash+1","Twin Strike","Twin Strike","Headbutt","Flex","Regret","Perfected Strike","Twin Strike","Rupture","Warcry","Seeing Red","Flex","Twin Strike","True Grit"],"relics":["Burning Blood","Ginger","Omamori","Whetstone","Kunai"],"potions_floor_usage":[6,16,16,16],"damage_taken":[{"damage":0,"enemies":"2 Louse","floor":1,"turns":2},{"damage":1,"enemies":"Cultist","floor":2,"turns":3},{"damage":3,"enemies":"Small Slimes","floor":3,"turns":3},{"damage":27,"enemies":"Gremlin Gang","floor":5,"turns":6},{"damage":33,"enemies":"Lagavulin","floor":6,"turns":4},{"damage":17,"enemies":"Gremlin Nob","floor":8,"turns":3},{"damage":8,"enemies":"Red Slaver","floor":10,"turns":2},{"damage":33,"enemies":"Lagavulin","floor":11,"turns":4},{"damage":7,"enemies":"2 Fungi Beasts","floor":12,"turns":4},{"damage":5,"enemies":"Looter","floor":13,"turns":3},{"damage":3,"enemies":"Exordium Wildlife","floor":14,"turns":2},{"damage":43,"enemies":"The Guardian","floor":16,"turns":7}],"seed_played":"9131553929550100061","potions_obtained":[{"floor":3,"key":"Fire Potion"},{"floor":6,"key":"Energy Potion"},{"floor":11,"key":"SteroidPotion"},{"floor":12,"key":"EssenceOfSteel"}],"is_trial":false,"path_per_floor":["M","M","M","?","M","E","R","E","T","M","E","M","M","M","R","B"],"character_chosen":"IRONCLAD","items_purchased":[],"campfire_rested":2,"item_purchase_floors":[],"current_hp_per_floor":[80,80,80,80,59,32,56,45,45,43,16,15,16,19,43,0],"gold":592,"neow_bonus":"THREE_CARDS","is_prod":false,"is_daily":false,"chose_seed":false,"campfire_upgraded":0,"win_rate":0.0,"timestamp":1568304105,"path_taken":["M","M","M","?","M","E","R","E","T","M","E","M","M","M","R","BOSS"],"build_version":"2019-07-17","purchased_purges":0,"victory":false,"max_hp_per_floor":[80,80,80,80,80,80,80,80,80,80,80,80,80,80,80,80],"card_choices":[{"not_picked":["Whirlwind","Headbutt"],"picked":"Twin Strike","floor":0},{"not_picked":["Ghostly Armor","Headbutt"],"picked":"Twin Strike","floor":1},{"not_picked":["Impervious","Whirlwind"],"picked":"Headbutt","floor":2},{"not_picked":["Armaments","Dropkick"],"picked":"Flex","floor":3},{"not_picked":["Ghostly Armor","Cleave"],"picked":"Perfected Strike","floor":5},{"not_picked":["Combust","Limit Break"],"picked":"Twin Strike","floor":6},{"not_picked":["Entrench","Blood for Blood"],"picked":"Rupture","floor":8},{"not_picked":["Second Wind","Clothesline"],"picked":"Warcry","floor":10},{"not_picked":["Anger","Shockwave"],"picked":"Seeing Red","floor":11},{"not_picked":["Heavy Blade","Body Slam"],"picked":"Flex","floor":12},{"not_picked":["Iron Wave","Rupture"],"picked":"Twin Strike","floor":13},{"not_picked":["Combust","Heavy Blade"],"picked":"True Grit","floor":14}],"player_experience":21730,"relics_obtained":[{"floor":6,"key":"Ginger"},{"floor":8,"key":"Omamori"},{"floor":9,"key":"Whetstone"},{"floor":11,"key":"Kunai"}],"event_choices":[{"damage_healed":0,"gold_gain":275,"player_choice":"Desecrate","damage_taken":0,"max_hp_gain":0,"max_hp_loss":0,"event_name":"Golden Shrine","floor":4,"gold_loss":0,"cards_obtained":["Regret"]}],"is_beta":false,"boss_relics":[],"items_purged_floors":[],"is_endless":false,"potions_floor_spawned":[3,6,11,12,14],"killed_by":"The Guardian","ascension_level":0}