{"gold_per_floor":[109,126,126,139,139,139,156,189,189,189,222,277,16,51,51,153,153,169,169,18,118,132,132,158,177,246,260,260,280,42,68,68,167,167,186,196,244,58,158,158,187,187,257,282,309,333,150,150,150,150],"floor_reached":50,"playtime":2222,"items_purged":["Strike_B","Strike_B","Strike_B+1"],"score":776,"play_id":"6f7e60ea-68fa-4837-8ddf-56b3a3379a88","local_time":"20190818112930","is_ascension_mode":true,"campfire_choices":[{"data":"Rip and Tear","floor":6,"key":"SMITH"},{"data":"Zap","floor":10,"key":"SMITH"},{"data":"Compile Driver","floor":15,"key":"SMITH"},{"floor":23,"key":"REST"},{"floor":28,"key":"REST"},{"floor":32,"key":"REST"},{"floor":40,"key":"REST"},{"floor":42,"key":"REST"},{"floor":49,"key":"RECALL"}],"neow_cost":"NONE","seed_source_timestamp":266669551446600,"circlet_count":0,"master_deck":["Defend_B","Defend_B","Defend_B","Defend_B","Zap+1","Dualcast","Cold Snap+1","Sweeping Beam+1","Compile Driver+1","Rip and Tear+1","Reinforced Body","Gash","Echo Form+1","Hologram+1","Gash","Gash+1","Seek","Chill+1","Loop+1","Lockon+1","Buffer+1","Compile Driver+1","Gash","Trip","Static Discharge+1","Gash","Stack+1","Loop+1"],"relics":["Cracked Core","Torii","Ginger","Bottled Flame","Ancient Tea Set","Frozen Egg 2","Whetstone","Nuclear Battery","Calipers","Sundial","Blue Candle","Sozu","Nunchaku","Shovel","Meat on the Bone","MawBank"],"potions_floor_usage":[8,12,14,16,24,24,27,31,33],"damage_taken":[{"damage":0,"enemies":"Small Slimes","floor":1,"turns":3},{"damage":2,"enemies":"Jaw Worm","floor":2,"turns":3},{"damage":0,"enemies":"2 Louse","floor":4,"turns":2},{"damage":14,"enemies":"Lots of Slimes","floor":7,"turns":3},{"damage":10,"enemies":"Gremlin Nob","floor":8,"turns":4},{"damage":8,"enemies":"Lagavulin","floor":11,"turns":5},{"damage":0,"enemies":"Gremlin Nob","floor":12,"turns":2},{"damage":10,"enemies":"3 Sentries","floor":14,"turns":3},{"damage":10,"enemies":"Hexaghost","floor":16,"turns":8},{"damage":1,"enemies":"Spheric Guardian","floor":18,"turns":3},{"damage":1,"enemies":"3 Byrds","floor":22,"turns":4},{"damage":31,"enemies":"Slavers","floor":24,"turns":4},{"damage":1,"enemies":"Cultist and Chosen","floor":25,"turns":4},{"damage":0,"enemies":"Shelled Parasite and Fungi","floor":27,"turns":2},{"damage":10,"enemies":"Snecko","floor":29,"turns":4},{"damage":17,"enemies":"Book of Stabbing","floor":31,"turns":5},{"damage":29,"enemies":"Champ","floor":33,"turns":6},{"damage":1,"enemies":"Orb Walker","floor":35,"turns":2},{"damage":10,"enemies":"3 Shapes","floor":36,"turns":7},{"damage":17,"enemies":"2 Orb Walkers","floor":37,"turns":5},{"damage":3,"enemies":"Mind Bloom Boss Battle","floor":39,"turns":6},{"damage":30,"enemies":"Reptomancer","floor":41,"turns":6},{"damage":0,"enemies":"Giant Head","floor":44,"turns":5},{"damage":23,"enemies":"Spire Growth","floor":45,"turns":5},{"damage":15,"enemies":"Transient","floor":46,"turns":5},{"damage":50,"enemies":"Donu and Deca","floor":50,"turns":6}],"seed_played":"-6334339291826789365","potions_obtained":[{"floor":7,"key":"AttackPotion"},{"floor":8,"key":"Fire Potion"},{"floor":12,"key":"AttackPotion"},{"floor":14,"key":"PowerPotion"},{"floor":18,"key":"SkillPotion"},{"floor":25,"key":"AttackPotion"},{"floor":27,"key":"Energy Potion"},{"floor":31,"key":"FearPotion"}],"is_trial":false,"path_per_floor":["M","M","?","M","?","R","M","E","T","R","E","?","$","E","R","B",null,"M","?","$","?","M","R","E","M","T","M","R","M","$","E","R","B",null,"M","M","?","$","?","R","E","R","T","E","M","M","$","?","R","B"],"character_chosen":"DEFECT","items_purchased":["Frozen Egg 2","Gash","PowerPotion","Loop+1","Core Surge","Trip","Loop+1"],"campfire_rested":5,"item_purchase_floors":[13,20,20,30,30,38,47],"current_hp_per_floor":[75,73,73,73,73,73,59,49,49,49,41,41,41,31,31,21,62,61,47,47,47,46,70,39,38,38,38,62,52,52,35,59,30,68,67,57,40,40,37,61,31,55,55,55,44,41,41,41,41,0],"gold":150,"neow_bonus":"TRANSFORM_CARD","is_prod":false,"is_daily":false,"chose_seed":false,"campfire_upgraded":3,"win_rate":0,"timestamp":1566124170,"path_taken":["M","M","?","M","?","R","M","E","T","R","E","?","$","E","R","BOSS","M","?","$","?","M","R","E","M","T","?","R","M","$","E","R","BOSS","M","M","?","$","?","R","E","R","T","E","M","M","$","?","R","BOSS"],"build_version":"2019-07-17","purchased_purges":3,"victory":false,"max_hp_per_floor":[75,75,75,75,75,75,75,75,75,75,75,75,75,75,75,75,75,75,80,80,80,80,80,80,80,80,80,80,80,80,80,80,80,80,80,80,80,80,80,80,80,80,80,80,80,80,80,80,80,80],"card_choices":[{"not_picked":["Turbo","Hologram"],"picked":"Sweeping Beam","floor":1},{"not_picked":["Hologram","Go for the Eyes"],"picked":"Compile Driver","floor":2},{"not_picked":["Steam","Go for the Eyes"],"picked":"Rip and Tear","floor":4},{"not_picked":["Go for the Eyes","Tempest"],"picked":"Reinforced Body","floor":7},{"not_picked":["Stack","Force Field","Leap"],"picked":"SKIP","floor":8},{"not_picked":["Reboot","Rebound","Sweeping Beam"],"picked":"SKIP","floor":11},{"not_picked":["Cold Snap","Scrape"],"picked":"Gash","floor":14},{"not_picked":["Creative AI+1","Core Surge"],"picked":"Echo Form+1","floor":16},{"not_picked":["Rebound+1","Gash"],"picked":"Hologram+1","floor":18},{"not_picked":["Rebound+1","Steam"],"picked":"Gash+1","floor":22},{"not_picked":["Recycle","FTL+1"],"picked":"Seek","floor":24},{"not_picked":["Chill","Leap","Sweeping Beam"],"picked":"SKIP","floor":25},{"not_picked":["Cold Snap","Storm+1","White Noise"],"picked":"SKIP","floor":27},{"not_picked":["Steam+1","Undo"],"picked":"Chill+1","floor":29},{"not_picked":["Sweeping Beam+1","Loop+1"],"picked":"Lockon+1","floor":31},{"not_picked":["All For One","Amplify"],"picked":"Buffer+1","floor":33},{"not_picked":["Steam+1","Auto Shields+1","Sunder"],"picked":"SKIP","floor":35},{"not_picked":["Capacitor+1","Go for the Eyes"],"picked":"Compile Driver+1","floor":36},{"not_picked":["Storm+1","Compile Driver+1"],"picked":"Gash","floor":37},{"not_picked":["Melter+1","Chill+1","Conserve Battery"],"picked":"SKIP","floor":41},{"not_picked":["Hologram","Multi-Cast"],"picked":"Static Discharge+1","floor":44},{"not_picked":["Ball Lightning+1","Redo+1"],"picked":"Gash","floor":45},{"not_picked":["Coolheaded","Conserve Battery+1"],"picked":"Stack+1","floor":46}],"player_experience":1813112,"relics_obtained":[{"floor":8,"key":"Torii"},{"floor":9,"key":"Ginger"},{"floor":11,"key":"Bottled Flame"},{"floor":12,"key":"Ancient Tea Set"},{"floor":14,"key":"Whetstone"},{"floor":24,"key":"Calipers"},{"floor":26,"key":"Sundial"},{"floor":31,"key":"Blue Candle"},{"floor":37,"key":"Nunchaku"},{"floor":39,"key":"Shovel"},{"floor":41,"key":"Meat on the Bone"},{"floor":44,"key":"MawBank"}],"event_choices":[{"damage_healed":0,"gold_gain":0,"player_choice":"Ignored","damage_taken":0,"max_hp_gain":0,"max_hp_loss":0,"event_name":"Liars Game","floor":3,"gold_loss":0},{"damage_healed":0,"gold_gain":0,"player_choice":"Grow","damage_taken":0,"max_hp_gain":0,"max_hp_loss":0,"event_name":"Living Wall","floor":5,"gold_loss":0,"cards_upgraded":["Sweeping Beam"]},{"damage_healed":0,"gold_gain":30,"player_choice":"Searched \u00273\u0027 times","damage_taken":0,"max_hp_gain":0,"max_hp_loss":0,"event_name":"Dead Adventurer","floor":12,"gold_loss":0},{"damage_healed":0,"gold_gain":0,"player_choice":"Shed Blood","damage_taken":19,"max_hp_gain":5,"max_hp_loss":0,"event_name":"Forgotten Altar","floor":19,"gold_loss":0},{"damage_healed":0,"gold_gain":100,"player_choice":"Pray","damage_taken":0,"max_hp_gain":0,"max_hp_loss":0,"event_name":"Golden Shrine","floor":21,"gold_loss":0},{"damage_healed":0,"gold_gain":0,"player_choice":"Fight","damage_taken":0,"max_hp_gain":0,"max_hp_loss":0,"event_name":"Mysterious Sphere","floor":37,"gold_loss":0},{"damage_healed":0,"gold_gain":0,"player_choice":"Fight","damage_taken":0,"max_hp_gain":0,"max_hp_loss":0,"event_name":"MindBloom","floor":39,"gold_loss":0},{"cards_removed":["Core Surge"],"damage_healed":0,"gold_gain":0,"player_choice":"Removed Attack","damage_taken":0,"max_hp_gain":0,"max_hp_loss":0,"event_name":"Falling","floor":48,"gold_loss":0}],"is_beta":false,"boss_relics":[{"not_picked":["Cursed Key","Tiny House"],"picked":"Nuclear Battery"},{"not_picked":["White Beast Statue","Runic Dome"],"picked":"Sozu"}],"items_purged_floors":[20,38,47],"is_endless":false,"potions_floor_spawned":[7,8,12,14,18,25,27,31,35,44],"killed_by":"Donu and Deca","ascension_level":5}