{"gold_per_floor":[116,130,130,142,142,177,189,218,271,271,1,1,19,44,44,145,145,163,163,14,34,34,67,67,92,92,92,92,108,108,122,122,223,223,240,240,240,240,255,289,89,89],"floor_reached":42,"playtime":1332,"items_purged":["Havoc","Clash"],"score":506,"play_id":"00e21b5e-dc2b-414a-8458-5dbf30068d8c","local_time":"20190406163856","is_ascension_mode":true,"campfire_choices":[{"data":"Reaper","floor":10,"key":"SMITH"},{"data":"Sadistic Nature","floor":12,"key":"SMITH"},{"data":"Armaments","floor":15,"key":"SMITH"},{"data":"J.A.X.","floor":24,"key":"SMITH"},{"data":"Perfected Strike","floor":27,"key":"SMITH"},{"floor":30,"key":"REST"},{"floor":32,"key":"REST"}],"neow_cost":"NONE","seed_source_timestamp":1203068301092200,"circlet_count":0,"master_deck":["Strike_R","Strike_R","Strike_R+1","Strike_R","Strike_R","Defend_R","Defend_R+1","Defend_R+1","Bash","Perfected Strike+1","Burning Pact","Reaper+1","Cleave","Iron Wave","Armaments+1","Perfected Strike","Offering","Rupture+1","J.A.X.+1","Headbutt","Flex+1","Cleave+1","Heavy Blade+1","Dropkick+1","Double Tap","Limit Break","Iron Wave+1","Madness","Madness","Intimidate+1","Armaments+1","Flex","Apotheosis"],"relics":["Burning Blood","Bag of Marbles","Torii","Gremlin Horn","Strawberry","Dream Catcher","Black Star","Ancient Tea Set","Boot","Shuriken","Sundial","Nloth\u0027s Gift","Mark of Pain","War Paint","Bronze Scales"],"potions_floor_usage":[6,8,14,16,23,23,23,33,40,40,40,40,40,40],"damage_taken":[{"damage":6,"enemies":"Jaw Worm","floor":1,"turns":3},{"damage":2,"enemies":"2 Louse","floor":2,"turns":4},{"damage":0,"enemies":"Cultist","floor":4,"turns":2},{"damage":14,"enemies":"Gremlin Nob","floor":6,"turns":3},{"damage":6,"enemies":"Exordium Thugs","floor":7,"turns":3},{"damage":29,"enemies":"3 Sentries","floor":8,"turns":5},{"damage":0,"enemies":"2 Fungi Beasts","floor":13,"turns":2},{"damage":26,"enemies":"Lagavulin","floor":14,"turns":5},{"damage":20,"enemies":"Hexaghost","floor":16,"turns":10},{"damage":19,"enemies":"Shell Parasite","floor":18,"turns":4},{"damage":39,"enemies":"2 Thieves","floor":21,"turns":3},{"damage":31,"enemies":"Book of Stabbing","floor":23,"turns":3},{"damage":35,"enemies":"Gremlin Leader","floor":25,"turns":6},{"damage":13,"enemies":"Snecko","floor":29,"turns":4},{"damage":42,"enemies":"Snake Plant","floor":31,"turns":3},{"damage":56,"enemies":"Collector","floor":33,"turns":5},{"damage":16,"enemies":"Orb Walker","floor":35,"turns":2},{"damage":51,"enemies":"3 Darklings","floor":39,"turns":5},{"damage":71,"enemies":"Reptomancer","floor":40,"turns":5},{"damage":18,"enemies":"Maw","floor":42,"turns":3}],"seed_played":"7280947848004910186","potions_obtained":[{"floor":1,"key":"SkillPotion"},{"floor":7,"key":"Explosive Potion"},{"floor":13,"key":"PowerPotion"},{"floor":14,"key":"FearPotion"},{"floor":16,"key":"Poison Potion"},{"floor":18,"key":"AttackPotion"},{"floor":21,"key":"AttackPotion"},{"floor":29,"key":"SteroidPotion"},{"floor":33,"key":"Poison Potion"},{"floor":38,"key":"Strength Potion"},{"floor":38,"key":"EntropicBrew"},{"floor":38,"key":"EntropicBrew"}],"is_trial":false,"path_per_floor":["M","M","?","M","?","E","M","E","T","R","$","R","M","E","R","B",null,"M","?","$","M","$","E","R","E","T","R","?","M","R","M","R","B",null,"M","?","?","?","M","E","$","M"],"character_chosen":"IRONCLAD","items_purchased":["Sadistic Nature","Clash","PowerPotion","Flex","Apotheosis"],"campfire_rested":2,"item_purchase_floors":[11,11,20,41,41],"current_hp_per_floor":[80,80,64,70,70,62,62,51,58,58,58,58,68,55,55,41,87,74,74,74,55,55,41,41,33,33,33,33,26,52,25,51,43,87,77,66,66,66,54,13,13,0],"gold":89,"neow_bonus":"RANDOM_COMMON_RELIC","is_prod":false,"is_daily":false,"chose_seed":false,"campfire_upgraded":5,"win_rate":0,"timestamp":1554557936,"path_taken":["M","M","?","M","?","E","?","E","T","R","?","R","M","E","R","BOSS","M","?","$","M","$","E","R","E","T","R","?","M","R","M","R","BOSS","M","?","?","?","?","E","$","M"],"build_version":"2019-01-23","purchased_purges":2,"victory":false,"max_hp_per_floor":[80,80,80,80,80,80,80,80,87,87,87,87,87,87,87,87,87,87,87,87,87,87,87,87,87,87,87,87,87,87,87,87,87,87,87,87,87,87,87,87,87,87],"card_choices":[{"not_picked":["Blood for Blood","Pommel Strike"],"picked":"Perfected Strike","floor":1},{"not_picked":["Rupture","Feel No Pain"],"picked":"Burning Pact","floor":2},{"not_picked":["Body Slam","Heavy Blade","Pommel Strike"],"picked":"SKIP","floor":4},{"not_picked":["Pummel","Warcry"],"picked":"Reaper","floor":6},{"not_picked":["Whirlwind","Sword Boomerang"],"picked":"Cleave","floor":7},{"not_picked":["Burning Pact","Brutality"],"picked":"Iron Wave","floor":8},{"not_picked":["True Grit","Rage"],"picked":"Armaments","floor":13},{"not_picked":["Inflame","Bloodletting"],"picked":"Perfected Strike","floor":14},{"not_picked":["Exhume","Bludgeon"],"picked":"Offering","floor":16},{"not_picked":["Havoc+1","Anger+1"],"picked":"Rupture+1","floor":18},{"not_picked":["Rupture","Iron Wave"],"picked":"Headbutt","floor":21},{"not_picked":["Sever Soul","Pommel Strike"],"picked":"Flex","floor":23},{"not_picked":["Thunderclap","True Grit+1"],"picked":"Cleave+1","floor":25},{"not_picked":["Warcry+1","Evolve"],"picked":"Heavy Blade+1","floor":29},{"not_picked":["Twin Strike","Sword Boomerang"],"picked":"Dropkick+1","floor":31},{"not_picked":["Rupture","Searing Blow+1"],"picked":"Double Tap","floor":32},{"not_picked":["Impervious","Feed"],"picked":"Limit Break","floor":33},{"not_picked":["Pommel Strike","Anger+1"],"picked":"Iron Wave+1","floor":35},{"not_picked":["Rage","Ghostly Armor+1"],"picked":"Intimidate+1","floor":39},{"not_picked":["Sword Boomerang+1","Body Slam"],"picked":"Armaments+1","floor":40}],"player_experience":251056,"relics_obtained":[{"floor":6,"key":"Torii"},{"floor":8,"key":"Gremlin Horn"},{"floor":9,"key":"Strawberry"},{"floor":14,"key":"Dream Catcher"},{"floor":23,"key":"Ancient Tea Set"},{"floor":23,"key":"Boot"},{"floor":25,"key":"Shuriken"},{"floor":25,"key":"Smiling Mask"},{"floor":26,"key":"Sundial"},{"floor":40,"key":"War Paint"},{"floor":40,"key":"Bronze Scales"}],"event_choices":[{"damage_healed":0,"gold_gain":0,"player_choice":"Entered Light","damage_taken":16,"max_hp_gain":0,"max_hp_loss":0,"event_name":"Shining Light","floor":3,"gold_loss":0,"cards_upgraded":["Defend_R","Strike_R"]},{"damage_healed":0,"gold_gain":0,"cards_transformed":["Defend_R"],"player_choice":"Transformed","damage_taken":0,"max_hp_gain":0,"max_hp_loss":0,"event_name":"Transmorgrifier","floor":5,"gold_loss":0,"cards_obtained":["Havoc"]},{"damage_healed":0,"gold_gain":0,"player_choice":"Obtain J.A.X.","damage_taken":0,"max_hp_gain":0,"max_hp_loss":0,"event_name":"Drug Dealer","floor":19,"gold_loss":0,"cards_obtained":["J.A.X."]},{"damage_healed":0,"gold_gain":0,"player_choice":"Traded Relic","damage_taken":0,"relics_obtained":["Nloth\u0027s Gift"],"max_hp_gain":0,"max_hp_loss":0,"event_name":"N\u0027loth","floor":28,"relics_lost":["Smiling Mask"],"gold_loss":0},{"damage_healed":0,"gold_gain":0,"player_choice":"Embrace Madness","damage_taken":11,"max_hp_gain":0,"max_hp_loss":0,"event_name":"Winding Halls","floor":36,"gold_loss":0,"cards_obtained":["Madness","Madness"]},{"cards_removed":["Sadistic Nature"],"damage_healed":0,"gold_gain":0,"player_choice":"Removed Power","damage_taken":0,"max_hp_gain":0,"max_hp_loss":0,"event_name":"Falling","floor":37,"gold_loss":0},{"damage_healed":0,"gold_gain":0,"player_choice":"Got Potions","damage_taken":0,"max_hp_gain":0,"max_hp_loss":0,"event_name":"Lab","floor":38,"gold_loss":0}],"is_beta":false,"boss_relics":[{"not_picked":["Calling Bell","Orrery"],"picked":"Black Star"},{"not_picked":["Tiny House","Cursed Key"],"picked":"Mark of Pain"}],"items_purged_floors":[11,20],"is_endless":false,"potions_floor_spawned":[1,7,13,14,16,18,21,29,33],"killed_by":"Maw","ascension_level":1}