{"gold_per_floor":[115,91,41,41,5,36,56,75,75,75,100,133,133,166,166,285,285,306,330,330,348,6,44,44,79,105,105,105,144,144,269,269,398,398,412,430,489,509,522,562,562,164,187,218,236,270,293,334,334,334],"floor_reached":51,"playtime":5853,"items_purged":["Strike_B","Amplify"],"score":1150,"play_id":"e42f1986-f2a9-4746-bf28-4a9ffc1c6702","local_time":"20190922182046","is_ascension_mode":true,"campfire_choices":[{"data":"Double Energy","floor":10.0,"key":"SMITH"},{"data":"Reinforced Body","floor":15.0,"key":"SMITH"},{"data":"Sunder","floor":24.0,"key":"SMITH"},{"data":"Capacitor","floor":30.0,"key":"SMITH"},{"data":"1","floor":32.0,"key":"LIFT"},{"data":"2","floor":41,"key":"LIFT"},{"data":"Consume","floor":49,"key":"SMITH"}],"neow_cost":"PERCENT_DAMAGE","seed_source_timestamp":83714382491200,"circlet_count":0,"master_deck":["Defend_B+1","Defend_B+1","Defend_B+1","Defend_B+1","Zap","Barrage","Conserve Battery","Rip and Tear","Sunder+1","Reinforced Body+1","Double Energy+1","Skim","Chill","Core Surge","Capacitor+1","BootSequence","Coolheaded+1","Loop","Redo+1","Electrodynamics","Self Repair","Melter+1","Amplify+1","Steam Power+1","Redo+1","Steam","BootSequence+1","Glacier+1","Fusion+1","Reinforced Body+1","Panache+1","Loop+1","Parasite","Consume+1","Stack+1"],"special_seed":0,"relics":["Cracked Core","Calipers","Golden Idol","Meat on the Bone","Incense Burner","Lantern","Pear","Omamori","Cursed Key","Sling","StoneCalendar","Matryoshka","Shuriken","Art of War","DataDisk","Bronze Scales","Girya","Question Card","Astrolabe","Peace Pipe","Frozen Egg 2","Orichalcum","Juzu Bracelet","Singing Bowl","Bag of Marbles","Blood Vial"],"potions_floor_usage":[40,50,50,50],"damage_taken":[{"damage":1.0,"enemies":"Cultist","floor":1.0,"turns":3.0},{"damage":31.0,"enemies":"Gremlin Nob","floor":6.0,"turns":4.0},{"damage":1.0,"enemies":"Small Slimes","floor":7.0,"turns":2.0},{"damage":2.0,"enemies":"Jaw Worm","floor":8.0,"turns":4.0},{"damage":3.0,"enemies":"Blue Slaver","floor":11.0,"turns":3.0},{"damage":11.0,"enemies":"Lagavulin","floor":12.0,"turns":7.0},{"damage":7.0,"enemies":"3 Sentries","floor":14.0,"turns":6.0},{"damage":22.0,"enemies":"Hexaghost","floor":16.0,"turns":13.0},{"damage":9.0,"enemies":"Shell Parasite","floor":18.0,"turns":3.0},{"damage":0.0,"enemies":"3 Byrds","floor":19.0,"turns":5.0},{"damage":0.0,"enemies":"Snecko","floor":21.0,"turns":7.0},{"damage":36.0,"enemies":"Gremlin Leader","floor":23.0,"turns":8.0},{"damage":8.0,"enemies":"Slavers","floor":25.0,"turns":6.0},{"damage":29.0,"enemies":"Book of Stabbing","floor":29.0,"turns":6.0},{"damage":4.0,"enemies":"Colosseum Slavers","floor":31.0,"turns":2.0},{"damage":21.0,"enemies":"Colosseum Nobs","floor":31.0,"turns":4.0},{"damage":0.0,"enemies":"Automaton","floor":33.0,"turns":8.0},{"damage":4.0,"enemies":"3 Darklings","floor":35.0,"turns":6.0},{"damage":0.0,"enemies":"3 Shapes","floor":36.0,"turns":4.0},{"damage":39.0,"enemies":"2 Orb Walkers","floor":37.0,"turns":5.0},{"damage":0.0,"enemies":"Spire Growth","floor":38.0,"turns":4.0},{"damage":13.0,"enemies":"Jaw Worm Horde","floor":39.0,"turns":5.0},{"damage":26,"enemies":"Reptomancer","floor":40,"turns":8},{"damage":9,"enemies":"Nemesis","floor":44,"turns":7},{"damage":0,"enemies":"Transient","floor":45,"turns":5},{"damage":0,"enemies":"Giant Head","floor":46,"turns":8},{"damage":0,"enemies":"Spire Growth","floor":47,"turns":4},{"damage":0,"enemies":"Nemesis","floor":48,"turns":7},{"damage":43,"enemies":"Time Eater","floor":50,"turns":18}],"seed_played":"-7183257490256652854","potions_obtained":[{"floor":7.0,"key":"PowerPotion"},{"floor":8.0,"key":"Strength Potion"},{"floor":18.0,"key":"LiquidBronze"},{"floor":33.0,"key":"AttackPotion"},{"floor":36.0,"key":"Dexterity Potion"},{"floor":47,"key":"Dexterity Potion"}],"is_trial":false,"path_per_floor":["M","$","?","?","$","E","M","M","T","R","M","E","T","E","R","B",null,"M","M","?","M","$","E","R","E","T","?","?","E","R","?","R","B",null,"M","M","?","M","M","E","R","$","T","E","M","E","M","E","R","B",null],"character_chosen":"DEFECT","items_purchased":["Conserve Battery","Rip and Tear","Sling","Loop","Panache+1","Loop+1","Dexterity Potion"],"campfire_rested":0,"item_purchase_floors":[2,5,22,22,42,42,42],"current_hp_per_floor":[53,53,53,35,35,4,15,25,25,25,34,35,45,50,50,40,85,76,76,76,76,76,52,52,44,44,44,44,27,27,40,40,59,85,85,85,53,60,54,47,47,47,47,57,64,73,82,91,91,48],"gold":334,"neow_bonus":"ONE_RARE_RELIC","is_prod":false,"is_daily":false,"chose_seed":false,"campfire_upgraded":5,"win_rate":0,"timestamp":1569169246,"path_taken":["M","?","?","?","?","E","M","M","T","R","?","E","?","E","R","BOSS","M","M","?","M","$","E","R","E","T","?","?","E","R","?","R","BOSS","M","M","?","M","M","E","R","$","T","E","M","E","M","E","R","BOSS"],"build_version":"2019-07-17","purchased_purges":2,"victory":true,"max_hp_per_floor":[75,75,75,75,75,75,75,75,75,75,75,75,85,85,85,85,85,85,85,85,85,85,85,85,85,85,85,85,85,85,85,85,85,85,85,85,85,85,85,85,85,85,85,85,85,87,89,91,91,91],"card_choices":[{"not_picked":["Turbo","Hologram"],"picked":"Barrage","floor":1.0},{"not_picked":["Auto Shields","Fission"],"picked":"Sunder","floor":6.0},{"not_picked":["Recycle","Loop"],"picked":"Reinforced Body","floor":7.0},{"not_picked":["Cold Snap","Rebound"],"picked":"Double Energy","floor":8.0},{"not_picked":["Gash","Hologram","Rebound"],"picked":"SKIP","floor":11.0},{"not_picked":["Streamline","Doom and Gloom"],"picked":"Skim","floor":12.0},{"not_picked":["Steam Power","Stack"],"picked":"Chill","floor":14.0},{"not_picked":["Machine Learning","Buffer"],"picked":"Core Surge","floor":16.0},{"not_picked":["Conserve Battery","Stack"],"picked":"Capacitor","floor":18.0},{"not_picked":["Heatsinks","Gash","Leap"],"picked":"SKIP","floor":19.0},{"not_picked":["Tempest","Rebound"],"picked":"Coolheaded+1","floor":21.0},{"not_picked":["Coolheaded","Undo"],"picked":"Redo+1","floor":23.0},{"not_picked":["Beam Cell","Barrage"],"picked":"Electrodynamics","floor":25.0},{"not_picked":["Fission","Aggregate"],"picked":"Self Repair","floor":29.0},{"not_picked":["Barrage","Coolheaded"],"picked":"Melter+1","floor":31.0},{"not_picked":["Echo Form","Hyperbeam","Multi-Cast"],"picked":"Amplify","floor":33.0},{"not_picked":["Redo+1","Conserve Battery","Loop"],"picked":"Steam","floor":35.0},{"not_picked":["Skim+1","Stack+1","Beam Cell"],"picked":"BootSequence+1","floor":36.0},{"not_picked":["Scrape+1","Turbo","FTL"],"picked":"Glacier+1","floor":37.0},{"not_picked":["Static Discharge","Coolheaded","Force Field+1","Cold Snap"],"picked":"SKIP","floor":38.0},{"not_picked":["Ball Lightning+1","Gash","Double Energy"],"picked":"Fusion+1","floor":39.0},{"not_picked":["Sweeping Beam","Electrodynamics","Cold Snap+1"],"picked":"Reinforced Body+1","floor":40},{"not_picked":["Coolheaded","Hologram","Gash"],"picked":"Consume","floor":44},{"not_picked":["Darkness+1","Hologram","Scrape"],"picked":"Stack+1","floor":45},{"not_picked":["Gash+1","Cold Snap","Electrodynamics+1","Core Surge"],"picked":"Singing Bowl","floor":46},{"not_picked":["Cold Snap+1","Turbo","Steam+1","Coolheaded+1"],"picked":"Singing Bowl","floor":47},{"not_picked":["Sweeping Beam","Self Repair+1","Storm+1","Turbo"],"picked":"Singing Bowl","floor":48}],"player_experience":145343,"relics_obtained":[{"floor":6.0,"key":"Meat on the Bone"},{"floor":9.0,"key":"Incense Burner"},{"floor":12.0,"key":"Lantern"},{"floor":13.0,"key":"Pear"},{"floor":14.0,"key":"Omamori"},{"floor":23.0,"key":"StoneCalendar"},{"floor":25.0,"key":"Matryoshka"},{"floor":26.0,"key":"Shuriken"},{"floor":26.0,"key":"Art of War"},{"floor":29.0,"key":"Bronze Scales"},{"floor":31.0,"key":"Girya"},{"floor":31.0,"key":"Question Card"},{"floor":37.0,"key":"Peace Pipe"},{"floor":40,"key":"Frozen Egg 2"},{"floor":43,"key":"Orichalcum"},{"floor":43,"key":"Juzu Bracelet"},{"floor":44,"key":"Singing Bowl"},{"floor":46,"key":"Bag of Marbles"},{"floor":48,"key":"Blood Vial"}],"event_choices":[{"cards_removed":["Strike_B"],"damage_healed":0.0,"max_hp_gain":0.0,"max_hp_loss":0.0,"gold_gain":0.0,"event_name":"The Cleric","player_choice":"Card Removal","floor":3.0,"gold_loss":50.0,"damage_taken":0.0},{"damage_healed":0.0,"max_hp_gain":0.0,"max_hp_loss":0.0,"gold_gain":0.0,"event_name":"Golden Idol","player_choice":"Take Damage","floor":4.0,"gold_loss":0.0,"damage_taken":18.0,"relics_obtained":["Golden Idol"]},{"damage_healed":0.0,"max_hp_gain":0.0,"max_hp_loss":0.0,"gold_gain":0.0,"event_name":"The Library","player_choice":"Read","floor":20.0,"gold_loss":0.0,"damage_taken":0.0,"cards_obtained":["BootSequence"]},{"damage_healed":0.0,"max_hp_gain":0.0,"max_hp_loss":0.0,"gold_gain":0.0,"event_name":"The Mausoleum","player_choice":"Opened","floor":27.0,"gold_loss":0.0,"damage_taken":0.0,"relics_obtained":["DataDisk"],"cards_obtained":["Writhe"]},{"damage_healed":0.0,"max_hp_gain":0.0,"max_hp_loss":0.0,"gold_gain":0.0,"event_name":"Back to Basics","player_choice":"Simplicity","floor":28.0,"gold_loss":0.0,"damage_taken":0.0,"cards_upgraded":["Strike_B","Strike_B","Defend_B","Defend_B","Defend_B","Defend_B"]},{"damage_healed":0.0,"max_hp_gain":0.0,"max_hp_loss":0.0,"gold_gain":0.0,"event_name":"Colosseum","player_choice":"Fight","floor":31.0,"gold_loss":0.0,"damage_taken":0.0},{"damage_healed":0.0,"max_hp_gain":0.0,"max_hp_loss":0.0,"gold_gain":0.0,"event_name":"Colosseum","player_choice":"Fought Nobs","floor":31.0,"gold_loss":0.0,"damage_taken":0.0},{"damage_healed":0.0,"max_hp_gain":0.0,"max_hp_loss":0.0,"gold_gain":0.0,"event_name":"Mysterious Sphere","player_choice":"Fight","floor":37.0,"gold_loss":0.0,"damage_taken":0.0}],"is_beta":false,"boss_relics":[{"not_picked":["Sozu","Fusion Hammer"],"picked":"Cursed Key"},{"not_picked":["Lizard Tail","Coffee Dripper"],"picked":"Astrolabe"}],"items_purged_floors":[22,42],"is_endless":false,"potions_floor_spawned":[7,8,18,21,33,36,37,39,46,47,48],"ascension_level":3}