{"gold_per_floor":[13,30,42,57,57,57,69,69,69,104,104,115,142,162,162,266,266,284,284,284,295,306,306,333,333,387,425,448,478,518,530,542,651,663,694,718,346,399,499,499,96,127,127,127,152,152,152,0,0,0,0,0,0,33,33],"floor_reached":56,"playtime":3333,"items_purged":["Strike_R"],"score":1348,"play_id":"9cc482a9-b31a-48b0-8128-4f884f1a13c3","local_time":"20191013105744","is_ascension_mode":false,"campfire_choices":[{"data":"Inflame","floor":6,"key":"SMITH"},{"data":"Bash","floor":8,"key":"SMITH"},{"data":"Disarm","floor":15,"key":"SMITH"},{"data":"Shockwave","floor":23,"key":"SMITH"},{"data":"Clothesline","floor":25,"key":"SMITH"},{"data":"Bloodletting","floor":32,"key":"SMITH"},{"data":"Demon Form","floor":40,"key":"SMITH"},{"data":"Dual Wield","floor":44,"key":"SMITH"},{"floor":46,"key":"RECALL"},{"floor":49,"key":"REST"},{"data":"Corruption","floor":52,"key":"SMITH"}],"neow_cost":"NO_GOLD","seed_source_timestamp":179133677817800,"circlet_count":0,"master_deck":["Defend_R","Defend_R","Bash+1","Inflame+1","Dual Wield+1","Sword Boomerang","Battle Trance","Clothesline+1","Disarm+1","Impervious","Cleave","Shockwave+1","Feed","Feel No Pain+1","Corruption+1","Disarm+1","Flame Barrier+1","Bloodletting+1","Flex+1","Feel No Pain+1","Demon Form+1","Shrug It Off","Shrug It Off+1","Reckless Charge+1","Panacea+1","Havoc+1","Sentinel+1","Madness+1","Madness+1"],"relics":["Burning Blood","Paper Frog","White Beast Statue","Gremlin Horn","Empty Cage","Pen Nib","MawBank","Shuriken","Dodecahedron","Runic Pyramid","Charon\u0027s Ashes","CaptainsWheel","Nunchaku","Toxic Egg 2","Champion Belt","Lantern","Red Mask","InkBottle"],"potions_floor_usage":[12,13,13,16,18,24,27,29,30,30,33,33,42,45,55,55,55],"damage_taken":[{"damage":5,"enemies":"Small Slimes","floor":1,"turns":3},{"damage":6,"enemies":"Jaw Worm","floor":2,"turns":3},{"damage":6,"enemies":"Cultist","floor":3,"turns":3},{"damage":21,"enemies":"3 Louse","floor":4,"turns":3},{"damage":5,"enemies":"Looter","floor":7,"turns":3},{"damage":21,"enemies":"Lagavulin","floor":10,"turns":6},{"damage":29,"enemies":"Gremlin Gang","floor":12,"turns":4},{"damage":17,"enemies":"3 Sentries","floor":13,"turns":6},{"damage":0,"enemies":"Large Slime","floor":14,"turns":3},{"damage":9,"enemies":"The Guardian","floor":16,"turns":8},{"damage":17,"enemies":"2 Thieves","floor":18,"turns":4},{"damage":1,"enemies":"Chosen","floor":21,"turns":6},{"damage":8,"enemies":"Centurion and Healer","floor":22,"turns":4},{"damage":28,"enemies":"Book of Stabbing","floor":24,"turns":8},{"damage":10,"enemies":"Gremlin Leader","floor":27,"turns":6},{"damage":20,"enemies":"Sentry and Sphere","floor":28,"turns":7},{"damage":4,"enemies":"Snake Plant","floor":29,"turns":5},{"damage":7,"enemies":"Slavers","floor":30,"turns":5},{"damage":15,"enemies":"Collector","floor":33,"turns":7},{"damage":5,"enemies":"3 Darklings","floor":35,"turns":5},{"damage":0,"enemies":"3 Shapes","floor":36,"turns":5},{"damage":15,"enemies":"2 Orb Walkers","floor":38,"turns":5},{"damage":6,"enemies":"Mind Bloom Boss Battle","floor":39,"turns":7},{"damage":17,"enemies":"Reptomancer","floor":42,"turns":5},{"damage":3,"enemies":"Nemesis","floor":45,"turns":5},{"damage":16,"enemies":"Awakened One","floor":50,"turns":8},{"damage":3,"enemies":"Shield and Spear","floor":54,"turns":6},{"damage":1,"enemies":"The Heart","floor":55,"turns":7}],"seed_played":"-4565065708260905275","potions_obtained":[{"floor":1,"key":"Swift Potion"},{"floor":7,"key":"Regen Potion"},{"floor":12,"key":"PowerPotion"},{"floor":13,"key":"Strength Potion"},{"floor":14,"key":"Strength Potion"},{"floor":16,"key":"SteroidPotion"},{"floor":18,"key":"Dexterity Potion"},{"floor":21,"key":"ElixirPotion"},{"floor":22,"key":"PowerPotion"},{"floor":24,"key":"SteroidPotion"},{"floor":27,"key":"Block Potion"},{"floor":29,"key":"AttackPotion"},{"floor":30,"key":"PowerPotion"},{"floor":33,"key":"SteroidPotion"},{"floor":35,"key":"DuplicationPotion"},{"floor":36,"key":"BloodPotion"},{"floor":42,"key":"Block Potion"},{"floor":45,"key":"SkillPotion"}],"is_trial":false,"path_per_floor":["M","M","M","M","?","R","M","R","T","E","?","M","E","M","R","B",null,"M","?","?","M","M","R","E","R","T","E","M","M","E","?","R","B",null,"M","M","$","?","?","R","$","E","T","R","E","R","?","?","R","B",null,"R","$","E","B",null],"character_chosen":"IRONCLAD","items_purchased":["Charon\u0027s Ashes","Toxic Egg 2","Panacea+1","Havoc+1"],"campfire_rested":1,"item_purchase_floors":[37,41,41,41],"current_hp_per_floor":[80,80,80,65,65,65,66,66,66,51,51,28,32,38,38,35,80,69,69,69,77,81,81,59,59,59,58,47,52,51,51,51,45,101,104,107,107,98,101,101,101,110,110,110,113,113,99,99,113,106,116,116,116,119,119],"gold":33,"neow_bonus":"REMOVE_TWO","is_prod":false,"is_daily":false,"chose_seed":false,"campfire_upgraded":9,"win_rate":0,"timestamp":1570960664,"path_taken":["M","M","M","M","?","R","M","R","T","E","?","?","E","M","R","BOSS","M","?","?","?","M","R","E","R","T","E","M","M","E","?","R","BOSS","M","M","$","?","?","R","$","E","T","R","E","R","?","?","R","BOSS","R","$","E","BOSS"],"build_version":"2019-10-11","purchased_purges":1,"victory":true,"max_hp_per_floor":[80,80,80,80,80,80,80,80,80,80,80,80,80,80,80,80,80,80,80,80,83,89,89,89,89,89,92,95,98,98,98,98,101,101,104,107,107,107,110,110,110,110,110,110,113,113,113,113,113,116,116,116,116,119,119],"card_choices":[{"not_picked":["Ghostly Armor","Shockwave"],"picked":"Inflame","floor":1},{"not_picked":["True Grit","Wild Strike"],"picked":"Dual Wield","floor":2},{"not_picked":["Armaments","Dual Wield"],"picked":"Sword Boomerang","floor":3},{"not_picked":["Anger","Clash"],"picked":"Battle Trance","floor":4},{"not_picked":["Evolve","Iron Wave"],"picked":"Clothesline","floor":7},{"not_picked":["Entrench","Shockwave"],"picked":"Disarm","floor":10},{"not_picked":["Dual Wield","Blood for Blood"],"picked":"Impervious","floor":12},{"not_picked":["Uppercut","Clash"],"picked":"Cleave","floor":13},{"not_picked":["Searing Blow","Pommel Strike"],"picked":"Shockwave","floor":14},{"not_picked":["Exhume","Fiend Fire"],"picked":"Feed","floor":16},{"not_picked":["Battle Trance+1","Flame Barrier+1"],"picked":"Feel No Pain+1","floor":18},{"not_picked":["Cleave","Sever Soul","Whirlwind"],"picked":"SKIP","floor":21},{"not_picked":["Twin Strike+1","Perfected Strike+1"],"picked":"Corruption","floor":22},{"not_picked":["Warcry","Evolve+1","Inflame"],"picked":"SKIP","floor":24},{"not_picked":["Twin Strike","Headbutt"],"picked":"Disarm+1","floor":27},{"not_picked":["Iron Wave","Burning Pact"],"picked":"Flame Barrier+1","floor":28},{"not_picked":["Cleave+1","Iron Wave"],"picked":"Bloodletting","floor":29},{"not_picked":["Bludgeon","Entrench"],"picked":"Flex+1","floor":30},{"not_picked":["Double Tap","Dark Embrace"],"picked":"Demon Form","floor":33},{"not_picked":["Shockwave","Battle Trance"],"picked":"Shrug It Off","floor":35},{"not_picked":["Wild Strike+1","Perfected Strike"],"picked":"Shrug It Off+1","floor":36},{"not_picked":["Wild Strike","Shrug It Off"],"picked":"Reckless Charge+1","floor":39},{"not_picked":["Dual Wield+1","Twin Strike","Iron Wave+1"],"picked":"SKIP","floor":42},{"not_picked":["Dual Wield+1","Twin Strike","Iron Wave+1"],"picked":"SKIP","floor":42},{"not_picked":["Anger","Clothesline+1"],"picked":"Sentinel+1","floor":45},{"not_picked":["Carnage+1","Bludgeon","Dual Wield+1"],"picked":"SKIP","floor":54}],"player_experience":1643598,"relics_obtained":[{"floor":9,"key":"Paper Frog"},{"floor":10,"key":"White Beast Statue"},{"floor":13,"key":"Gremlin Horn"},{"floor":24,"key":"Pen Nib"},{"floor":26,"key":"MawBank"},{"floor":27,"key":"Shuriken"},{"floor":30,"key":"Dodecahedron"},{"floor":38,"key":"CaptainsWheel"},{"floor":39,"key":"Nunchaku"},{"floor":42,"key":"Champion Belt"},{"floor":45,"key":"Lantern"},{"floor":54,"key":"InkBottle"}],"event_choices":[{"damage_healed":0,"gold_gain":0,"player_choice":"Ignored","damage_taken":0,"max_hp_gain":0,"max_hp_loss":0,"event_name":"Liars Game","floor":5,"gold_loss":0},{"damage_healed":0,"gold_gain":0,"player_choice":"Ignored","damage_taken":0,"max_hp_gain":0,"max_hp_loss":0,"event_name":"NoteForYourself","floor":11,"gold_loss":0},{"cards_removed":["Defend_R"],"damage_healed":0,"gold_gain":0,"player_choice":"Elegance","damage_taken":0,"max_hp_gain":0,"max_hp_loss":0,"event_name":"Back to Basics","floor":19,"gold_loss":0},{"cards_removed":["Strike_R"],"damage_healed":0,"gold_gain":0,"player_choice":"Offered Basic","damage_taken":0,"max_hp_gain":0,"max_hp_loss":0,"event_name":"Bonfire Elementals","floor":20,"gold_loss":0},{"damage_healed":0,"gold_gain":0,"player_choice":"Copied","damage_taken":0,"max_hp_gain":0,"max_hp_loss":0,"event_name":"Duplicator","floor":31,"gold_loss":0,"cards_obtained":["Feel No Pain"]},{"damage_healed":0,"gold_gain":0,"player_choice":"Fight","damage_taken":0,"max_hp_gain":0,"max_hp_loss":0,"event_name":"Mysterious Sphere","floor":38,"gold_loss":0},{"damage_healed":0,"gold_gain":0,"player_choice":"Fight","damage_taken":0,"max_hp_gain":0,"max_hp_loss":0,"event_name":"MindBloom","floor":39,"gold_loss":0},{"damage_healed":0,"gold_gain":0,"player_choice":"Embrace Madness","damage_taken":14,"max_hp_gain":0,"max_hp_loss":0,"event_name":"Winding Halls","floor":47,"gold_loss":0,"cards_obtained":["Madness","Madness"]},{"damage_healed":0,"gold_gain":0,"player_choice":"Paid","damage_taken":0,"relics_obtained":["Red Mask"],"max_hp_gain":0,"max_hp_loss":0,"event_name":"Tomb of Lord Red Mask","floor":48,"gold_loss":152}],"is_beta":true,"boss_relics":[{"not_picked":["Fusion Hammer","Pandora\u0027s Box"],"picked":"Empty Cage"},{"not_picked":["SacredBark","Astrolabe"],"picked":"Runic Pyramid"}],"items_purged_floors":[37],"is_endless":false,"potions_floor_spawned":[1,7,12,13,14,16,18,21,22,24,27,28,29,30,33,35,36,38,39,42,45,54],"ascension_level":0}