{"gold_per_floor":[109,126,138,138,313,341,357,357,357,357,368,403,417,427,427,523,523,535,535,552,28,28,58,77,95,170,182,210,224,224],"floor_reached":30,"playtime":3978,"items_purged":[],"score":336,"play_id":"3d1bf8c7-af8b-47a2-841e-957976d756bb","local_time":"20190910215219","is_ascension_mode":false,"campfire_choices":[{"data":"Feed","floor":8,"key":"SMITH"},{"floor":10,"key":"REST"},{"floor":15,"key":"REST"}],"neow_cost":"","seed_source_timestamp":2191437461900900,"circlet_count":0,"master_deck":["Strike_R+1","Strike_R+1","Strike_R+1","Strike_R+1","Defend_R+1","Defend_R+1","Defend_R+1","Defend_R+1","Bash","Infernal Blade","Metallicize","Anger","Feed+1","Headbutt","Shrug It Off","Perfected Strike","Anger","Berserk","Pommel Strike","Dropkick+1","Fiend Fire","Feel No Pain","Madness","Warcry+1","Reaper","Inflame","Iron Wave","Warcry","Pummel"],"relics":["Burning Blood","Lantern","Letter Opener","Pocketwatch","Empty Cage","Ginger","Meat on the Bone","Shuriken","StoneCalendar"],"potions_floor_usage":[6,23,28,28,28],"damage_taken":[{"damage":4,"enemies":"2 Louse","floor":1,"turns":4},{"damage":5,"enemies":"Small Slimes","floor":2,"turns":4},{"damage":5,"enemies":"Jaw Worm","floor":3,"turns":4},{"damage":43,"enemies":"Lagavulin","floor":6,"turns":10},{"damage":5,"enemies":"Lots of Slimes","floor":7,"turns":5},{"damage":13,"enemies":"Gremlin Gang","floor":11,"turns":7},{"damage":22,"enemies":"Gremlin Nob","floor":12,"turns":4},{"damage":0,"enemies":"2 Fungi Beasts","floor":13,"turns":3},{"damage":11,"enemies":"Exordium Wildlife","floor":14,"turns":4},{"damage":59,"enemies":"The Guardian","floor":16,"turns":10},{"damage":31,"enemies":"Spheric Guardian","floor":18,"turns":4},{"damage":22,"enemies":"3 Byrds","floor":20,"turns":7},{"damage":62,"enemies":"Book of Stabbing","floor":23,"turns":6},{"damage":0,"enemies":"Snecko","floor":24,"turns":3},{"damage":20,"enemies":"Shelled Parasite and Fungi","floor":25,"turns":5},{"damage":32,"enemies":"Centurion and Healer","floor":27,"turns":6},{"damage":36,"enemies":"Gremlin Leader","floor":28,"turns":5},{"damage":22,"enemies":"Cultist and Chosen","floor":29,"turns":7},{"damage":71,"enemies":"Book of Stabbing","floor":30,"turns":5}],"seed_played":"-6967426089872797770","potions_obtained":[{"floor":2,"key":"SpeedPotion"},{"floor":3,"key":"EssenceOfSteel"},{"floor":7,"key":"Strength Potion"},{"floor":12,"key":"Swift Potion"},{"floor":14,"key":"BloodPotion"},{"floor":18,"key":"Block Potion"},{"floor":24,"key":"Strength Potion"},{"floor":28,"key":"Strength Potion"},{"floor":29,"key":"Dexterity Potion"}],"is_trial":false,"path_per_floor":["M","M","M","?","?","E","M","R","T","R","M","E","M","M","R","B",null,"M","?","M","$","?","E","M","M","T","M","E","M","E"],"character_chosen":"IRONCLAD","items_purchased":["Fiend Fire","Ginger","Feel No Pain","Madness"],"campfire_rested":2,"item_purchase_floors":[21,21,21,21],"current_hp_per_floor":[80,80,80,73,73,36,40,40,40,64,61,45,55,50,77,24,91,70,70,58,58,58,30,48,50,50,52,74,66,0],"gold":224,"neow_bonus":"","is_prod":false,"is_daily":false,"chose_seed":false,"campfire_upgraded":1,"win_rate":0.0,"timestamp":1568177539,"path_taken":["M","M","M","?","?","E","M","R","T","R","M","E","M","M","R","BOSS","M","?","M","$","?","E","M","M","T","M","E","M","E"],"build_version":"2019-07-17","purchased_purges":0,"victory":false,"max_hp_per_floor":[80,80,80,80,80,80,83,83,83,83,87,87,91,91,91,91,91,95,95,99,99,99,103,103,107,107,111,111,111,111],"card_choices":[{"not_picked":["Anger","Thunderclap"],"picked":"Infernal Blade","floor":1},{"not_picked":["Dropkick","Ghostly Armor"],"picked":"Metallicize","floor":2},{"not_picked":["Dual Wield","Thunderclap"],"picked":"Anger","floor":3},{"not_picked":["Infernal Blade","Burning Pact"],"picked":"Feed","floor":6},{"not_picked":["Burning Pact","Pommel Strike"],"picked":"Headbutt","floor":7},{"not_picked":["Thunderclap","Body Slam"],"picked":"Second Wind","floor":11},{"not_picked":["Disarm","Rupture"],"picked":"Shrug It Off","floor":12},{"not_picked":["Thunderclap","True Grit"],"picked":"Perfected Strike","floor":13},{"not_picked":["Sword Boomerang","Armaments"],"picked":"Anger","floor":14},{"not_picked":["Brutality","Double Tap"],"picked":"Berserk","floor":16},{"not_picked":["True Grit","Armaments"],"picked":"Pommel Strike","floor":18},{"not_picked":["Cleave","Thunderclap"],"picked":"Dropkick+1","floor":20},{"not_picked":["Uppercut","Dropkick"],"picked":"Warcry+1","floor":23},{"not_picked":["Seeing Red","True Grit"],"picked":"Reaper","floor":24},{"not_picked":["Sword Boomerang","Second Wind"],"picked":"Inflame","floor":25},{"not_picked":["Reckless Charge","Dual Wield"],"picked":"Iron Wave","floor":27},{"not_picked":["Thunderclap","Bludgeon"],"picked":"Warcry","floor":28},{"not_picked":["Reckless Charge","Flex"],"picked":"Pummel","floor":29}],"player_experience":0,"relics_obtained":[{"floor":6,"key":"Lantern"},{"floor":9,"key":"Letter Opener"},{"floor":12,"key":"Pocketwatch"},{"floor":23,"key":"Meat on the Bone"},{"floor":26,"key":"Shuriken"},{"floor":28,"key":"StoneCalendar"}],"event_choices":[{"cards_removed":["Strike_R"],"damage_healed":0,"gold_gain":0,"player_choice":"Card Removal","damage_taken":7,"max_hp_gain":0,"max_hp_loss":0,"event_name":"Golden Wing","floor":4,"gold_loss":0},{"damage_healed":0,"gold_gain":175,"player_choice":"AGREE","damage_taken":0,"max_hp_gain":0,"max_hp_loss":0,"event_name":"Liars Game","floor":5,"gold_loss":0,"cards_obtained":["Doubt"]},{"damage_healed":0,"gold_gain":0,"player_choice":"Ignored","damage_taken":0,"max_hp_gain":0,"max_hp_loss":0,"event_name":"Vampires","floor":19,"gold_loss":0},{"damage_healed":0,"gold_gain":0,"player_choice":"Simplicity","damage_taken":0,"max_hp_gain":0,"max_hp_loss":0,"event_name":"Back to Basics","floor":22,"gold_loss":0,"cards_upgraded":["Strike_R","Strike_R","Strike_R","Strike_R","Defend_R","Defend_R","Defend_R","Defend_R"]}],"is_beta":false,"boss_relics":[{"not_picked":["Eternal Feather","Tiny House"],"picked":"Empty Cage"}],"items_purged_floors":[],"is_endless":false,"potions_floor_spawned":[2,3,7,12,14,18,24,28,29],"killed_by":"Book of Stabbing","ascension_level":0}