{"gold_per_floor":[110,110,110,124,399,410,410,55,55,55,2,18,18,28,28,131,131,145,145,165,65,65],"floor_reached":22,"playtime":609,"items_purged":["Strike_R","Infinite Blades"],"score":200,"play_id":"6af88976-4826-40d9-860e-a011f8fa332b","local_time":"20190414013602","is_ascension_mode":true,"campfire_choices":[{"data":"Bash","floor":10,"key":"SMITH"},{"data":"Beam Cell","floor":13,"key":"SMITH"},{"data":"Cloak And Dagger","floor":15,"key":"SMITH"}],"neow_cost":"TEN_PERCENT_HP_LOSS","seed_source_timestamp":1840815340988700,"circlet_count":0,"master_deck":["Strike_R","Strike_R","Strike_R","Strike_R","Defend_R","Defend_R","Defend_R","Defend_R","Bash+1","Immolate","Flex","Rampage","Thunderclap","Iron Wave","Beam Cell+1","Cloak And Dagger+1","Sadistic Nature","Dodge and Roll","Recycle","Dark Shackles","Tools of the Trade","Distraction+1","Rebound"],"relics":["Burning Blood","WingedGreaves","Darkstone Periapt","PrismaticShard","Regal Pillow","Orrery"],"potions_floor_usage":[16,20,20],"damage_taken":[{"damage":5,"enemies":"Small Slimes","floor":1,"turns":3},{"damage":0,"enemies":"2 Louse","floor":4,"turns":2},{"damage":10,"enemies":"Cultist","floor":6,"turns":3},{"damage":17,"enemies":"Large Slime","floor":12,"turns":5},{"damage":0,"enemies":"Lots of Slimes","floor":14,"turns":1},{"damage":74,"enemies":"Hexaghost","floor":16,"turns":10},{"damage":28,"enemies":"2 Thieves","floor":18,"turns":4},{"damage":41,"enemies":"Spheric Guardian","floor":20,"turns":6},{"damage":22,"enemies":"Snake Plant","floor":22,"turns":6}],"seed_played":"-2204254424078333221","potions_obtained":[{"floor":12,"key":"FearPotion"},{"floor":18,"key":"Explosive Potion"}],"is_trial":false,"path_per_floor":["M","?","?","M","?","M","?","$","T","R","$","M","R","M","R","B",null,"M","?","M","$","M"],"character_chosen":"IRONCLAD","items_purchased":["PrismaticShard","Regen Potion","Iron Wave"],"campfire_rested":0,"item_purchase_floors":[8,8,11],"current_hp_per_floor":[72,65,71,77,83,79,79,79,79,79,79,68,68,74,74,21,84,62,54,19,19,0],"gold":65,"neow_bonus":"THREE_RARE_CARDS","is_prod":false,"is_daily":false,"chose_seed":false,"campfire_upgraded":3,"win_rate":0,"timestamp":1555194962,"path_taken":["M","?","?","M","?","?","?","$","T","R","$","?","R","M","R","BOSS","M","?","?","$","M"],"build_version":"2019-01-23","purchased_purges":2,"victory":false,"max_hp_per_floor":[72,72,78,78,84,84,84,84,84,84,84,84,84,84,84,84,84,84,84,84,84,84],"card_choices":[{"not_picked":["Dark Embrace","Juggernaut"],"picked":"Immolate","floor":0},{"not_picked":["Clash","Havoc"],"picked":"Flex","floor":1},{"not_picked":["Feel No Pain","Wild Strike"],"picked":"Rampage","floor":4},{"not_picked":["Sword Boomerang","Burning Pact"],"picked":"Thunderclap","floor":6},{"not_picked":["Whirlwind","Wild Strike"],"picked":"Beam Cell","floor":12},{"not_picked":["Good Instincts","Thunderclap"],"picked":"Cloak And Dagger","floor":14},{"not_picked":["Magnetism","Doppelganger"],"picked":"Sadistic Nature","floor":16},{"not_picked":["Barrage","Anger"],"picked":"Dodge and Roll","floor":17},{"not_picked":["Steam","Perfected Strike"],"picked":"Recycle","floor":17},{"not_picked":["Perfected Strike","Steam"],"picked":"Dark Shackles","floor":17},{"not_picked":["Cold Snap","Underhanded Strike"],"picked":"Tools of the Trade","floor":17},{"not_picked":["Stack","Catalyst"],"picked":"Infinite Blades","floor":17},{"not_picked":["Streamline","Infernal Blade"],"picked":"Distraction+1","floor":18},{"not_picked":["Bane","Dual Wield"],"picked":"Rebound","floor":20}],"player_experience":283891,"relics_obtained":[{"floor":9,"key":"Regal Pillow"}],"event_choices":[{"damage_healed":0,"gold_gain":0,"player_choice":"Success","damage_taken":7,"relics_obtained":["WingedGreaves"],"max_hp_gain":0,"max_hp_loss":0,"event_name":"Scrap Ooze","floor":2,"gold_loss":0},{"damage_healed":0,"gold_gain":0,"player_choice":"Box","damage_taken":0,"relics_obtained":["Darkstone Periapt"],"max_hp_gain":0,"max_hp_loss":0,"event_name":"Big Fish","floor":3,"gold_loss":0,"cards_obtained":["Regret"]},{"damage_healed":0,"gold_gain":275,"player_choice":"Desecrate","damage_taken":0,"max_hp_gain":0,"max_hp_loss":0,"event_name":"Golden Shrine","floor":5,"gold_loss":0,"cards_obtained":["Regret"]},{"cards_removed":["Regret","Regret"],"damage_healed":0,"gold_gain":0,"player_choice":"Removed Curses","damage_taken":0,"max_hp_gain":0,"max_hp_loss":0,"event_name":"Fountain of Cleansing","floor":7,"gold_loss":0},{"damage_healed":0,"gold_gain":0,"player_choice":"Damaged","damage_taken":8,"max_hp_gain":0,"max_hp_loss":0,"event_name":"Wheel of Change","floor":19,"gold_loss":0}],"is_beta":false,"boss_relics":[{"not_picked":["Coffee Dripper","Runic Dome"],"picked":"Orrery"}],"items_purged_floors":[8,21],"is_endless":false,"potions_floor_spawned":[12,18],"killed_by":"Snake Plant","ascension_level":3}