{"gold_per_floor":[119,25,44,58,58,86,106,106,131,164,184,184,199,230,230,325,325,337,337,16,35,35,35,49,79,79,79,94,112,212,222,222,222],"floor_reached":33,"playtime":4002,"items_purged":[],"score":419,"play_id":"f80691f8-73eb-4ad0-abe2-022603a31d41","local_time":"20191018145710","is_ascension_mode":true,"campfire_choices":[{"data":"Evolve","floor":8.0,"key":"SMITH"},{"data":"True Grit","floor":12.0,"key":"SMITH"},{"data":"Immolate","floor":15.0,"key":"SMITH"},{"data":"Spot Weakness","floor":23.0,"key":"SMITH"},{"data":"Barricade","floor":27.0,"key":"SMITH"},{"data":"Entrench","floor":32,"key":"SMITH"}],"neow_cost":"NONE","seed_source_timestamp":0,"circlet_count":0,"master_deck":["Strike_R","Strike_R","Strike_R","Strike_R","Defend_R","Defend_R","Defend_R","Defend_R","Bash","Anger","Clothesline","Rampage","Shrug It Off","Evolve+1","Havoc","Ghostly Armor","True Grit+1","Headbutt","Immolate+1","Impervious","Shockwave","Spot Weakness+1","True Grit+1","Reaper","Barricade+1","Entrench+1","Feel No Pain","Body Slam"],"special_seed":0,"relics":["Burning Blood","Oddly Smooth Stone","Blood Vial","Bag of Marbles","Runic Cube","Question Card","Nloth\u0027s Gift","Kunai"],"potions_floor_usage":[29],"damage_taken":[{"damage":1.0,"enemies":"Cultist","floor":1.0,"turns":4.0},{"damage":2.0,"enemies":"2 Louse","floor":3.0,"turns":3.0},{"damage":0.0,"enemies":"Small Slimes","floor":4.0,"turns":3.0},{"damage":17.0,"enemies":"Gremlin Nob","floor":6.0,"turns":4.0},{"damage":12.0,"enemies":"Gremlin Gang","floor":7.0,"turns":5.0},{"damage":29.0,"enemies":"Lagavulin","floor":10.0,"turns":8.0},{"damage":7.0,"enemies":"Looter","floor":11.0,"turns":4.0},{"damage":2.0,"enemies":"3 Louse","floor":13.0,"turns":5.0},{"damage":14.0,"enemies":"3 Sentries","floor":14.0,"turns":7.0},{"damage":22.0,"enemies":"Slime Boss","floor":16.0,"turns":9.0},{"damage":8.0,"enemies":"Chosen","floor":18.0,"turns":7.0},{"damage":10.0,"enemies":"Shell Parasite","floor":21.0,"turns":8.0},{"damage":15.0,"enemies":"3 Cultists","floor":24.0,"turns":4.0},{"damage":39.0,"enemies":"Gremlin Leader","floor":25.0,"turns":10.0},{"damage":30,"enemies":"Sentry and Sphere","floor":28,"turns":12},{"damage":4,"enemies":"Centurion and Healer","floor":29,"turns":26},{"damage":13,"enemies":"Snake Plant","floor":31,"turns":32},{"damage":79,"enemies":"Collector","floor":33,"turns":5}],"seed_played":"-4859717900238534111","potions_obtained":[{"floor":1.0,"key":"Explosive Potion"},{"floor":3.0,"key":"Regen Potion"},{"floor":10.0,"key":"Swift Potion"},{"floor":14.0,"key":"Energy Potion"},{"floor":28,"key":"Regen Potion"}],"is_trial":false,"path_per_floor":["M","$","M","M","$","E","M","R","T","E","M","R","M","E","R","B",null,"M","?","$","M","?","R","M","E","T","R","M","M","?","M","R","B"],"character_chosen":"IRONCLAD","items_purchased":["Rampage","Shrug It Off","Question Card","Spot Weakness"],"campfire_rested":0,"item_purchase_floors":[2,2,20,20],"current_hp_per_floor":[77,77,80,80,80,69,63,63,63,54,55,55,61,55,55,41,70,70,70,70,68,68,68,61,30,30,30,8,27,27,42,42,0],"gold":222,"neow_bonus":"TRANSFORM_CARD","is_prod":false,"is_daily":false,"chose_seed":false,"campfire_upgraded":6,"win_rate":0,"timestamp":1571435830,"path_taken":["M","$","M","M","?","E","M","R","T","E","M","R","?","E","R","BOSS","M","?","$","M","?","R","M","E","T","R","?","M","?","M","R","BOSS"],"build_version":"2019-07-17","purchased_purges":0,"victory":false,"max_hp_per_floor":[80,80,80,80,80,80,80,80,80,80,80,80,80,80,80,80,80,80,80,80,80,80,80,80,80,80,80,80,80,80,80,80,80],"card_choices":[{"not_picked":["Seeing Red","Spot Weakness"],"picked":"Clothesline","floor":1.0},{"not_picked":["Havoc","Pommel Strike"],"picked":"Evolve","floor":3.0},{"not_picked":["Evolve","Heavy Blade"],"picked":"Havoc","floor":4.0},{"not_picked":["Warcry","Pommel Strike"],"picked":"Ghostly Armor","floor":6.0},{"not_picked":["Wild Strike","Shrug It Off","Anger"],"picked":"SKIP","floor":7.0},{"not_picked":["Intimidate","Armaments"],"picked":"True Grit","floor":10.0},{"not_picked":["Havoc","Pummel"],"picked":"Headbutt","floor":11.0},{"not_picked":["Spot Weakness","Armaments"],"picked":"Immolate","floor":13.0},{"not_picked":["Infernal Blade","Headbutt","Body Slam"],"picked":"SKIP","floor":14.0},{"not_picked":["Reaper","Berserk"],"picked":"Impervious","floor":16.0},{"not_picked":["Sword Boomerang+1","Ghostly Armor","Warcry"],"picked":"SKIP","floor":18.0},{"not_picked":["Heavy Blade+1","Warcry","Dual Wield"],"picked":"True Grit+1","floor":21.0},{"not_picked":["Immolate","Iron Wave+1","Body Slam"],"picked":"Reaper","floor":24.0},{"not_picked":["Sever Soul","Demon Form","Juggernaut"],"picked":"Barricade","floor":25.0},{"not_picked":["Bloodletting","Metallicize+1","Dropkick"],"picked":"Entrench","floor":28},{"not_picked":["Thunderclap+1","Warcry","Shrug It Off"],"picked":"Feel No Pain","floor":29},{"not_picked":["Metallicize","Shrug It Off","Pommel Strike+1"],"picked":"Body Slam","floor":31}],"player_experience":368702,"relics_obtained":[{"floor":6.0,"key":"Boot"},{"floor":9.0,"key":"Oddly Smooth Stone"},{"floor":10.0,"key":"Blood Vial"},{"floor":14.0,"key":"Bag of Marbles"},{"floor":25.0,"key":"Kunai"}],"event_choices":[{"damage_healed":0.0,"max_hp_gain":0.0,"max_hp_loss":0.0,"gold_gain":0.0,"event_name":"The Library","player_choice":"Read","floor":19.0,"gold_loss":0.0,"damage_taken":0.0,"cards_obtained":["Shockwave"]},{"damage_healed":0.0,"max_hp_gain":0.0,"max_hp_loss":0.0,"gold_gain":0.0,"event_name":"N\u0027loth","player_choice":"Traded Relic","floor":22.0,"relics_lost":["Boot"],"gold_loss":0.0,"damage_taken":0.0,"relics_obtained":["Nloth\u0027s Gift"]},{"damage_healed":0,"gold_gain":100,"player_choice":"Pray","damage_taken":0,"max_hp_gain":0,"max_hp_loss":0,"event_name":"Golden Shrine","floor":30,"gold_loss":0}],"is_beta":false,"boss_relics":[{"not_picked":["Eternal Feather","Orrery"],"picked":"Runic Cube"}],"items_purged_floors":[],"is_endless":false,"potions_floor_spawned":[1,3,10,14,21,28],"killed_by":"Collector","ascension_level":9}