{"gold_per_floor":[119,131,143,156,175,175,190,220,245,15,28,40,40,51,51,156,156,170,187,261,261],"floor_reached":21,"playtime":1123,"items_purged":["Strike_R"],"score":204,"play_id":"608e39c8-edb2-4a57-8f06-1123068c4dd7","local_time":"20191001092244","is_ascension_mode":true,"campfire_choices":[{"data":"Dark Embrace","floor":6,"key":"SMITH"},{"data":"True Grit","floor":13,"key":"SMITH"},{"data":"Anger","floor":15,"key":"SMITH"}],"neow_cost":"NONE","seed_source_timestamp":78628511571100,"circlet_count":0,"master_deck":["Strike_R","Strike_R","Strike_R","Strike_R","Defend_R","Defend_R","Defend_R","Defend_R","Bash","Anger+1","Cleave","Heavy Blade","Twin Strike","Dark Embrace+1","Feel No Pain","True Grit+1","Evolve","True Grit","Feed","Cleave+1","Whirlwind","Decay"],"relics":["Burning Blood","Boot","Tiny Chest","Regal Pillow","Cursed Key","Self Forming Clay"],"potions_floor_usage":[11,16,16,19],"damage_taken":[{"damage":10,"enemies":"Cultist","floor":1,"turns":5},{"damage":7,"enemies":"Small Slimes","floor":2,"turns":3},{"damage":9,"enemies":"Jaw Worm","floor":3,"turns":3},{"damage":8,"enemies":"Red Slaver","floor":4,"turns":3},{"damage":8,"enemies":"Blue Slaver","floor":5,"turns":3},{"damage":0,"enemies":"Large Slime","floor":7,"turns":4},{"damage":0,"enemies":"Gremlin Gang","floor":11,"turns":1},{"damage":8,"enemies":"Blue Slaver","floor":12,"turns":2},{"damage":6,"enemies":"Exordium Wildlife","floor":14,"turns":4},{"damage":50,"enemies":"Slime Boss","floor":16,"turns":11},{"damage":27,"enemies":"2 Thieves","floor":18,"turns":4},{"damage":41,"enemies":"Shell Parasite","floor":19,"turns":6},{"damage":39,"enemies":"Masked Bandits","floor":21,"turns":3}],"seed_played":"-5908315512005918925","potions_obtained":[{"floor":2,"key":"Explosive Potion"},{"floor":3,"key":"Energy Potion"},{"floor":5,"key":"Block Potion"},{"floor":18,"key":"SkillPotion"}],"is_trial":false,"path_per_floor":["M","M","M","M","M","R","M","?","T","$","M","M","R","M","R","B",null,"M","M","T","?"],"character_chosen":"IRONCLAD","items_purchased":["Regal Pillow"],"campfire_rested":0,"item_purchase_floors":[10],"current_hp_per_floor":[76,75,72,70,68,68,74,62,62,62,68,66,66,66,66,22,80,59,27,27,0],"gold":261,"neow_bonus":"RANDOM_COMMON_RELIC","is_prod":false,"is_daily":false,"chose_seed":false,"campfire_upgraded":3,"win_rate":0,"timestamp":1569939764,"path_taken":["M","?","M","?","M","R","M","?","T","?","M","M","R","M","R","BOSS","M","M","?","?"],"build_version":"2019-07-17","purchased_purges":1,"victory":false,"max_hp_per_floor":[80,80,80,80,80,80,80,80,80,80,80,80,80,80,80,80,80,80,83,83,83],"card_choices":[{"not_picked":["True Grit","Carnage"],"picked":"Anger","floor":1},{"not_picked":["Shrug It Off","Twin Strike"],"picked":"Cleave","floor":2},{"not_picked":["Perfected Strike","Sentinel"],"picked":"Heavy Blade","floor":3},{"not_picked":["Clothesline","Sentinel"],"picked":"Twin Strike","floor":4},{"not_picked":["Sword Boomerang","Battle Trance"],"picked":"Dark Embrace","floor":5},{"not_picked":["Heavy Blade","True Grit"],"picked":"Feel No Pain","floor":7},{"not_picked":["Body Slam","Armaments"],"picked":"True Grit","floor":11},{"not_picked":["Bludgeon","Body Slam"],"picked":"Evolve","floor":12},{"not_picked":["Body Slam","Flex"],"picked":"True Grit","floor":14},{"not_picked":["Berserk","Immolate"],"picked":"Feed","floor":16},{"not_picked":["Clothesline","Headbutt"],"picked":"Cleave+1","floor":18},{"not_picked":["Pommel Strike","Clash+1"],"picked":"Whirlwind","floor":19}],"player_experience":238894,"relics_obtained":[{"floor":20,"key":"Self Forming Clay"}],"event_choices":[{"damage_healed":0,"gold_gain":0,"player_choice":"Success","damage_taken":12,"relics_obtained":["Tiny Chest"],"max_hp_gain":0,"max_hp_loss":0,"event_name":"Scrap Ooze","floor":8,"gold_loss":0},{"damage_healed":0,"gold_gain":0,"player_choice":"Fought Bandits","damage_taken":0,"max_hp_gain":0,"max_hp_loss":0,"event_name":"Masked Bandits","floor":21,"gold_loss":0}],"is_beta":false,"boss_relics":[{"not_picked":["Calling Bell","White Beast Statue"],"picked":"Cursed Key"}],"items_purged_floors":[10],"is_endless":false,"potions_floor_spawned":[2,3,5,18],"killed_by":"Masked Bandits","ascension_level":3}