{"gold_per_floor":[119,132,132,143,153,153,170,198,198,213,69,94,94,45,45,148,148,161,236,96,112,122,122,132,163,163,163,178,53,67,85,85,183,183,194,194,121,134,150,150,177,197,197,210,243,243,243,25,25,25,25,25,25,51,51],"floor_reached":56,"playtime":2215,"items_purged":["Strike_G","Strike_G","Strike_G"],"score":1316,"play_id":"afb649ac-8512-4293-803a-a6ca38e80921","local_time":"20190706130559","is_ascension_mode":false,"campfire_choices":[{"data":"Deadly Poison","floor":6,"key":"SMITH"},{"data":"Crippling Poison","floor":13,"key":"SMITH"},{"data":"Catalyst","floor":15,"key":"SMITH"},{"data":"Noxious Fumes","floor":23,"key":"SMITH"},{"data":"Burst","floor":32,"key":"SMITH"},{"floor":40,"key":"RECALL"},{"floor":46,"key":"REST"},{"floor":49,"key":"REST"},{"floor":52,"key":"REST"}],"neow_cost":"NONE","seed_source_timestamp":62151728760827,"circlet_count":0,"master_deck":["Strike_G","Strike_G","Defend_G","Defend_G","Defend_G","Defend_G","Defend_G","Survivor","Neutralize","Deadly Poison+1","Caltrops","Backstab","Dash","Crippling Poison+1","Calculated Gamble","Catalyst+1","Poisoned Stab","Deadly Poison","Burst+1","Dagger Spray+1","Catalyst","Noxious Fumes+1","Concentrate+1","Reflex","Adrenaline","Footwork","Malaise","Predator"],"relics":["Ring of the Serpent","Mummified Hand","Anchor","Lantern","Shuriken","Fusion Hammer","Snake Skull","Question Card","Letter Opener","Nunchaku","Bag of Preparation","Bronze Scales"],"potions_floor_usage":[8,12,24,28,38,50,55,55,55,55,55],"damage_taken":[{"damage":0,"enemies":"Small Slimes","floor":1,"turns":3},{"damage":0,"enemies":"Cultist","floor":2,"turns":5},{"damage":1,"enemies":"2 Louse","floor":4,"turns":2},{"damage":5,"enemies":"Exordium Thugs","floor":5,"turns":5},{"damage":3,"enemies":"Red Slaver","floor":7,"turns":3},{"damage":19,"enemies":"Gremlin Nob","floor":8,"turns":4},{"damage":0,"enemies":"Exordium Wildlife","floor":10,"turns":3},{"damage":13,"enemies":"3 Sentries","floor":12,"turns":7},{"damage":11,"enemies":"The Guardian","floor":16,"turns":7},{"damage":7,"enemies":"2 Thieves","floor":18,"turns":3},{"damage":0,"enemies":"Spheric Guardian","floor":21,"turns":3},{"damage":0,"enemies":"Shelled Parasite and Fungi","floor":22,"turns":3},{"damage":4,"enemies":"Snake Plant","floor":24,"turns":3},{"damage":2,"enemies":"Book of Stabbing","floor":25,"turns":3},{"damage":0,"enemies":"Centurion and Healer","floor":28,"turns":4},{"damage":8,"enemies":"Shelled Parasite and Fungi","floor":30,"turns":3},{"damage":0,"enemies":"Cultist and Chosen","floor":31,"turns":3},{"damage":0,"enemies":"Champ","floor":33,"turns":4},{"damage":0,"enemies":"Orb Walker","floor":35,"turns":1},{"damage":0,"enemies":"3 Darklings","floor":38,"turns":4},{"damage":11,"enemies":"Maw","floor":39,"turns":5},{"damage":0,"enemies":"Giant Head","floor":41,"turns":5},{"damage":0,"enemies":"Transient","floor":42,"turns":5},{"damage":3,"enemies":"Writhing Mass","floor":44,"turns":4},{"damage":23,"enemies":"Nemesis","floor":45,"turns":5},{"damage":38,"enemies":"Awakened One","floor":50,"turns":9},{"damage":13,"enemies":"Shield and Spear","floor":54,"turns":4},{"damage":36,"enemies":"The Heart","floor":55,"turns":5}],"seed_played":"41814889771086253","potions_obtained":[{"floor":0,"key":"Weak Potion"},{"floor":0,"key":"SteroidPotion"},{"floor":0,"key":"AttackPotion"},{"floor":10,"key":"Energy Potion"},{"floor":12,"key":"GhostInAJar"},{"floor":25,"key":"Swift Potion"},{"floor":31,"key":"Block Potion"},{"floor":39,"key":"EntropicBrew"},{"floor":42,"key":"GhostInAJar"},{"floor":45,"key":"EssenceOfSteel"}],"is_trial":false,"path_per_floor":["M","M","?","M","M","R","M","E","T","M","$","E","R","$","R","B",null,"M","?","$","M","M","R","M","E","T","?","M","$","M","M","R","B",null,"M","?","$","M","M","R","E","M","T","M","E","R","?","$","R","B",null,"R","$","E","B",null],"character_chosen":"THE_SILENT","items_purchased":["Catalyst","Deadly Poison","Catalyst","Footwork","Bag of Preparation","Predator"],"campfire_rested":3,"item_purchase_floors":[11,14,20,37,48,48],"current_hp_per_floor":[70,70,70,69,64,64,61,42,42,42,42,29,29,29,29,18,70,63,56,56,56,56,56,52,50,50,50,50,50,42,42,42,42,70,70,70,70,70,59,59,59,59,59,56,33,54,54,54,70,32,70,70,70,57,21],"gold":51,"neow_bonus":"THREE_SMALL_POTIONS","is_prod":false,"is_daily":false,"chose_seed":false,"campfire_upgraded":5,"win_rate":0,"timestamp":1562414759,"path_taken":["M","M","?","?","M","R","M","E","T","M","$","E","R","?","R","BOSS","M","?","?","?","M","R","M","E","T","?","M","$","M","M","R","BOSS","M","?","$","?","M","R","E","M","T","M","E","R","?","$","R","BOSS","R","$","E","BOSS"],"build_version":"2019-07-05","purchased_purges":3,"victory":true,"max_hp_per_floor":[70,70,70,70,70,70,70,70,70,70,70,70,70,70,70,70,70,70,70,70,70,70,70,70,70,70,70,70,70,70,70,70,70,70,70,70,70,70,70,70,70,70,70,70,70,70,70,70,70,70,70,70,70,70,70],"card_choices":[{"not_picked":["Prepared","Sucker Punch"],"picked":"Deadly Poison","floor":1},{"not_picked":["Outmaneuver","Riddle With Holes"],"picked":"Caltrops","floor":2},{"not_picked":["Deadly Poison","Sucker Punch"],"picked":"Backstab","floor":4},{"not_picked":["Acrobatics","Sucker Punch"],"picked":"Dash","floor":5},{"not_picked":["Prepared","Tools of the Trade"],"picked":"Crippling Poison","floor":7},{"not_picked":["Deflect","Slice","Dagger Spray"],"picked":"SKIP","floor":8},{"not_picked":["Blade Dance","Distraction"],"picked":"Calculated Gamble","floor":10},{"not_picked":["Backstab","Dagger Throw"],"picked":"Poisoned Stab","floor":12},{"not_picked":["Unload","Phantasmal Killer"],"picked":"Burst","floor":16},{"not_picked":["Flying Knee","Prepared"],"picked":"Dagger Spray+1","floor":18},{"not_picked":["Bane","Skewer+1","Caltrops"],"picked":"SKIP","floor":21},{"not_picked":["Deadly Poison","Deflect"],"picked":"Noxious Fumes","floor":22},{"not_picked":["Setup","Eviscerate","Outmaneuver"],"picked":"SKIP","floor":24},{"not_picked":["Deadly Poison","Storm of Steel"],"picked":"Concentrate+1","floor":25},{"not_picked":["Dodge and Roll","Choke+1","Bouncing Flask"],"picked":"SKIP","floor":28},{"not_picked":["Blur","Flying Knee","Calculated Gamble+1"],"picked":"SKIP","floor":30},{"not_picked":["Finisher+1","Blade Dance"],"picked":"Reflex","floor":31},{"not_picked":["Glass Knife","Doppelganger"],"picked":"Adrenaline","floor":33},{"not_picked":["Deadly Poison","Prepared","Backstab+1"],"picked":"SKIP","floor":35},{"not_picked":["Masterful Stab+1","Flying Knee+1","Infinite Blades+1"],"picked":"SKIP","floor":38},{"not_picked":["Flechettes+1","Flying Knee","Poisoned Stab"],"picked":"SKIP","floor":39},{"not_picked":["Cloak And Dagger","Flechettes+1"],"picked":"Malaise","floor":41},{"not_picked":["Dodge and Roll+1","Deadly Poison+1","Bane+1","Endless Agony"],"picked":"SKIP","floor":42},{"not_picked":["Prepared","Dodge and Roll","Masterful Stab+1","Setup+1"],"picked":"SKIP","floor":44},{"not_picked":["Dodge and Roll+1","Sucker Punch+1","Deflect","Caltrops"],"picked":"SKIP","floor":45},{"not_picked":["Deflect+1","Sucker Punch","Infinite Blades","Calculated Gamble"],"picked":"SKIP","floor":54}],"player_experience":1672983,"relics_obtained":[{"floor":8,"key":"Mummified Hand"},{"floor":9,"key":"Anchor"},{"floor":12,"key":"Lantern"},{"floor":25,"key":"Shuriken"},{"floor":36,"key":"Snake Skull"},{"floor":41,"key":"Question Card"},{"floor":43,"key":"Letter Opener"},{"floor":45,"key":"Nunchaku"},{"floor":54,"key":"Bronze Scales"}],"event_choices":[{"damage_healed":0,"gold_gain":0,"player_choice":"Bought 0 Potions","damage_taken":0,"max_hp_gain":0,"max_hp_loss":0,"event_name":"The Woman in Blue","floor":3,"gold_loss":0},{"damage_healed":0,"gold_gain":75,"player_choice":"Touch","damage_taken":7,"max_hp_gain":0,"max_hp_loss":0,"event_name":"FaceTrader","floor":19,"gold_loss":0},{"damage_healed":0,"gold_gain":0,"player_choice":"Ignored","damage_taken":0,"max_hp_gain":0,"max_hp_loss":0,"event_name":"The Mausoleum","floor":27,"gold_loss":0},{"damage_healed":0,"gold_gain":0,"player_choice":"Relic","damage_taken":0,"max_hp_gain":0,"max_hp_loss":0,"event_name":"Wheel of Change","floor":36,"gold_loss":0},{"damage_healed":0,"gold_gain":0,"player_choice":"Ignored","damage_taken":0,"max_hp_gain":0,"max_hp_loss":0,"event_name":"Tomb of Lord Red Mask","floor":47,"gold_loss":0}],"is_beta":false,"boss_relics":[{"not_picked":["Sozu","White Beast Statue"],"picked":"Ring of the Serpent"},{"not_picked":["Tiny House","Snecko Eye"],"picked":"Fusion Hammer"}],"items_purged_floors":[11,20,29],"is_endless":false,"potions_floor_spawned":[2,5,10,12,21,22,25,31,33,39,41,42,45],"ascension_level":0}