{"gold_per_floor":[112,112,112,131,131,131,166,166,166,166,182,215,215,61,61,157,157,174,273,253,263,279,279,29,29,55,55],"floor_reached":27,"playtime":1399,"items_purged":["Strike_R","Strike_R"],"score":332,"play_id":"d625b903-0dd7-48c8-924e-b170c7102794","local_time":"20191001115236","is_ascension_mode":true,"campfire_choices":[{"data":"Sword Boomerang","floor":6,"key":"SMITH"},{"data":"Warcry","floor":8,"key":"SMITH"},{"data":"Evolve","floor":10,"key":"SMITH"},{"data":"Searing Blow","floor":15,"key":"SMITH"},{"data":"Barricade","floor":23,"key":"SMITH"},{"data":"Searing Blow+1","floor":25,"key":"SMITH"}],"neow_cost":"NONE","seed_source_timestamp":87345071587300,"circlet_count":0,"master_deck":["Strike_R","Strike_R","Defend_R","Defend_R","Defend_R","Defend_R","Bash+1","Rupture","Sword Boomerang+1","Warcry+1","Evolve+1","Reckless Charge","Whirlwind","Searing Blow+2","Barricade+1","Dual Wield","Seeing Red"],"relics":["Burning Blood","Juzu Bracelet","Letter Opener","Vajra","Mango","Runic Pyramid","PreservedInsect","Bag of Preparation"],"potions_floor_usage":[7,18,18,22],"damage_taken":[{"damage":9,"enemies":"Jaw Worm","floor":1,"turns":3},{"damage":11,"enemies":"Small Slimes","floor":4,"turns":4},{"damage":21,"enemies":"Gremlin Nob","floor":7,"turns":4},{"damage":0,"enemies":"2 Louse","floor":11,"turns":2},{"damage":20,"enemies":"3 Sentries","floor":12,"turns":6},{"damage":0,"enemies":"Slime Boss","floor":16,"turns":6},{"damage":48,"enemies":"Shell Parasite","floor":18,"turns":7},{"damage":48,"enemies":"2 Thieves","floor":21,"turns":5},{"damage":13,"enemies":"Snecko","floor":22,"turns":4},{"damage":28,"enemies":"3 Cultists","floor":27,"turns":3}],"seed_played":"-7696092662283633099","potions_obtained":[{"floor":1,"key":"Regen Potion"},{"floor":11,"key":"FairyPotion"},{"floor":12,"key":"Block Potion"},{"floor":16,"key":"LiquidBronze"},{"floor":20,"key":"Swift Potion"},{"floor":21,"key":"SkillPotion"}],"is_trial":false,"path_per_floor":["M","?","?","M","T","R","E","R","T","R","M","E","?","$","R","B",null,"M","?","?","M","M","R","$","R","T","M"],"character_chosen":"IRONCLAD","items_purchased":["Searing Blow","PreservedInsect"],"campfire_rested":0,"item_purchase_floors":[14,24],"current_hp_per_floor":[77,74,74,69,69,69,66,66,66,66,72,72,77,77,77,83,99,57,57,57,15,8,8,8,8,8,0],"gold":55,"neow_bonus":"UPGRADE_CARD","is_prod":false,"is_daily":false,"chose_seed":false,"campfire_upgraded":6,"win_rate":0,"timestamp":1569948756,"path_taken":["M","?","?","M","?","R","E","R","T","R","M","E","?","$","R","BOSS","M","?","?","M","M","R","$","R","T","M"],"build_version":"2019-07-17","purchased_purges":2,"victory":false,"max_hp_per_floor":[80,80,80,80,80,80,80,80,80,80,80,94,99,99,99,99,99,99,99,99,99,99,99,99,99,99,99],"card_choices":[{"not_picked":["Perfected Strike","Second Wind"],"picked":"Rupture","floor":1},{"not_picked":["Clash","Dual Wield"],"picked":"Warcry","floor":4},{"not_picked":["Sword Boomerang","Intimidate"],"picked":"Evolve","floor":7},{"not_picked":["Dual Wield","Intimidate"],"picked":"Reckless Charge","floor":11},{"not_picked":["Reaper","Spot Weakness"],"picked":"Whirlwind","floor":12},{"not_picked":["Dark Embrace","Juggernaut"],"picked":"Barricade","floor":16},{"not_picked":["Rampage","Ghostly Armor"],"picked":"Dual Wield","floor":18},{"not_picked":["Thunderclap","Sword Boomerang+1"],"picked":"Seeing Red","floor":21},{"not_picked":["Rupture","Sentinel","Shrug It Off+1"],"picked":"SKIP","floor":22}],"player_experience":245146,"relics_obtained":[{"floor":7,"key":"Letter Opener"},{"floor":9,"key":"Vajra"},{"floor":12,"key":"Mango"},{"floor":26,"key":"Bag of Preparation"}],"event_choices":[{"damage_healed":0,"gold_gain":0,"player_choice":"Success","damage_taken":3,"relics_obtained":["Juzu Bracelet"],"max_hp_gain":0,"max_hp_loss":0,"event_name":"Scrap Ooze","floor":2,"gold_loss":0},{"damage_healed":0,"gold_gain":0,"cards_transformed":["Strike_R"],"player_choice":"Change","damage_taken":0,"max_hp_gain":0,"max_hp_loss":0,"event_name":"Living Wall","floor":3,"gold_loss":0,"cards_obtained":["Sword Boomerang"]},{"damage_healed":0,"gold_gain":0,"player_choice":"Donut","damage_taken":0,"max_hp_gain":5,"max_hp_loss":0,"event_name":"Big Fish","floor":13,"gold_loss":0},{"damage_healed":0,"gold_gain":99,"player_choice":"Stole From Cult","damage_taken":0,"max_hp_gain":0,"max_hp_loss":0,"event_name":"Nest","floor":19,"gold_loss":0},{"damage_healed":0,"gold_gain":0,"player_choice":"Bought 1 Potion","damage_taken":0,"max_hp_gain":0,"max_hp_loss":0,"event_name":"The Woman in Blue","floor":20,"gold_loss":0}],"is_beta":false,"boss_relics":[{"not_picked":["Tiny House","Cursed Key"],"picked":"Runic Pyramid"}],"items_purged_floors":[14,24],"is_endless":false,"potions_floor_spawned":[1,11,12,16,21],"killed_by":"3 Cultists","ascension_level":3}