{"gold_per_floor":[11,11,11,29,29,60,141,176,176,176,192,38,38,57,57,178,178,202,80,80,103,103,138,138,161,161,202,202,221,241,340,340,460,460,484,509,533,124,124,159,159,178,178,193,236,236,249,80,80,80,80,80,80,118,118],"floor_reached":56,"playtime":3376,"items_purged":["Strike_G","Strike_G"],"score":1555,"play_id":"d39f7120-3e70-4e83-af1d-f01cd4c94289","local_time":"20190923211336","is_ascension_mode":false,"campfire_choices":[{"floor":10,"key":"REST"},{"data":"Calculated Gamble","floor":15,"key":"SMITH"},{"data":"J.A.X.","floor":24,"key":"SMITH"},{"data":"Well Laid Plans","floor":28,"key":"SMITH"},{"floor":32,"key":"REST"},{"floor":41,"key":"RECALL"},{"floor":46,"key":"REST"},{"floor":49,"key":"REST"},{"floor":52,"key":"REST"}],"neow_cost":"NO_GOLD","seed_source_timestamp":757425579030300,"circlet_count":0,"master_deck":["Strike_G","Strike_G","Strike_G","Defend_G","Defend_G","Defend_G","Defend_G+1","Defend_G","Survivor","Neutralize","Well Laid Plans+1","Quick Slash","Dagger Spray+1","Cloak And Dagger","Dodge and Roll+1","Backstab","Leg Sweep","Envenom+1","Escape Plan","Calculated Gamble+1","Burst","Infinite Blades+1","After Image+1","Escape Plan+1","Dagger Spray","J.A.X.+1","Bane+1","Writhe","Noxious Fumes+1","Calculated Gamble+1","Footwork+1","Noxious Fumes+1","Acrobatics","Backflip","Crippling Poison+1","Footwork+1","Finesse","Quick Slash+1","Acrobatics+1","Tactician+1","Cloak And Dagger+1","Backflip"],"relics":["Ring of the Snake","Prayer Wheel","Golden Idol","Mummified Hand","Boot","War Paint","Frozen Egg 2","Orrery","Philosopher\u0027s Stone","InkBottle","Dodecahedron","Gremlin Horn","Gambling Chip","Fusion Hammer","Paper Crane","Bottled Tornado","Turnip","TwistedFunnel","Eternal Feather"],"potions_floor_usage":[16,35,55,55],"damage_taken":[{"damage":0,"enemies":"Small Slimes","floor":1,"turns":4},{"damage":1,"enemies":"Cultist","floor":4,"turns":4},{"damage":26,"enemies":"Gremlin Nob","floor":6,"turns":5},{"damage":4,"enemies":"3 Sentries","floor":7,"turns":6},{"damage":3,"enemies":"3 Sentries","floor":8,"turns":7},{"damage":0,"enemies":"2 Louse","floor":11,"turns":1},{"damage":0,"enemies":"2 Fungi Beasts","floor":14,"turns":3},{"damage":0,"enemies":"The Guardian","floor":16,"turns":11},{"damage":0,"enemies":"Chosen","floor":18,"turns":5},{"damage":12,"enemies":"2 Thieves","floor":21,"turns":3},{"damage":16,"enemies":"Book of Stabbing","floor":23,"turns":6},{"damage":3,"enemies":"Cultist and Chosen","floor":25,"turns":4},{"damage":3,"enemies":"Gremlin Leader","floor":27,"turns":4},{"damage":14,"enemies":"Shelled Parasite and Fungi","floor":29,"turns":4},{"damage":3,"enemies":"Chosen and Byrds","floor":30,"turns":5},{"damage":15,"enemies":"Champ","floor":33,"turns":8},{"damage":3,"enemies":"3 Darklings","floor":35,"turns":3},{"damage":3,"enemies":"3 Shapes","floor":36,"turns":3},{"damage":0,"enemies":"3 Darklings","floor":37,"turns":3},{"damage":3,"enemies":"Reptomancer","floor":40,"turns":5},{"damage":3,"enemies":"Spire Growth","floor":42,"turns":5},{"damage":0,"enemies":"Transient","floor":44,"turns":5},{"damage":0,"enemies":"Nemesis","floor":45,"turns":5},{"damage":7,"enemies":"Jaw Worm Horde","floor":47,"turns":3},{"damage":3,"enemies":"Donu and Deca","floor":50,"turns":7},{"damage":0,"enemies":"Shield and Spear","floor":54,"turns":5},{"damage":6,"enemies":"The Heart","floor":55,"turns":9}],"seed_played":"-8250093234857758978","potions_obtained":[{"floor":1,"key":"Fire Potion"},{"floor":7,"key":"Energy Potion"},{"floor":13,"key":"GhostInAJar"},{"floor":13,"key":"LiquidBronze"},{"floor":18,"key":"EssenceOfSteel"},{"floor":40,"key":"Strength Potion"},{"floor":45,"key":"LiquidBronze"}],"is_trial":false,"path_per_floor":["M","?","?","M","?","E","?","E","T","R","M","$","?","M","R","B",null,"M","$","?","M","?","E","R","M","T","E","R","M","M","?","R","B",null,"M","M","M","$","?","E","R","M","T","M","E","R","M","$","R","B",null,"R","$","E","B",null],"character_chosen":"THE_SILENT","items_purchased":["Orrery","Dagger Spray","Footwork+1","Paper Crane","Backflip","TwistedFunnel"],"campfire_rested":5,"item_purchase_floors":[12,19,38,38,48,48],"current_hp_per_floor":[70,53,58,57,57,31,27,24,24,46,46,46,46,46,46,46,75,75,75,75,63,63,47,47,44,44,41,41,27,24,24,46,31,75,72,69,69,69,69,66,66,63,63,63,63,75,68,68,75,72,75,75,75,75,69],"gold":118,"neow_bonus":"ONE_RARE_RELIC","is_prod":false,"is_daily":false,"chose_seed":false,"campfire_upgraded":3,"win_rate":0,"timestamp":1569269616,"path_taken":["M","?","?","M","?","E","?","E","T","R","M","$","?","M","R","BOSS","M","$","?","M","?","E","R","M","T","E","R","M","M","?","R","BOSS","M","M","M","$","?","E","R","M","T","M","E","R","M","$","R","BOSS","R","$","E","BOSS"],"build_version":"2019-09-23","purchased_purges":2,"victory":true,"max_hp_per_floor":[70,70,75,75,75,75,75,75,75,75,75,75,75,75,75,75,75,75,75,75,75,75,75,75,75,75,75,75,75,75,75,75,75,75,75,75,75,75,75,75,75,75,75,75,75,75,75,75,75,75,75,75,75,75,75],"card_choices":[{"not_picked":["Concentrate","Outmaneuver"],"picked":"Well Laid Plans","floor":1},{"not_picked":["Sucker Punch","Cloak And Dagger"],"picked":"Quick Slash","floor":1},{"not_picked":["All Out Attack","Grand Finale"],"picked":"Dagger Spray","floor":4},{"not_picked":["PiercingWail","Dodge and Roll"],"picked":"Cloak And Dagger","floor":4},{"not_picked":["Outmaneuver","Bane"],"picked":"Dodge and Roll","floor":6},{"not_picked":["Endless Agony","Dagger Throw"],"picked":"Backstab","floor":7},{"not_picked":["Prepared","Dagger Throw"],"picked":"Leg Sweep","floor":8},{"not_picked":["Flying Knee","Crippling Poison"],"picked":"Envenom+1","floor":11},{"not_picked":["Slice","Outmaneuver"],"picked":"Escape Plan","floor":11},{"not_picked":["PiercingWail","Deadly Poison"],"picked":"Calculated Gamble","floor":12},{"not_picked":["Heel Hook","Cloak And Dagger"],"picked":"Burst","floor":12},{"not_picked":["Dash","Acrobatics"],"picked":"Infinite Blades+1","floor":14},{"not_picked":["Flying Knee","Bane","Quick Slash"],"picked":"SKIP","floor":14},{"not_picked":["Die Die Die","Envenom+1"],"picked":"After Image+1","floor":16},{"not_picked":["Sucker Punch","Outmaneuver+1"],"picked":"Escape Plan+1","floor":18},{"not_picked":["Acrobatics","Dagger Spray","PiercingWail"],"picked":"SKIP","floor":18},{"not_picked":["Bullet Time","Crippling Poison"],"picked":"Bane+1","floor":21},{"not_picked":["Distraction","Poisoned Stab","Dagger Spray"],"picked":"SKIP","floor":21},{"not_picked":["Prepared","Dash"],"picked":"Noxious Fumes+1","floor":23},{"not_picked":["Dagger Spray","Dash"],"picked":"Calculated Gamble+1","floor":25},{"not_picked":["Catalyst+1","Cloak And Dagger","Dagger Throw"],"picked":"SKIP","floor":25},{"not_picked":["Slice","Dagger Spray","Heel Hook+1"],"picked":"SKIP","floor":27},{"not_picked":["Cloak And Dagger","Dodge and Roll+1"],"picked":"Footwork+1","floor":29},{"not_picked":["Reflex","Prepared","Leg Sweep"],"picked":"SKIP","floor":29},{"not_picked":["Well Laid Plans+1","Prepared"],"picked":"Noxious Fumes+1","floor":30},{"not_picked":["Escape Plan","Slice","Unload"],"picked":"SKIP","floor":30},{"not_picked":["Cloak And Dagger","Dash"],"picked":"Acrobatics","floor":35},{"not_picked":["Dodge and Roll","Dash"],"picked":"Backflip","floor":35},{"not_picked":["Deadly Poison+1","Dagger Spray","Dagger Throw+1"],"picked":"SKIP","floor":36},{"not_picked":["Dagger Throw","Cloak And Dagger","Choke"],"picked":"SKIP","floor":36},{"not_picked":["Deadly Poison","Bouncing Flask+1"],"picked":"Crippling Poison+1","floor":37},{"not_picked":["Malaise","Bane+1","Blade Dance"],"picked":"SKIP","floor":37},{"not_picked":["Deep Breath","Swift Strike"],"picked":"Finesse","floor":39},{"not_picked":["Quick Slash","Blur","Poisoned Stab+1"],"picked":"SKIP","floor":40},{"not_picked":["Infinite Blades+1","Outmaneuver+1"],"picked":"Quick Slash+1","floor":42},{"not_picked":["Distraction","Bane","Dagger Throw+1"],"picked":"SKIP","floor":42},{"not_picked":["Dagger Throw+1","Riddle With Holes+1"],"picked":"Acrobatics+1","floor":44},{"not_picked":["Bane","Flechettes+1","Masterful Stab"],"picked":"SKIP","floor":44},{"not_picked":["Underhanded Strike+1","Choke+1"],"picked":"Tactician+1","floor":45},{"not_picked":["Distraction","Slice+1"],"picked":"Cloak And Dagger+1","floor":47},{"not_picked":["Underhanded Strike+1","Dagger Throw+1","Flechettes+1"],"picked":"SKIP","floor":47},{"not_picked":["Flying Knee","Quick Slash+1","Endless Agony+1"],"picked":"SKIP","floor":54}],"player_experience":1555594,"relics_obtained":[{"floor":6,"key":"Mummified Hand"},{"floor":7,"key":"Boot"},{"floor":8,"key":"War Paint"},{"floor":9,"key":"Frozen Egg 2"},{"floor":23,"key":"Dodecahedron"},{"floor":26,"key":"Gremlin Horn"},{"floor":27,"key":"Gambling Chip"},{"floor":40,"key":"Bottled Tornado"},{"floor":45,"key":"Turnip"},{"floor":54,"key":"Eternal Feather"}],"event_choices":[{"damage_healed":0,"gold_gain":0,"player_choice":"Take Damage","damage_taken":17,"relics_obtained":["Golden Idol"],"max_hp_gain":0,"max_hp_loss":0,"event_name":"Golden Idol","floor":2,"gold_loss":0},{"damage_healed":0,"gold_gain":0,"player_choice":"Donut","damage_taken":0,"max_hp_gain":5,"max_hp_loss":0,"event_name":"Big Fish","floor":3,"gold_loss":0},{"damage_healed":0,"gold_gain":0,"player_choice":"Grow","damage_taken":0,"max_hp_gain":0,"max_hp_loss":0,"event_name":"Living Wall","floor":5,"gold_loss":0,"cards_upgraded":["Dagger Spray"]},{"damage_healed":0,"gold_gain":0,"player_choice":"Searched \u00271\u0027 times","damage_taken":0,"max_hp_gain":0,"max_hp_loss":0,"event_name":"Dead Adventurer","floor":7,"gold_loss":0},{"damage_healed":0,"gold_gain":0,"player_choice":"Got Potions","damage_taken":0,"max_hp_gain":0,"max_hp_loss":0,"event_name":"Lab","floor":13,"gold_loss":0},{"damage_healed":0,"gold_gain":0,"player_choice":"Obtain J.A.X.","damage_taken":0,"max_hp_gain":0,"max_hp_loss":0,"event_name":"Drug Dealer","floor":20,"gold_loss":0,"cards_obtained":["J.A.X."]},{"damage_healed":0,"gold_gain":0,"player_choice":"Opened","damage_taken":0,"relics_obtained":["InkBottle"],"max_hp_gain":0,"max_hp_loss":0,"event_name":"The Mausoleum","floor":22,"gold_loss":0,"cards_obtained":["Writhe"]},{"damage_healed":0,"gold_gain":99,"player_choice":"Stole From Cult","damage_taken":0,"max_hp_gain":0,"max_hp_loss":0,"event_name":"Nest","floor":31,"gold_loss":0},{"damage_healed":0,"gold_gain":0,"player_choice":"Memory 1","damage_taken":0,"max_hp_gain":0,"max_hp_loss":0,"event_name":"SensoryStone","floor":39,"gold_loss":0}],"is_beta":true,"boss_relics":[{"not_picked":["WristBlade","Snecko Eye"],"picked":"Philosopher\u0027s Stone"},{"not_picked":["Coffee Dripper","Sozu"],"picked":"Fusion Hammer"}],"items_purged_floors":[19,38],"is_endless":false,"potions_floor_spawned":[1,7,14,18,29,30,33,40,45,47],"ascension_level":0}