{"gold_per_floor":[113,113,113,128,145,145,158,158,185,185,220,220,233,264,264,367,367,378,478,492,504,162,162,188,188,188,66,66,66,66,80,80,175,175,186,198,198,1197,1197,1197,1213,1213,1283,692,705,724,724,741,741,741],"floor_reached":50,"playtime":5453,"items_purged":["Defend_B","Defend_B","Normality"],"score":592,"play_id":"cdf72216-5b03-44e9-9b53-031a468b6165","local_time":"20191026060337","is_ascension_mode":true,"campfire_choices":[{"data":"Zap","floor":6,"key":"SMITH"},{"floor":8,"key":"REST"},{"floor":12,"key":"REST"},{"data":"Glacier","floor":15,"key":"SMITH"},{"data":"Dualcast","floor":23,"key":"SMITH"},{"floor":25,"key":"REST"},{"floor":28,"key":"REST"},{"data":"Secret Weapon","floor":30,"key":"SMITH"},{"floor":32,"key":"REST"},{"floor":40,"key":"REST"},{"floor":42,"key":"REST"},{"floor":47,"key":"REST"},{"floor":49,"key":"REST"}],"neow_cost":"PERCENT_DAMAGE","seed_source_timestamp":463726383320400,"circlet_count":0,"master_deck":["Strike_B+1","Strike_B+1","Defend_B","Defend_B","Zap+1","Dualcast+1","Hologram+1","Cold Snap","Glacier+1","Barrage","Electrodynamics","Gash","Gash","Cold Snap+1","Cold Snap","Gash","Secret Weapon+1","Hologram","Gash","Gash","Go for the Eyes+1","Bandage Up","Normality","Glacier+1","Capacitor","Conserve Battery+1","Auto Shields+1","Parasite"],"relics":["Cracked Core","Pen Nib","Darkstone Periapt","Whetstone","Nuclear Battery","Dodecahedron","Girya","MutagenicStrength","Sozu","Bottled Tornado","Vajra","Bottled Flame"],"potions_floor_usage":[3,7,11,11,11,21,24,41],"damage_taken":[{"damage":4,"enemies":"2 Louse","floor":1,"turns":2},{"damage":1,"enemies":"Cultist","floor":4,"turns":4},{"damage":0,"enemies":"Small Slimes","floor":5,"turns":3},{"damage":8,"enemies":"Exordium Thugs","floor":7,"turns":2},{"damage":14,"enemies":"Lagavulin","floor":11,"turns":6},{"damage":1,"enemies":"3 Louse","floor":13,"turns":3},{"damage":2,"enemies":"3 Sentries","floor":14,"turns":10},{"damage":45,"enemies":"Hexaghost","floor":16,"turns":13},{"damage":0,"enemies":"Spheric Guardian","floor":18,"turns":3},{"damage":2,"enemies":"Chosen","floor":20,"turns":4},{"damage":19,"enemies":"Snake Plant","floor":21,"turns":4},{"damage":40,"enemies":"Gremlin Leader","floor":24,"turns":9},{"damage":3,"enemies":"3 Cultists","floor":31,"turns":4},{"damage":75,"enemies":"Champ","floor":33,"turns":10},{"damage":2,"enemies":"3 Shapes","floor":35,"turns":4},{"damage":56,"enemies":"3 Darklings","floor":36,"turns":5},{"damage":37,"enemies":"4 Shapes","floor":41,"turns":8},{"damage":14,"enemies":"Maw","floor":45,"turns":8},{"damage":33,"enemies":"3 Darklings","floor":46,"turns":4},{"damage":40,"enemies":"Writhing Mass","floor":48,"turns":8},{"damage":52,"enemies":"Donu and Deca","floor":50,"turns":8}],"seed_played":"-5433634616041795667","potions_obtained":[{"floor":3,"key":"Energy Potion"},{"floor":3,"key":"Fruit Juice"},{"floor":3,"key":"GamblersBrew"},{"floor":4,"key":"AttackPotion"},{"floor":7,"key":"GamblersBrew"},{"floor":20,"key":"SkillPotion"},{"floor":21,"key":"Weak Potion"},{"floor":33,"key":"AttackPotion"}],"is_trial":false,"path_per_floor":["M","?","?","M","M","R","M","R","T","?","E","R","M","E","R","B",null,"M","?","M","M","$","R","E","R","T","$","R","?","R","M","R","B",null,"M","M","?","?","?","R","M","R","T","$","M","M","R","M","R","B"],"character_chosen":"DEFECT","items_purchased":["Cold Snap","Gash","Secret Weapon","Hologram","Capacitor","Vajra","Bottled Flame"],"campfire_rested":9,"item_purchase_floors":[22,22,22,27,44,44,44],"current_hp_per_floor":[50,47,52,51,51,51,43,67,67,67,53,77,76,74,74,29,80,80,80,78,59,59,59,19,43,43,43,67,67,67,64,80,5,80,78,22,22,34,34,61,28,55,55,55,45,16,43,13,42,0],"gold":741,"neow_bonus":"REMOVE_TWO","is_prod":false,"is_daily":false,"chose_seed":false,"campfire_upgraded":4,"win_rate":0,"timestamp":1572091417,"path_taken":["M","?","?","?","M","R","M","R","T","?","E","R","M","E","R","BOSS","M","?","M","M","$","R","E","R","T","?","R","?","R","M","R","BOSS","M","M","?","?","?","R","?","R","T","?","M","M","R","M","R","BOSS"],"build_version":"2019-07-17","purchased_purges":3,"victory":false,"max_hp_per_floor":[75,75,80,80,80,80,80,80,80,80,80,80,80,80,80,80,80,80,80,80,80,80,80,80,80,80,80,80,80,80,80,80,80,80,80,80,80,92,92,92,92,92,92,92,92,92,92,98,98,98],"card_choices":[{"not_picked":["Steam","Redo","Loop"],"picked":"SKIP","floor":1},{"not_picked":["Redo","Go for the Eyes"],"picked":"Hologram","floor":4},{"not_picked":["Doom and Gloom","Sweeping Beam"],"picked":"Cold Snap","floor":5},{"not_picked":["Chaos","Hello World","BootSequence"],"picked":"SKIP","floor":7},{"not_picked":["Melter","Doom and Gloom"],"picked":"Glacier","floor":11},{"not_picked":["Hello World","Creative AI","Stack"],"picked":"SKIP","floor":13},{"not_picked":["Darkness","Steam"],"picked":"Barrage","floor":14},{"not_picked":["Multi-Cast","Fission"],"picked":"Electrodynamics","floor":16},{"not_picked":["Steam+1","Self Repair+1"],"picked":"Gash","floor":18},{"not_picked":["Streamline","BootSequence"],"picked":"Gash","floor":20},{"not_picked":["Gash+1","Storm"],"picked":"Cold Snap+1","floor":21},{"not_picked":["Turbo","Streamline+1","Genetic Algorithm"],"picked":"SKIP","floor":24},{"not_picked":["Rebound+1","Sweeping Beam"],"picked":"Gash","floor":31},{"not_picked":["Rebound","Melter"],"picked":"Gash","floor":35},{"not_picked":["Rip and Tear+1","Darkness"],"picked":"Go for the Eyes+1","floor":36},{"not_picked":["Metamorphosis","Enlightenment"],"picked":"Bandage Up","floor":37},{"not_picked":["Rip and Tear","Steam","Force Field"],"picked":"SKIP","floor":41},{"not_picked":["Streamline","Static Discharge"],"picked":"Conserve Battery+1","floor":45},{"not_picked":["Beam Cell","Steam Power"],"picked":"Auto Shields+1","floor":46},{"not_picked":["Storm","Streamline","Sunder+1"],"picked":"SKIP","floor":48}],"player_experience":496813,"relics_obtained":[{"floor":11,"key":"Darkstone Periapt"},{"floor":14,"key":"Whetstone"},{"floor":24,"key":"Dodecahedron"},{"floor":26,"key":"Girya"},{"floor":43,"key":"Bottled Tornado"}],"event_choices":[{"damage_healed":0,"gold_gain":0,"player_choice":"Success","damage_taken":3,"relics_obtained":["Pen Nib"],"max_hp_gain":0,"max_hp_loss":0,"event_name":"Scrap Ooze","floor":2,"gold_loss":0},{"damage_healed":0,"gold_gain":0,"player_choice":"Got Potions","damage_taken":0,"max_hp_gain":0,"max_hp_loss":0,"event_name":"Lab","floor":3,"gold_loss":0},{"damage_healed":0,"gold_gain":0,"player_choice":"Grow","damage_taken":0,"max_hp_gain":0,"max_hp_loss":0,"event_name":"Living Wall","floor":10,"gold_loss":0,"cards_upgraded":["Hologram"]},{"damage_healed":0,"gold_gain":100,"player_choice":"Pray","damage_taken":0,"max_hp_gain":0,"max_hp_loss":0,"event_name":"Golden Shrine","floor":19,"gold_loss":0},{"damage_healed":0,"gold_gain":0,"player_choice":"Inject Mutagens","damage_taken":0,"relics_obtained":["MutagenicStrength"],"max_hp_gain":0,"max_hp_loss":0,"event_name":"Drug Dealer","floor":29,"gold_loss":0},{"damage_healed":0,"gold_gain":0,"player_choice":"Memory 1","damage_taken":0,"max_hp_gain":0,"max_hp_loss":0,"event_name":"SensoryStone","floor":37,"gold_loss":0},{"damage_healed":0,"gold_gain":999,"player_choice":"Gold","damage_taken":0,"max_hp_gain":0,"max_hp_loss":0,"event_name":"MindBloom","floor":38,"gold_loss":0,"cards_obtained":["Normality","Normality"]},{"damage_healed":0,"gold_gain":0,"player_choice":"Copied","damage_taken":0,"max_hp_gain":0,"max_hp_loss":0,"event_name":"Duplicator","floor":39,"gold_loss":0,"cards_obtained":["Glacier"]}],"is_beta":false,"boss_relics":[{"not_picked":["Coffee Dripper","Ectoplasm"],"picked":"Nuclear Battery"},{"not_picked":["Snecko Eye","Runic Dome"],"picked":"Sozu"}],"items_purged_floors":[22,27,44],"is_endless":false,"potions_floor_spawned":[4,5,7,20,21,33,41,45,46,48],"killed_by":"Donu and Deca","ascension_level":2}