{"gold_per_floor":[109,121,53,72,87,87,114,114,114,114,129,144,144,144,144,144],"floor_reached":16,"playtime":667,"items_purged":[],"score":143,"play_id":"3433a257-a898-486e-ae7a-245e1a59cbbc","local_time":"20191008224421","is_ascension_mode":true,"campfire_choices":[{"data":"Defragment","floor":6,"key":"SMITH"},{"data":"Doom and Gloom","floor":8,"key":"SMITH"},{"data":"Zap","floor":10,"key":"SMITH"},{"floor":13,"key":"REST"},{"floor":15,"key":"REST"}],"neow_cost":"NONE","seed_source_timestamp":6978100263600,"circlet_count":0,"master_deck":["Strike_B","Strike_B","Strike_B","Defend_B","Defend_B","Defend_B","Defend_B","Zap+1","Dualcast","Reprogram","Doom and Gloom+1","Defragment+1","Streamline","Gash","Go for the Eyes","Self Repair","Stack"],"special_seed":0,"relics":["Cracked Core","Bag of Marbles","Singing Bowl","Mummified Hand"],"potions_floor_usage":[7,7],"damage_taken":[{"damage":1.0,"enemies":"Cultist","floor":1.0,"turns":3.0},{"damage":7.0,"enemies":"Jaw Worm","floor":2.0,"turns":3.0},{"damage":0.0,"enemies":"Small Slimes","floor":4.0,"turns":2.0},{"damage":26,"enemies":"Gremlin Gang","floor":5,"turns":5},{"damage":15,"enemies":"3 Sentries","floor":7,"turns":4},{"damage":10,"enemies":"Red Slaver","floor":11,"turns":2},{"damage":7,"enemies":"Looter","floor":12,"turns":3},{"damage":58,"enemies":"Slime Boss","floor":16,"turns":5}],"seed_played":"4584165090319055741","potions_obtained":[{"floor":1.0,"key":"SteroidPotion"},{"floor":4.0,"key":"AttackPotion"},{"floor":12,"key":"EssenceOfSteel"}],"is_trial":false,"path_per_floor":["M","M","$","M","M","R","E","R","T","R","M","M","R","?","R","B"],"character_chosen":"DEFECT","items_purchased":["Defragment"],"campfire_rested":2,"item_purchase_floors":[3],"current_hp_per_floor":[67,60,60,60,34,34,19,19,19,19,11,4,27,27,50,0],"gold":144,"neow_bonus":"RANDOM_COMMON_RELIC","is_prod":false,"is_daily":false,"chose_seed":false,"campfire_upgraded":3,"win_rate":0,"timestamp":1570567461,"path_taken":["M","M","$","?","M","R","E","R","T","R","M","M","R","?","R","BOSS"],"build_version":"2019-07-17","purchased_purges":0,"victory":false,"max_hp_per_floor":[75,75,75,75,75,75,75,75,75,75,77,77,77,77,77,77],"card_choices":[{"not_picked":["Beam Cell","Leap"],"picked":"Reprogram","floor":1.0},{"not_picked":["Rip and Tear","Compile Driver"],"picked":"Doom and Gloom","floor":2.0},{"not_picked":["Hologram","Barrage"],"picked":"Streamline","floor":4.0},{"not_picked":["Compile Driver","Turbo"],"picked":"Gash","floor":5},{"not_picked":["Hologram","Stack"],"picked":"Go for the Eyes","floor":7},{"not_picked":["Hello World","Sunder","Static Discharge"],"picked":"Singing Bowl","floor":11},{"not_picked":["Barrage","Ball Lightning"],"picked":"Self Repair","floor":12}],"player_experience":211764,"relics_obtained":[{"floor":7,"key":"Singing Bowl"},{"floor":9,"key":"Mummified Hand"}],"event_choices":[{"damage_healed":0,"gold_gain":0,"cards_transformed":["Strike_B"],"player_choice":"Transformed","damage_taken":0,"max_hp_gain":0,"max_hp_loss":0,"event_name":"Transmorgrifier","floor":14,"gold_loss":0,"cards_obtained":["Stack"]}],"is_beta":false,"boss_relics":[],"items_purged_floors":[],"is_endless":false,"potions_floor_spawned":[1,4,12],"killed_by":"Slime Boss","ascension_level":8}