{"gold_per_floor":[109,34,34,34,46,46,77,94,147,160,178,178,203,303,303,399,399,412,399,414,434,96,127,146,146,169,169,199,299,311,325,325,427,427,445,445,456,79,95,126,145,145,145,177,192,211,231,266,266,266],"floor_reached":51,"playtime":4893,"items_purged":["Injury","Strike_B","Strike_B+1"],"score":1427,"play_id":"709c442b-016b-4bfc-bfa6-3bb8938f3c52","local_time":"20191012074721","is_ascension_mode":true,"campfire_choices":[{"data":"Mayhem","floor":6.0,"key":"SMITH"},{"floor":12.0,"key":"REST"},{"data":"Fission","floor":15.0,"key":"SMITH"},{"data":"Apotheosis","floor":27.0,"key":"SMITH"},{"floor":32.0,"key":"DIG"},{"data":"Defragment","floor":42,"key":"SMITH"},{"floor":49,"key":"DIG"}],"neow_cost":"CURSE","seed_source_timestamp":107455308752600,"circlet_count":0,"master_deck":["AscendersBane","Strike_B+1","Defend_B","Defend_B","Defend_B","Zap","Dualcast+1","Flash of Steel","Mayhem+1","Loop","Conserve Battery","White Noise","Cold Snap","Leap","Chill","Fission+1","Biased Cognition","Lockon+1","Go for the Eyes+1","Defragment+1","Chill","Apotheosis+1","Glacier","Self Repair","Capacitor+1","Recycle","Amplify+1","Storm","Biased Cognition","Sunder","Tempest","Steam+1","Coolheaded+1","Hologram+1","Undo+1","Defragment+1"],"special_seed":0,"relics":["FrozenCore","Regal Pillow","Bag of Preparation","Whetstone","Blood Vial","Ancient Tea Set","Shovel","DataDisk","Pen Nib","FossilizedHelix","Dodecahedron","Orichalcum","Busted Crown","Matryoshka","Calipers","Toxic Egg 2","Shuriken","War Paint","Letter Opener","Pear"],"potions_floor_usage":[50,50,50],"damage_taken":[{"damage":2.0,"enemies":"Jaw Worm","floor":1.0,"turns":3.0},{"damage":7.0,"enemies":"2 Louse","floor":5.0,"turns":3.0},{"damage":16.0,"enemies":"Lagavulin","floor":7.0,"turns":8.0},{"damage":0.0,"enemies":"Cultist","floor":8.0,"turns":3.0},{"damage":5.0,"enemies":"3 Louse","floor":10.0,"turns":3.0},{"damage":32.0,"enemies":"Gremlin Gang","floor":11.0,"turns":4.0},{"damage":0.0,"enemies":"3 Sentries","floor":13.0,"turns":5.0},{"damage":28.0,"enemies":"Slime Boss","floor":16.0,"turns":6.0},{"damage":0.0,"enemies":"Spheric Guardian","floor":18.0,"turns":6.0},{"damage":21.0,"enemies":"2 Thieves","floor":19.0,"turns":4.0},{"damage":6.0,"enemies":"Snake Plant","floor":20.0,"turns":5.0},{"damage":5.0,"enemies":"Centurion and Healer","floor":21.0,"turns":9.0},{"damage":4.0,"enemies":"Slavers","floor":23.0,"turns":14.0},{"damage":4.0,"enemies":"Snecko","floor":24.0,"turns":8.0},{"damage":0.0,"enemies":"Book of Stabbing","floor":28.0,"turns":5.0},{"damage":3.0,"enemies":"Colosseum Slavers","floor":29.0,"turns":5.0},{"damage":6.0,"enemies":"Colosseum Nobs","floor":29.0,"turns":6.0},{"damage":0.0,"enemies":"Sentry and Sphere","floor":30.0,"turns":10.0},{"damage":0.0,"enemies":"3 Cultists","floor":31.0,"turns":7.0},{"damage":12.0,"enemies":"Automaton","floor":33.0,"turns":13.0},{"damage":7.0,"enemies":"3 Darklings","floor":35.0,"turns":4.0},{"damage":0.0,"enemies":"3 Shapes","floor":37.0,"turns":7.0},{"damage":0.0,"enemies":"Sphere and 2 Shapes","floor":39.0,"turns":4.0},{"damage":0,"enemies":"Giant Head","floor":40,"turns":8},{"damage":0,"enemies":"Spire Growth","floor":41,"turns":4},{"damage":0,"enemies":"Reptomancer","floor":44,"turns":5},{"damage":0,"enemies":"Writhing Mass","floor":45,"turns":4},{"damage":0,"enemies":"4 Shapes","floor":46,"turns":6},{"damage":0,"enemies":"Spire Growth","floor":47,"turns":5},{"damage":0,"enemies":"Giant Head","floor":48,"turns":6},{"damage":0,"enemies":"Time Eater","floor":50,"turns":11}],"seed_played":"2661237113338902435","potions_obtained":[{"floor":1.0,"key":"Block Potion"},{"floor":7.0,"key":"Dexterity Potion"},{"floor":11.0,"key":"Energy Potion"},{"floor":28.0,"key":"Explosive Potion"},{"floor":35.0,"key":"SkillPotion"},{"floor":37.0,"key":"Explosive Potion"},{"floor":45,"key":"Poison Potion"},{"floor":48,"key":"PowerPotion"}],"is_trial":false,"path_per_floor":["M","$","?","?","M","R","E","M","T","M","M","R","E","?","R","B",null,"M","M","M","M","$","E","M","T","T","R","E","?","M","M","R","B",null,"M","?","M","$","M","E","M","R","T","E","M","M","M","E","R","B",null],"character_chosen":"DEFECT","items_purchased":["Apotheosis","Glacier","Matryoshka"],"campfire_rested":1,"item_purchase_floors":[22,22,38],"current_hp_per_floor":[66,66,63,63,56,56,40,40,40,35,3,40,40,40,40,14,60,62,43,39,36,36,34,39,39,39,39,48,43,55,67,67,67,73,68,68,75,75,75,75,75,75,75,75,75,75,75,75,85,85],"gold":266,"neow_bonus":"RANDOM_COLORLESS_2","is_prod":false,"is_daily":false,"chose_seed":false,"campfire_upgraded":4,"win_rate":0,"timestamp":1570859241,"path_taken":["M","$","?","?","M","R","E","M","T","?","M","R","E","?","R","BOSS","M","M","?","M","$","E","M","?","T","R","E","?","M","M","R","BOSS","M","?","M","$","M","E","M","R","T","E","M","?","M","E","R","BOSS"],"build_version":"2019-07-17","purchased_purges":3,"victory":true,"max_hp_per_floor":[75,75,75,75,75,75,75,75,75,75,75,75,75,75,75,75,75,75,75,75,75,75,75,75,75,75,75,75,75,75,75,75,75,75,75,75,75,75,75,75,75,75,75,75,75,75,75,75,85,85],"card_choices":[{"not_picked":["Doom and Gloom","Streamline"],"picked":"Loop","floor":1.0},{"not_picked":["Coolheaded","Redo"],"picked":"Conserve Battery","floor":5.0},{"not_picked":["Stack","Cold Snap"],"picked":"White Noise","floor":7.0},{"not_picked":["Ball Lightning","Melter"],"picked":"Cold Snap","floor":8.0},{"not_picked":["Sweeping Beam","Consume"],"picked":"Leap","floor":10.0},{"not_picked":["Streamline","Cold Snap"],"picked":"Chill","floor":11.0},{"not_picked":["Force Field","Beam Cell"],"picked":"Fission","floor":13.0},{"not_picked":["Electrodynamics","Meteor Strike"],"picked":"Biased Cognition","floor":16.0},{"not_picked":["Go for the Eyes","Barrage+1"],"picked":"Lockon+1","floor":18.0},{"not_picked":["Scrape","Storm"],"picked":"Go for the Eyes+1","floor":19.0},{"not_picked":["Hologram","Recycle"],"picked":"Defragment","floor":20.0},{"not_picked":["Gash","Hello World+1"],"picked":"Chill","floor":21.0},{"not_picked":["Undo","Sweeping Beam"],"picked":"Self Repair","floor":23.0},{"not_picked":["Conserve Battery","Reprogram"],"picked":"Capacitor+1","floor":24.0},{"not_picked":["Hologram+1","Steam"],"picked":"Recycle","floor":28.0},{"not_picked":["Steam","Gash"],"picked":"Amplify","floor":30.0},{"not_picked":["Gash","Rebound"],"picked":"Storm","floor":31.0},{"not_picked":["Amplify","Buffer"],"picked":"Biased Cognition","floor":33.0},{"not_picked":["Barrage"],"picked":"SKIP","floor":35.0},{"not_picked":[],"picked":"Tempest","floor":37.0},{"not_picked":[],"picked":"Steam+1","floor":39.0},{"not_picked":["Sunder"],"picked":"SKIP","floor":40},{"not_picked":["Ball Lightning+1"],"picked":"SKIP","floor":41},{"not_picked":[],"picked":"Coolheaded+1","floor":44},{"not_picked":[],"picked":"Hologram+1","floor":45},{"not_picked":[],"picked":"Undo+1","floor":46},{"not_picked":[],"picked":"Defragment+1","floor":47},{"not_picked":["Aggregate+1"],"picked":"SKIP","floor":48}],"player_experience":251016,"relics_obtained":[{"floor":7.0,"key":"Bag of Preparation"},{"floor":9.0,"key":"Whetstone"},{"floor":13.0,"key":"Blood Vial"},{"floor":23.0,"key":"Ancient Tea Set"},{"floor":25.0,"key":"Shovel"},{"floor":26.0,"key":"DataDisk"},{"floor":28.0,"key":"Pen Nib"},{"floor":29.0,"key":"FossilizedHelix"},{"floor":29.0,"key":"Dodecahedron"},{"floor":32.0,"key":"Orichalcum"},{"floor":40,"key":"Calipers"},{"floor":43,"key":"Toxic Egg 2"},{"floor":43,"key":"Shuriken"},{"floor":44,"key":"War Paint"},{"floor":48,"key":"Letter Opener"},{"floor":49,"key":"Pear"}],"event_choices":[{"damage_healed":0.0,"max_hp_gain":0.0,"max_hp_loss":0.0,"gold_gain":0.0,"event_name":"Scrap Ooze","player_choice":"Success","floor":3.0,"gold_loss":0.0,"damage_taken":3.0,"relics_obtained":["Regal Pillow"]},{"cards_removed":["Strike_B"],"damage_healed":0.0,"max_hp_gain":0.0,"max_hp_loss":0.0,"gold_gain":0.0,"event_name":"Bonfire Elementals","player_choice":"Offered Basic","floor":4.0,"gold_loss":0.0,"damage_taken":0.0},{"damage_healed":0.0,"max_hp_gain":0.0,"max_hp_loss":0.0,"gold_gain":100.0,"event_name":"Wheel of Change","player_choice":"Gold","floor":14.0,"gold_loss":0.0,"damage_taken":0.0},{"damage_healed":0.0,"max_hp_gain":0.0,"max_hp_loss":0.0,"gold_gain":0.0,"event_name":"Colosseum","player_choice":"Fight","floor":29.0,"gold_loss":0.0,"damage_taken":0.0},{"damage_healed":0.0,"max_hp_gain":0.0,"max_hp_loss":0.0,"gold_gain":0.0,"event_name":"Colosseum","player_choice":"Fought Nobs","floor":29.0,"gold_loss":0.0,"damage_taken":0.0},{"damage_healed":0.0,"max_hp_gain":0.0,"max_hp_loss":0.0,"gold_gain":0.0,"cards_transformed":["Defend_B"],"event_name":"Transmorgrifier","player_choice":"Transformed","floor":36.0,"gold_loss":0.0,"damage_taken":0.0,"cards_obtained":["Sunder"]}],"is_beta":false,"boss_relics":[{"not_picked":["Pandora\u0027s Box","Black Star"],"picked":"FrozenCore"},{"not_picked":["White Beast Statue","Runic Pyramid"],"picked":"Busted Crown"}],"items_purged_floors":[2,22,38],"is_endless":false,"potions_floor_spawned":[1,7,11,19,21,23,24,28,35,37,45,47,48],"ascension_level":10}