{"gold_per_floor":[114,189,189,200,216,216,229,258,284,312,312,2,2,21,21,118,118,130,55,55,75,87,87,122,139,163,178,178,188,188,218,230,341,353,383,405,428,440,468,480,526,538,550,109,126,226,226,255,255,255,255,255,10,40,40],"floor_reached":55,"playtime":2457,"items_purged":["Strike_R","Perfected Strike"],"score":1113,"play_id":"127e638c-0a9f-4959-b398-39f841be5d37","local_time":"20190825173027","is_ascension_mode":true,"campfire_choices":[{"data":"Iron Wave","floor":6.0,"key":"SMITH"},{"data":"Immolate","floor":11.0,"key":"SMITH"},{"data":"Spot Weakness","floor":15.0,"key":"SMITH"},{"data":"Twin Strike","floor":23.0,"key":"SMITH"},{"data":"Bloodletting","floor":30.0,"key":"SMITH"},{"data":"Barricade","floor":32.0,"key":"SMITH"},{"floor":40,"key":"RECALL"},{"floor":49,"key":"REST"},{"floor":52,"key":"REST"}],"neow_cost":"NONE","seed_source_timestamp":0,"circlet_count":0,"master_deck":["Strike_R+1","Strike_R+1","Defend_R","Defend_R","Defend_R","Bash+1","Twin Strike+1","Iron Wave+1","Cleave","Immolate+1","Spot Weakness+1","Impervious","Shrug It Off+1","Anger+1","Inflame+1","Seeing Red","Bloodletting+1","Barricade+1","Limit Break","Uppercut+1","Shrug It Off","Limit Break","Apotheosis","Metallicize+1","Rage","Purity","Offering"],"special_seed":0,"relics":["Burning Blood","Strawberry","Regal Pillow","Centennial Puzzle","Bag of Preparation","Orichalcum","Runic Pyramid","Bird Faced Urn","MawBank","Fusion Hammer","Darkstone Periapt","Red Skull","Membership Card","Potion Belt","Lantern","Ice Cream","Whetstone","Dodecahedron","Art of War"],"potions_floor_usage":[41,48,54,55,55,55,55],"damage_taken":[{"damage":5.0,"enemies":"2 Louse","floor":1.0,"turns":4.0},{"damage":3.0,"enemies":"Jaw Worm","floor":4.0,"turns":4.0},{"damage":1.0,"enemies":"Cultist","floor":5.0,"turns":4.0},{"damage":12.0,"enemies":"Exordium Wildlife","floor":7.0,"turns":4.0},{"damage":20.0,"enemies":"3 Sentries","floor":8.0,"turns":9.0},{"damage":28.0,"enemies":"Lagavulin","floor":10.0,"turns":5.0},{"damage":0.0,"enemies":"Large Slime","floor":14.0,"turns":3.0},{"damage":12.0,"enemies":"Hexaghost","floor":16.0,"turns":6.0},{"damage":5.0,"enemies":"Spheric Guardian","floor":18.0,"turns":3.0},{"damage":0.0,"enemies":"3 Byrds","floor":21.0,"turns":4.0},{"damage":7.0,"enemies":"Snecko","floor":22.0,"turns":5.0},{"damage":31.0,"enemies":"Book of Stabbing","floor":24.0,"turns":5.0},{"damage":9.0,"enemies":"Centurion and Healer","floor":25.0,"turns":5.0},{"damage":0.0,"enemies":"3 Cultists","floor":27.0,"turns":3.0},{"damage":0.0,"enemies":"Snecko","floor":29.0,"turns":4.0},{"damage":8.0,"enemies":"Gremlin Leader","floor":31.0,"turns":5.0},{"damage":40.0,"enemies":"Automaton","floor":33.0,"turns":10.0},{"damage":0,"enemies":"3 Shapes","floor":35,"turns":4},{"damage":8,"enemies":"Orb Walker","floor":36,"turns":3},{"damage":10,"enemies":"4 Shapes","floor":37,"turns":2},{"damage":10,"enemies":"3 Darklings","floor":39,"turns":2},{"damage":11,"enemies":"Nemesis","floor":41,"turns":5},{"damage":5,"enemies":"Sphere and 2 Shapes","floor":45,"turns":3},{"damage":0,"enemies":"Mind Bloom Boss Battle","floor":46,"turns":6},{"damage":3,"enemies":"Reptomancer","floor":48,"turns":6},{"damage":27,"enemies":"Donu and Deca","floor":50,"turns":7},{"damage":69,"enemies":"Shield and Spear","floor":54,"turns":5},{"damage":59,"enemies":"The Heart","floor":55,"turns":5}],"seed_played":"2046039447797217739","potions_obtained":[{"floor":4.0,"key":"LiquidBronze"},{"floor":5.0,"key":"Energy Potion"},{"floor":7.0,"key":"EssenceOfSteel"},{"floor":10.0,"key":"Ancient Potion"},{"floor":21.0,"key":"Strength Potion"},{"floor":25.0,"key":"Strength Potion"},{"floor":31.0,"key":"FearPotion"},{"floor":36,"key":"GamblersBrew"},{"floor":37,"key":"PowerPotion"},{"floor":45,"key":"BloodPotion"}],"is_trial":false,"path_per_floor":["M","?","?","M","M","R","M","E","T","E","R","$","?","M","R","B",null,"M","?","?","M","M","R","E","M","T","M","?","M","R","E","R","B",null,"M","M","M","?","M","R","E","?","T","$","M","?","?","E","R","B",null,"R","$","E","B"],"character_chosen":"IRONCLAD","items_purchased":["Bag of Preparation","Orichalcum","Membership Card","Potion Belt","Strength Potion","LiquidBronze","Lantern","Dodecahedron","Purity","PowerPotion"],"campfire_rested":2,"item_purchase_floors":[12,12,44,44,44,44,44,53,53,53],"current_hp_per_floor":[73,62,62,65,70,70,64,57,57,35,35,35,28,34,34,28,72,73,73,73,79,78,78,53,52,52,60,60,66,66,66,66,36,74,84,86,83,83,79,79,78,68,68,68,73,85,85,87,87,71,83,87,87,30,0],"gold":40,"neow_bonus":"UPGRADE_CARD","is_prod":false,"is_daily":false,"chose_seed":false,"campfire_upgraded":6,"win_rate":0,"timestamp":1566750627,"path_taken":["M","?","?","M","?","R","M","E","T","E","R","$","?","M","R","BOSS","M","?","?","M","M","R","E","M","T","?","?","M","R","E","R","BOSS","M","M","M","?","M","R","E","?","T","$","M","?","?","E","R","BOSS","R","$","E","BOSS"],"build_version":"2019-07-17","purchased_purges":2,"victory":false,"max_hp_per_floor":[80,80,80,80,80,80,80,87,87,87,87,87,87,87,87,87,87,87,87,87,87,87,87,87,87,87,87,87,87,87,87,87,87,87,87,87,87,87,87,87,87,87,87,87,87,87,87,87,87,87,87,87,87,87,87],"card_choices":[{"not_picked":["Warcry","Corruption"],"picked":"Twin Strike","floor":1.0},{"not_picked":["Feel No Pain","Heavy Blade"],"picked":"Iron Wave","floor":4.0},{"not_picked":["Flex","Wild Strike"],"picked":"Perfected Strike","floor":5.0},{"not_picked":["Sentinel","Twin Strike"],"picked":"Cleave","floor":7.0},{"not_picked":["Feel No Pain","Warcry"],"picked":"Immolate","floor":8.0},{"not_picked":["Power Through","Havoc"],"picked":"Twin Strike","floor":10.0},{"not_picked":["Havoc","Headbutt"],"picked":"Spot Weakness","floor":14.0},{"not_picked":["Demon Form","Fiend Fire"],"picked":"Impervious","floor":16.0},{"not_picked":["Clothesline","Burning Pact"],"picked":"Shrug It Off+1","floor":18.0},{"not_picked":["Whirlwind","Second Wind","Iron Wave"],"picked":"SKIP","floor":21.0},{"not_picked":["Evolve","Flame Barrier"],"picked":"Anger+1","floor":22.0},{"not_picked":["Battle Trance","Headbutt"],"picked":"Inflame+1","floor":24.0},{"not_picked":["True Grit","Sword Boomerang"],"picked":"Seeing Red","floor":25.0},{"not_picked":["Fire Breathing","Pommel Strike+1","Rampage"],"picked":"SKIP","floor":27.0},{"not_picked":["Sentinel","Entrench"],"picked":"Bloodletting","floor":29.0},{"not_picked":["Perfected Strike","Demon Form"],"picked":"Barricade","floor":31.0},{"not_picked":["Double Tap","Demon Form"],"picked":"Limit Break","floor":33.0},{"not_picked":["Heavy Blade+1","Battle Trance"],"picked":"Uppercut+1","floor":35},{"not_picked":["Warcry","Armaments"],"picked":"Shrug It Off","floor":36},{"not_picked":["Shrug It Off","Flame Barrier","Perfected Strike"],"picked":"SKIP","floor":37},{"not_picked":["Rampage","Warcry+1","Heavy Blade"],"picked":"SKIP","floor":39},{"not_picked":["Inflame","Heavy Blade"],"picked":"Limit Break","floor":41},{"not_picked":["Mind Blast","HandOfGreed"],"picked":"Apotheosis","floor":42},{"not_picked":["Twin Strike","Feel No Pain+1"],"picked":"Metallicize+1","floor":45},{"not_picked":["Sword Boomerang","Clash"],"picked":"Rage","floor":46},{"not_picked":["Hemokinesis+1","Pommel Strike","Cleave+1"],"picked":"SKIP","floor":48},{"not_picked":["Whirlwind","Shrug It Off"],"picked":"Offering","floor":54}],"player_experience":1862127,"relics_obtained":[{"floor":8.0,"key":"Strawberry"},{"floor":9.0,"key":"Regal Pillow"},{"floor":10.0,"key":"Centennial Puzzle"},{"floor":24.0,"key":"Bird Faced Urn"},{"floor":31.0,"key":"MawBank"},{"floor":41,"key":"Darkstone Periapt"},{"floor":43,"key":"Red Skull"},{"floor":46,"key":"Ice Cream"},{"floor":48,"key":"Whetstone"},{"floor":54,"key":"Art of War"}],"event_choices":[{"damage_healed":0.0,"max_hp_gain":0.0,"max_hp_loss":0.0,"gold_gain":75.0,"event_name":"World of Goop","player_choice":"Gather Gold","floor":2.0,"gold_loss":0.0,"damage_taken":11.0},{"cards_removed":["Strike_R"],"damage_healed":0.0,"max_hp_gain":0.0,"max_hp_loss":0.0,"gold_gain":0.0,"event_name":"Bonfire Elementals","player_choice":"Offered Basic","floor":3.0,"gold_loss":0.0,"damage_taken":0.0},{"cards_removed":["Defend_R"],"damage_healed":0.0,"max_hp_gain":0.0,"max_hp_loss":0.0,"gold_gain":0.0,"event_name":"Golden Wing","player_choice":"Card Removal","floor":13.0,"gold_loss":0.0,"damage_taken":7.0},{"cards_removed":["Strike_R"],"damage_healed":0.0,"max_hp_gain":0.0,"max_hp_loss":0.0,"gold_gain":0.0,"event_name":"Beggar","player_choice":"Gave Gold","floor":19.0,"gold_loss":75.0,"damage_taken":0.0},{"damage_healed":0.0,"max_hp_gain":0.0,"max_hp_loss":0.0,"gold_gain":0.0,"event_name":"The Mausoleum","player_choice":"Ignored","floor":28.0,"gold_loss":0.0,"damage_taken":0.0},{"cards_removed":["Twin Strike"],"damage_healed":0,"gold_gain":0,"player_choice":"Removed Attack","damage_taken":0,"max_hp_gain":0,"max_hp_loss":0,"event_name":"Falling","floor":38,"gold_loss":0},{"damage_healed":0,"gold_gain":0,"player_choice":"Memory 3","damage_taken":10,"max_hp_gain":0,"max_hp_loss":0,"event_name":"SensoryStone","floor":42,"gold_loss":0},{"damage_healed":0,"gold_gain":0,"player_choice":"Fight","damage_taken":0,"max_hp_gain":0,"max_hp_loss":0,"event_name":"MindBloom","floor":46,"gold_loss":0},{"damage_healed":0,"gold_gain":0,"player_choice":"Ignored","damage_taken":0,"max_hp_gain":0,"max_hp_loss":0,"event_name":"Tomb of Lord Red Mask","floor":47,"gold_loss":0}],"is_beta":false,"boss_relics":[{"not_picked":["Runic Cube","White Beast Statue"],"picked":"Runic Pyramid"},{"not_picked":["Runic Dome","Calling Bell"],"picked":"Fusion Hammer"}],"items_purged_floors":[44,53],"is_endless":false,"potions_floor_spawned":[4,5,7,10,21,25,31,36,37,39,45],"killed_by":"The Heart","ascension_level":8}