{"gold_per_floor":[118,132,132,152,227,227,255,267,305,329,352,364,387,379,391,500,512,540,569,37,37,37,37,37],"floor_reached":24,"playtime":1049,"items_purged":[],"score":381,"play_id":"13f41cb1-12ba-46e2-b457-92cd9ff62a40","local_time":"20191025132352","is_ascension_mode":true,"campfire_choices":[{"data":"Barrage","floor":6,"key":"SMITH"},{"floor":12,"key":"REST"},{"data":"Darkness","floor":15,"key":"SMITH"},{"data":"Darkness","floor":23,"key":"SMITH"}],"neow_cost":"TEN_PERCENT_HP_LOSS","seed_source_timestamp":675326023826000,"circlet_count":0,"master_deck":["AscendersBane","Strike_B","Defend_B","Defend_B","Defend_B","Defend_B","Zap","Dualcast","Leap","Chaos","Darkness+1","Barrage+1","Static Discharge","Sweeping Beam","Coolheaded","Go for the Eyes","Hologram","All For One","Defragment","Darkness+1","Capacitor+1","Shame"],"relics":["Cracked Core","MawBank","Centennial Puzzle","Sozu","Frozen Egg 2","Pantograph","Blood Vial"],"potions_floor_usage":[11,16,16],"damage_taken":[{"damage":0,"enemies":"2 Louse","floor":1,"turns":3},{"damage":0,"enemies":"Small Slimes","floor":2,"turns":3},{"damage":10,"enemies":"Cultist","floor":4,"turns":4},{"damage":33,"enemies":"3 Sentries","floor":7,"turns":6},{"damage":9,"enemies":"3 Louse","floor":10,"turns":3},{"damage":0,"enemies":"Large Slime","floor":11,"turns":8},{"damage":3,"enemies":"Exordium Wildlife","floor":13,"turns":3},{"damage":0,"enemies":"Hexaghost","floor":16,"turns":8},{"damage":6,"enemies":"Shell Parasite","floor":18,"turns":6},{"damage":8,"enemies":"3 Byrds","floor":19,"turns":5},{"damage":52,"enemies":"Slavers","floor":24,"turns":3}],"seed_played":"-7690714526939380535","potions_obtained":[{"floor":2,"key":"SneckoOil"},{"floor":7,"key":"FocusPotion"},{"floor":10,"key":"SkillPotion"},{"floor":13,"key":"GamblersBrew"},{"floor":14,"key":"LiquidBronze"}],"is_trial":false,"path_per_floor":["M","M","?","M","?","R","E","?","T","M","M","R","M","?","R","B",null,"M","M","$","?","?","R","E"],"character_chosen":"DEFECT","items_purchased":["Frozen Egg 2","Pantograph","Capacitor+1"],"campfire_rested":1,"item_purchase_floors":[20,20,20],"current_hp_per_floor":[68,68,73,63,52,52,19,12,12,3,3,24,21,21,21,21,60,54,46,46,46,46,46,0],"gold":37,"neow_bonus":"TRANSFORM_TWO_CARDS","is_prod":false,"is_daily":false,"chose_seed":false,"campfire_upgraded":3,"win_rate":0,"timestamp":1572035032,"path_taken":["M","M","?","M","?","R","E","?","T","M","M","R","M","?","R","BOSS","M","M","$","?","?","R","E"],"build_version":"2019-07-17","purchased_purges":0,"victory":false,"max_hp_per_floor":[68,68,73,73,73,73,73,73,73,73,73,73,73,73,73,73,73,73,73,73,73,73,73,73],"card_choices":[{"not_picked":["Conserve Battery","Barrage"],"picked":"Darkness","floor":1},{"not_picked":["Chill","Leap"],"picked":"Barrage","floor":2},{"not_picked":["Gash","Sweeping Beam"],"picked":"Static Discharge","floor":4},{"not_picked":["Hologram","Sunder"],"picked":"Sweeping Beam","floor":7},{"not_picked":["Loop","Core Surge"],"picked":"Coolheaded","floor":10},{"not_picked":["Scrape","Ball Lightning"],"picked":"Go for the Eyes","floor":11},{"not_picked":["Gash","Streamline"],"picked":"Hologram","floor":13},{"not_picked":["Amplify","Meteor Strike"],"picked":"All For One","floor":16},{"not_picked":["Turbo","Blizzard"],"picked":"Defragment","floor":18},{"not_picked":["Conserve Battery","Redo+1"],"picked":"Darkness","floor":19}],"player_experience":457872,"relics_obtained":[{"floor":7,"key":"MawBank"},{"floor":9,"key":"Centennial Puzzle"}],"event_choices":[{"damage_healed":0,"gold_gain":0,"player_choice":"Donut","damage_taken":0,"max_hp_gain":5,"max_hp_loss":0,"event_name":"Big Fish","floor":3,"gold_loss":0},{"damage_healed":0,"gold_gain":75,"player_choice":"Gather Gold","damage_taken":11,"max_hp_gain":0,"max_hp_loss":0,"event_name":"World of Goop","floor":5,"gold_loss":0},{"cards_removed":["Strike_B"],"damage_healed":0,"gold_gain":0,"player_choice":"Card Removal","damage_taken":7,"max_hp_gain":0,"max_hp_loss":0,"event_name":"Golden Wing","floor":8,"gold_loss":0},{"damage_healed":0,"gold_gain":0,"player_choice":"Bought 1 Potion","damage_taken":0,"max_hp_gain":0,"max_hp_loss":0,"event_name":"The Woman in Blue","floor":14,"gold_loss":0},{"damage_healed":0,"gold_gain":0,"player_choice":"Stole Relic","damage_taken":0,"relics_obtained":["Blood Vial"],"max_hp_gain":0,"max_hp_loss":0,"event_name":"Addict","floor":21,"gold_loss":0,"cards_obtained":["Shame"]},{"damage_healed":0,"gold_gain":0,"player_choice":"Ignored","damage_taken":0,"max_hp_gain":0,"max_hp_loss":0,"event_name":"Vampires","floor":22,"gold_loss":0}],"is_beta":false,"boss_relics":[{"not_picked":["Inserter","Runic Pyramid"],"picked":"Sozu"}],"items_purged_floors":[],"is_endless":false,"potions_floor_spawned":[2,7,10,13,18],"killed_by":"Slavers","ascension_level":11}