{"gold_per_floor":[114,63,63,80,80,110,110,110,110,110,137,137,151,151,151,256,256,275,295,295,310,310,310,321,339,339,353,353,100,100,133,133,232,232,245,345,363,381,48,48],"floor_reached":40,"playtime":2659,"items_purged":["Decay"],"score":419,"play_id":"4f2d5959-6550-4605-94ff-791974343a4f","local_time":"20190909203226","is_ascension_mode":false,"campfire_choices":[{"data":"Perfected Strike","floor":8,"key":"SMITH"},{"data":"Flex","floor":10,"key":"SMITH"},{"floor":15,"key":"REST"},{"data":"Defend_R","floor":23,"key":"SMITH"},{"floor":28,"key":"REST"},{"floor":30,"key":"REST"},{"data":"Defend_R","floor":32,"key":"SMITH"}],"neow_cost":"NONE","seed_source_timestamp":335570869923200,"circlet_count":0,"master_deck":["Strike_R","Strike_R","Strike_R","Strike_R","Strike_R","Defend_R+1","Defend_R+1","Defend_R+1","Defend_R+1","Bash","Flex+1","Perfected Strike+1","Perfected Strike+1","Perfected Strike","Thunderclap","Armaments+1","Twin Strike","Cleave","Perfected Strike+1","Perfected Strike","Parasite","Parasite","Cleave+1","Wild Strike+1","Armaments+1"],"relics":["Black Blood","Sundial","Gambling Chip","Paper Frog","Matryoshka","Ancient Tea Set","Peace Pipe","HandDrill","Red Mask","Calling Bell","Blood Vial","Frozen Egg 2","Prayer Wheel","Shuriken"],"potions_floor_usage":[24,35,35,38],"damage_taken":[{"damage":6,"enemies":"2 Louse","floor":1,"turns":4},{"damage":0,"enemies":"Small Slimes","floor":4,"turns":3},{"damage":14,"enemies":"Gremlin Nob","floor":6,"turns":3},{"damage":26,"enemies":"Lagavulin","floor":11,"turns":4},{"damage":3,"enemies":"Jaw Worm","floor":13,"turns":2},{"damage":42,"enemies":"The Guardian","floor":16,"turns":7},{"damage":14,"enemies":"Shell Parasite","floor":18,"turns":5},{"damage":22,"enemies":"3 Byrds","floor":19,"turns":7},{"damage":21,"enemies":"Shelled Parasite and Fungi","floor":21,"turns":4},{"damage":15,"enemies":"Snecko","floor":24,"turns":3},{"damage":21,"enemies":"Snake Plant","floor":25,"turns":4},{"damage":41,"enemies":"Centurion and Healer","floor":27,"turns":6},{"damage":0,"enemies":"Masked Bandits","floor":31,"turns":2},{"damage":57,"enemies":"Champ","floor":33,"turns":6},{"damage":72,"enemies":"3 Darklings","floor":35,"turns":11},{"damage":13,"enemies":"Orb Walker","floor":37,"turns":3},{"damage":20,"enemies":"Spire Growth","floor":38,"turns":4},{"damage":23,"enemies":"Jaw Worm Horde","floor":40,"turns":2}],"seed_played":"-2011578726743322558","potions_obtained":[{"floor":6,"key":"SteroidPotion"},{"floor":11,"key":"FearPotion"},{"floor":13,"key":"Dexterity Potion"},{"floor":18,"key":"Block Potion"},{"floor":25,"key":"Weak Potion"},{"floor":38,"key":"SkillPotion"}],"is_trial":false,"path_per_floor":["M","$","?","M","?","E","$","R","T","R","E","?","M","T","R","B",null,"M","M","$","M","?","R","M","M","T","M","R","$","R","?","R","B",null,"M","?","M","M","$","M"],"character_chosen":"IRONCLAD","items_purchased":["Perfected Strike","HandDrill","Perfected Strike","Shuriken"],"campfire_rested":3,"item_purchase_floors":[2,29,29,39],"current_hp_per_floor":[88,88,88,88,88,80,80,80,80,80,60,42,45,45,71,35,88,84,72,72,61,61,61,56,45,45,14,40,40,66,76,76,29,88,26,26,25,17,17,0],"gold":48,"neow_bonus":"TEN_PERCENT_HP_BONUS","is_prod":false,"is_daily":false,"chose_seed":false,"campfire_upgraded":4,"win_rate":0,"timestamp":1568053946,"path_taken":["M","$","?","M","?","E","?","R","T","R","E","?","M","?","R","BOSS","M","M","$","M","?","R","M","M","T","M","R","$","R","?","R","BOSS","M","?","M","M","$","M"],"build_version":"2019-07-17","purchased_purges":1,"victory":false,"max_hp_per_floor":[88,88,88,88,88,88,88,88,88,88,88,88,88,88,88,88,88,88,88,88,88,88,88,88,88,88,88,88,88,88,88,88,88,88,88,88,88,88,88,88],"card_choices":[{"not_picked":["Sword Boomerang","Heavy Blade"],"picked":"Flex","floor":1},{"not_picked":["Sword Boomerang","Reckless Charge"],"picked":"Perfected Strike","floor":4},{"not_picked":["Metallicize","Spot Weakness"],"picked":"Perfected Strike","floor":6},{"not_picked":["Flex","Warcry","True Grit"],"picked":"SKIP","floor":11},{"not_picked":["Cleave","Clash"],"picked":"Thunderclap","floor":13},{"not_picked":["Shockwave","Clash+1","Fire Breathing"],"picked":"SKIP","floor":18},{"not_picked":["Twin Strike","Clothesline"],"picked":"Armaments+1","floor":19},{"not_picked":["Shrug It Off+1","Sword Boomerang"],"picked":"Twin Strike","floor":21},{"not_picked":["Infernal Blade","Dropkick+1"],"picked":"Cleave","floor":24},{"not_picked":["Anger","Thunderclap+1","Iron Wave"],"picked":"SKIP","floor":25},{"not_picked":["Reckless Charge","Sword Boomerang"],"picked":"Perfected Strike+1","floor":27},{"not_picked":["Headbutt+1","Sword Boomerang"],"picked":"Cleave+1","floor":35},{"not_picked":["Sever Soul+1","Fire Breathing+1","Infernal Blade"],"picked":"SKIP","floor":35},{"not_picked":["Demon Form+1","Dual Wield"],"picked":"Wild Strike+1","floor":37},{"not_picked":["True Grit+1","Cleave+1"],"picked":"Armaments+1","floor":37},{"not_picked":["Rupture+1","Seeing Red","True Grit"],"picked":"SKIP","floor":38},{"not_picked":["Bloodletting","Heavy Blade+1","Inflame+1"],"picked":"SKIP","floor":38}],"player_experience":46364,"relics_obtained":[{"floor":6,"key":"Sundial"},{"floor":9,"key":"Gambling Chip"},{"floor":11,"key":"Paper Frog"},{"floor":14,"key":"Matryoshka"},{"floor":26,"key":"Ancient Tea Set"},{"floor":26,"key":"Peace Pipe"},{"floor":31,"key":"Red Mask"},{"floor":34,"key":"Blood Vial"},{"floor":34,"key":"Frozen Egg 2"},{"floor":34,"key":"Prayer Wheel"}],"event_choices":[{"damage_healed":0,"gold_gain":0,"player_choice":"Grow","damage_taken":0,"max_hp_gain":0,"max_hp_loss":0,"event_name":"Living Wall","floor":3,"gold_loss":0,"cards_upgraded":["Perfected Strike"]},{"damage_healed":0,"gold_gain":0,"player_choice":"Leave","damage_taken":0,"max_hp_gain":0,"max_hp_loss":0,"event_name":"The Cleric","floor":5,"gold_loss":0},{"damage_healed":0,"gold_gain":0,"player_choice":"Entered Light","damage_taken":18,"max_hp_gain":0,"max_hp_loss":0,"event_name":"Shining Light","floor":12,"gold_loss":0,"cards_upgraded":["Defend_R","Defend_R"]},{"damage_healed":0,"gold_gain":0,"player_choice":"Ignored","damage_taken":0,"max_hp_gain":0,"max_hp_loss":0,"event_name":"Beggar","floor":22,"gold_loss":0},{"damage_healed":0,"gold_gain":0,"player_choice":"Fought Bandits","damage_taken":0,"max_hp_gain":0,"max_hp_loss":0,"event_name":"Masked Bandits","floor":31,"gold_loss":0},{"damage_healed":0,"gold_gain":100,"player_choice":"Pray","damage_taken":0,"max_hp_gain":0,"max_hp_loss":0,"event_name":"Golden Shrine","floor":36,"gold_loss":0}],"is_beta":false,"boss_relics":[{"not_picked":["Astrolabe","Runic Pyramid"],"picked":"Black Blood"},{"not_picked":["Philosopher\u0027s Stone","Coffee Dripper"],"picked":"Calling Bell"}],"items_purged_floors":[39],"is_endless":false,"potions_floor_spawned":[6,11,13,18,25,31,33,38],"killed_by":"Jaw Worm Horde","ascension_level":0}