{"gold_per_floor":[119,119,135,135,149,149,179,179,179,179,212,70,70,20,20,122,172,187,207,225,225],"floor_reached":21,"playtime":1413,"items_purged":["Strike_R"],"score":206,"play_id":"07fbda0a-5a34-40a1-8b38-45ffcaf63057","local_time":"20190924222650","is_ascension_mode":true,"campfire_choices":[{"data":"Demon Form","floor":6.0,"key":"SMITH"},{"data":"1","floor":8.0,"key":"LIFT"},{"data":"2","floor":10.0,"key":"LIFT"},{"data":"Entrench","floor":13.0,"key":"SMITH"},{"data":"Body Slam","floor":15.0,"key":"SMITH"}],"neow_cost":"CURSE","seed_source_timestamp":0,"circlet_count":0,"master_deck":["Strike_R","Strike_R","Strike_R","Strike_R","Defend_R","Defend_R","Defend_R","Defend_R","Bash","Demon Form+1","Armaments+1","Clothesline","Impervious","Dropkick","Entrench+1","Inflame+1","Body Slam+1","Limit Break","Metallicize","Shrug It Off+1","Seeing Red","Inflame+1"],"special_seed":0,"relics":["Burning Blood","Girya","Peace Pipe","Strawberry","Tiny House"],"potions_floor_usage":[19,19],"damage_taken":[{"damage":1.0,"enemies":"2 Louse","floor":1.0,"turns":3.0},{"damage":1.0,"enemies":"Cultist","floor":3.0,"turns":4.0},{"damage":5.0,"enemies":"Jaw Worm","floor":5.0,"turns":5.0},{"damage":5.0,"enemies":"Lagavulin","floor":7.0,"turns":6.0},{"damage":32.0,"enemies":"3 Sentries","floor":11.0,"turns":10.0},{"damage":8.0,"enemies":"Slime Boss","floor":16.0,"turns":9.0},{"damage":22.0,"enemies":"3 Byrds","floor":18.0,"turns":7.0},{"damage":27,"enemies":"2 Thieves","floor":19,"turns":4},{"damage":51,"enemies":"3 Cultists","floor":20,"turns":7},{"damage":12,"enemies":"Centurion and Healer","floor":21,"turns":2}],"seed_played":"4153894995393287057","potions_obtained":[{"floor":1.0,"key":"Regen Potion"},{"floor":11.0,"key":"FearPotion"},{"floor":17.0,"key":"Explosive Potion"},{"floor":18.0,"key":"Weak Potion"}],"is_trial":false,"path_per_floor":["M","?","M","?","M","R","E","R","T","R","E","$","R","$","R","B",null,"M","M","M","M"],"character_chosen":"IRONCLAD","items_purchased":["Inflame","Body Slam"],"campfire_rested":0,"item_purchase_floors":[12,14],"current_hp_per_floor":[80,77,77,77,77,77,77,77,77,77,70,70,70,70,70,68,89,73,52,7,0],"gold":225,"neow_bonus":"THREE_RARE_CARDS","is_prod":false,"is_daily":false,"chose_seed":false,"campfire_upgraded":3,"win_rate":0,"timestamp":1569389210,"path_taken":["M","?","?","?","M","R","E","R","T","R","E","$","R","?","R","BOSS","M","M","M","?"],"build_version":"2019-07-17","purchased_purges":1,"victory":false,"max_hp_per_floor":[80,77,77,77,77,77,77,77,77,77,84,84,84,84,84,84,89,89,89,89,89],"card_choices":[{"not_picked":["Bludgeon","Feed"],"picked":"Demon Form","floor":0.0},{"not_picked":["Pommel Strike","Clothesline"],"picked":"Armaments","floor":1.0},{"not_picked":["Sword Boomerang","Thunderclap"],"picked":"Clothesline","floor":3.0},{"not_picked":["Sword Boomerang","Sentinel"],"picked":"Impervious","floor":5.0},{"not_picked":["Perfected Strike","Clash"],"picked":"Dropkick","floor":7.0},{"not_picked":["Disarm","Clothesline"],"picked":"Entrench","floor":11.0},{"not_picked":["Berserk","Fiend Fire"],"picked":"Limit Break","floor":16.0},{"not_picked":["Anger","Thunderclap"],"picked":"Metallicize","floor":17.0},{"not_picked":["True Grit","Pommel Strike"],"picked":"Shrug It Off+1","floor":18.0},{"not_picked":["Fire Breathing","Sword Boomerang"],"picked":"Seeing Red","floor":19},{"not_picked":["Armaments+1","Hemokinesis+1"],"picked":"Inflame+1","floor":20}],"player_experience":178612,"relics_obtained":[{"floor":7.0,"key":"Girya"},{"floor":9.0,"key":"Peace Pipe"},{"floor":11.0,"key":"Strawberry"}],"event_choices":[{"cards_removed":["Parasite"],"damage_healed":0.0,"max_hp_gain":0.0,"max_hp_loss":0.0,"gold_gain":0.0,"event_name":"Purifier","player_choice":"Purged","floor":2.0,"gold_loss":0.0,"damage_taken":0.0},{"damage_healed":0.0,"max_hp_gain":0.0,"max_hp_loss":0.0,"gold_gain":0.0,"event_name":"Upgrade Shrine","player_choice":"Upgraded","floor":4.0,"gold_loss":0.0,"damage_taken":0.0,"cards_upgraded":["Armaments"]}],"is_beta":false,"boss_relics":[{"not_picked":["Snecko Eye","Orrery"],"picked":"Tiny House"}],"items_purged_floors":[12],"is_endless":false,"potions_floor_spawned":[1,11,18],"killed_by":"Centurion and Healer","ascension_level":2}