{"gold_per_floor":[114,114,133,152,172,172,247,247,247,247,27,45,64,78,78,178,178,198,211,224,224],"floor_reached":21,"playtime":6376,"items_purged":[],"score":175,"play_id":"8534cce9-b3c3-42cb-9b60-a838ba99477f","local_time":"20191023192213","is_ascension_mode":false,"campfire_choices":[{"data":"Zap","floor":6.0,"key":"SMITH"},{"data":"Defend_B","floor":8.0,"key":"SMITH"},{"data":"Genetic Algorithm","floor":10.0,"key":"SMITH"},{"floor":15,"key":"REST"}],"neow_cost":"NONE","seed_source_timestamp":0,"circlet_count":0,"master_deck":["Strike_B","Strike_B","Defend_B+1","Defend_B","Defend_B","Defend_B","Zap+1","Dualcast","Seek","Hologram","Tempest","Coolheaded","Blizzard","Genetic Algorithm+1","Defragment","Gash","Genetic Algorithm","Conserve Battery","Echo Form","Capacitor","Echo Form","Leap","FTL","Consume+1"],"special_seed":0,"relics":["Cracked Core","Ancient Tea Set","Philosopher\u0027s Stone"],"potions_floor_usage":[13,13,16,16,16,16,20],"damage_taken":[{"damage":0.0,"enemies":"2 Louse","floor":1.0,"turns":2.0},{"damage":0.0,"enemies":"Cultist","floor":3.0,"turns":3.0},{"damage":0.0,"enemies":"Jaw Worm","floor":4.0,"turns":5.0},{"damage":7.0,"enemies":"Blue Slaver","floor":5.0,"turns":4.0},{"damage":9,"enemies":"Exordium Wildlife","floor":12,"turns":5},{"damage":8,"enemies":"Lots of Slimes","floor":13,"turns":4},{"damage":13,"enemies":"Looter","floor":14,"turns":4},{"damage":28,"enemies":"Slime Boss","floor":16,"turns":8},{"damage":33,"enemies":"Chosen","floor":18,"turns":8},{"damage":13,"enemies":"Shell Parasite","floor":19,"turns":6},{"damage":4,"enemies":"Snake Plant","floor":20,"turns":6},{"damage":31,"enemies":"3 Cultists","floor":21,"turns":4}],"seed_played":"-8044251136445670254","potions_obtained":[{"floor":4.0,"key":"Strength Potion"},{"floor":5.0,"key":"Fire Potion"},{"floor":14,"key":"EntropicBrew"},{"floor":18,"key":"SpeedPotion"},{"floor":19,"key":"SkillPotion"}],"is_trial":false,"path_per_floor":["M","?","M","M","M","R","?","R","T","R","$","M","M","M","R","B",null,"M","M","M","M"],"character_chosen":"DEFECT","items_purchased":["Defragment","Gash","Genetic Algorithm","Conserve Battery"],"campfire_rested":1,"item_purchase_floors":[11,11,11,11],"current_hp_per_floor":[75,75,75,75,68,68,57,57,57,57,57,48,40,27,49,21,75,42,29,25,0],"gold":224,"neow_bonus":"TRANSFORM_CARD","is_prod":false,"is_daily":false,"chose_seed":false,"campfire_upgraded":3,"win_rate":0,"timestamp":1571880133,"path_taken":["M","?","M","?","M","R","?","R","T","R","$","M","M","M","R","BOSS","M","M","M","M"],"build_version":"2019-07-17","purchased_purges":0,"victory":false,"max_hp_per_floor":[75,75,75,75,75,75,75,75,75,75,75,75,75,75,75,75,75,75,75,75,75],"card_choices":[{"not_picked":["Ball Lightning","Self Repair"],"picked":"Hologram","floor":1.0},{"not_picked":["Conserve Battery","Fusion"],"picked":"Coolheaded","floor":3.0},{"not_picked":["Rebound","Steam"],"picked":"Blizzard","floor":4.0},{"not_picked":["Sweeping Beam","Redo"],"picked":"Genetic Algorithm","floor":5.0},{"not_picked":["Cold Snap","Beam Cell"],"picked":"Echo Form","floor":12},{"not_picked":["Heatsinks","Tempest"],"picked":"Capacitor","floor":13},{"not_picked":["Stack","Beam Cell","Sweeping Beam"],"picked":"SKIP","floor":14},{"not_picked":["Fission","Thunder Strike"],"picked":"Echo Form","floor":16},{"not_picked":["Rebound","Reprogram"],"picked":"Leap","floor":18},{"not_picked":["Heatsinks","Hello World"],"picked":"FTL","floor":19},{"not_picked":["Redo","Gash"],"picked":"Consume+1","floor":20}],"player_experience":439522,"relics_obtained":[{"floor":9.0,"key":"Ancient Tea Set"}],"event_choices":[{"damage_healed":0.0,"max_hp_gain":0.0,"max_hp_loss":0.0,"gold_gain":0.0,"cards_transformed":["Strike_B"],"event_name":"Transmorgrifier","player_choice":"Transformed","floor":2.0,"gold_loss":0.0,"damage_taken":0.0,"cards_obtained":["Tempest"]},{"damage_healed":0.0,"max_hp_gain":0.0,"max_hp_loss":0.0,"gold_gain":75.0,"event_name":"World of Goop","player_choice":"Gather Gold","floor":7.0,"gold_loss":0.0,"damage_taken":11.0}],"is_beta":false,"boss_relics":[{"not_picked":["Orrery","Inserter"],"picked":"Philosopher\u0027s Stone"}],"items_purged_floors":[],"is_endless":false,"potions_floor_spawned":[4,5,14,18,19],"killed_by":"3 Cultists","ascension_level":0}