{"gold_per_floor":[119,138,138,24,24,58,77,102,102,102,113,113,76,120,120,210,210,229,17,17,40,55,55,55,68,68,68,82,96,117,117,117,117],"floor_reached":33,"playtime":1657,"items_purged":["Strike_G"],"score":584,"play_id":"0732bcab-1c7d-46a5-a8e7-808331fc2cd8","local_time":"20190818164736","is_ascension_mode":true,"campfire_choices":[{"data":"Neutralize","floor":15.0,"key":"SMITH"},{"data":"Footwork","floor":23,"key":"SMITH"},{"floor":27,"key":"REST"},{"floor":32,"key":"REST"}],"neow_cost":"NONE","seed_source_timestamp":247987737078900,"circlet_count":0,"master_deck":["AscendersBane","Strike_G","Strike_G","Strike_G","Defend_G","Defend_G","Defend_G","Defend_G","Defend_G","Survivor","Neutralize+1","Dagger Spray","Footwork+1","Dodge and Roll","Deadly Poison","Cloak And Dagger","Dash","Deflect","Unload","Leg Sweep+1","Deflect","Dodge and Roll","Predator","Unload","Blur","Doubt","Caltrops","Dash"],"special_seed":0,"relics":["Ring of the Snake","NeowsBlessing","Pen Nib","Paper Crane","Art of War","Golden Idol","Pear","Cursed Key","Lantern"],"potions_floor_usage":[21,33],"damage_taken":[{"damage":0.0,"enemies":"Jaw Worm","floor":1.0,"turns":1.0},{"damage":0.0,"enemies":"Small Slimes","floor":2.0,"turns":1.0},{"damage":0.0,"enemies":"Gremlin Nob","floor":6.0,"turns":1.0},{"damage":0.0,"enemies":"Cultist","floor":7.0,"turns":4.0},{"damage":20.0,"enemies":"3 Sentries","floor":8.0,"turns":8.0},{"damage":2.0,"enemies":"3 Louse","floor":11.0,"turns":4.0},{"damage":9.0,"enemies":"Lagavulin","floor":14.0,"turns":6.0},{"damage":24.0,"enemies":"The Guardian","floor":16.0,"turns":18.0},{"damage":4,"enemies":"Chosen","floor":18,"turns":7},{"damage":0,"enemies":"2 Thieves","floor":21,"turns":4},{"damage":4,"enemies":"Snecko","floor":22,"turns":8},{"damage":19,"enemies":"Chosen and Byrds","floor":25,"turns":9},{"damage":17,"enemies":"Cultist and Chosen","floor":28,"turns":10},{"damage":16,"enemies":"Shelled Parasite and Fungi","floor":29,"turns":10},{"damage":0,"enemies":"Snecko","floor":30,"turns":6},{"damage":48,"enemies":"Automaton","floor":33,"turns":6}],"seed_played":"2299059319793734846","potions_obtained":[{"floor":1.0,"key":"PowerPotion"},{"floor":5.0,"key":"Explosive Potion"},{"floor":8.0,"key":"Poison Potion"},{"floor":21,"key":"FearPotion"},{"floor":28,"key":"SteroidPotion"},{"floor":30,"key":"SkillPotion"}],"is_trial":false,"path_per_floor":["M","M","?","$","?","E","M","E","T","?","M","?","?","E","R","B",null,"M","$","?","M","M","R","?","M","T","R","M","M","M","?","R","B"],"character_chosen":"THE_SILENT","items_purchased":["Footwork","Dodge and Roll","Deflect","Dodge and Roll","Fire Potion"],"campfire_rested":2,"item_purchase_floors":[4,4,19,19,19],"current_hp_per_floor":[59,59,59,59,59,59,59,39,39,32,30,30,30,31,31,7,54,50,50,50,50,46,46,46,27,27,48,31,15,15,15,36,0],"gold":117,"neow_bonus":"THREE_ENEMY_KILL","is_prod":false,"is_daily":false,"chose_seed":false,"campfire_upgraded":2,"win_rate":0,"timestamp":1566161256,"path_taken":["M","M","?","$","?","E","?","E","T","?","M","?","?","E","R","BOSS","M","$","?","M","?","R","?","M","T","R","M","M","M","?","R","BOSS"],"build_version":"2019-07-17","purchased_purges":1,"victory":false,"max_hp_per_floor":[66,66,66,66,66,66,66,66,66,66,66,60,60,70,70,70,70,70,70,70,70,70,70,70,70,70,70,70,70,70,70,70,70],"card_choices":[{"not_picked":["Acrobatics","Quick Slash"],"picked":"Dagger Spray","floor":1.0},{"not_picked":["Prepared","Outmaneuver","Eviscerate"],"picked":"SKIP","floor":2.0},{"not_picked":["Blade Dance","Doppelganger"],"picked":"Deadly Poison","floor":6.0},{"not_picked":["Sucker Punch","Prepared"],"picked":"Cloak And Dagger","floor":7.0},{"not_picked":["Infinite Blades","Outmaneuver","Setup"],"picked":"SKIP","floor":8.0},{"not_picked":["Concentrate","Dodge and Roll"],"picked":"Dash","floor":11.0},{"not_picked":["Backstab","Predator"],"picked":"Deflect","floor":14.0},{"not_picked":["Grand Finale","Bullet Time"],"picked":"Unload","floor":16.0},{"not_picked":["Outmaneuver","Distraction"],"picked":"Leg Sweep","floor":18},{"not_picked":["Concentrate","Prepared"],"picked":"Predator","floor":21},{"not_picked":["Outmaneuver","Flechettes"],"picked":"Unload","floor":22},{"not_picked":["Endless Agony","Infinite Blades","Cloak And Dagger"],"picked":"SKIP","floor":25},{"not_picked":["Predator","Riddle With Holes","Underhanded Strike"],"picked":"SKIP","floor":28},{"not_picked":["Deflect+1","Slice"],"picked":"Caltrops","floor":29},{"not_picked":["Masterful Stab","Quick Slash"],"picked":"Dash","floor":30}],"player_experience":775442,"relics_obtained":[{"floor":6.0,"key":"Pen Nib"},{"floor":8.0,"key":"Paper Crane"},{"floor":9.0,"key":"Art of War"},{"floor":14.0,"key":"Pear"},{"floor":26,"key":"Lantern"}],"event_choices":[{"damage_healed":0.0,"max_hp_gain":0.0,"max_hp_loss":0.0,"gold_gain":0.0,"event_name":"The Cleric","player_choice":"Leave","floor":3.0,"gold_loss":0.0,"damage_taken":0.0},{"damage_healed":0.0,"max_hp_gain":0.0,"max_hp_loss":0.0,"gold_gain":0.0,"event_name":"Lab","player_choice":"Got Potions","floor":5.0,"gold_loss":0.0,"damage_taken":0.0},{"cards_removed":["Strike_G"],"damage_healed":0.0,"max_hp_gain":0.0,"max_hp_loss":0.0,"gold_gain":0.0,"event_name":"Golden Wing","player_choice":"Card Removal","floor":10.0,"gold_loss":0.0,"damage_taken":7.0},{"damage_healed":0.0,"max_hp_gain":0.0,"max_hp_loss":6.0,"gold_gain":0.0,"event_name":"Golden Idol","player_choice":"Lose Max HP","floor":12.0,"gold_loss":0.0,"damage_taken":0.0,"relics_obtained":["Golden Idol"]},{"damage_healed":0.0,"max_hp_gain":0.0,"max_hp_loss":0.0,"gold_gain":0.0,"event_name":"World of Goop","player_choice":"Left Gold","floor":13.0,"gold_loss":37.0,"damage_taken":0.0},{"damage_healed":0,"gold_gain":0,"player_choice":"Forge","damage_taken":0,"max_hp_gain":0,"max_hp_loss":0,"event_name":"Accursed Blacksmith","floor":20,"gold_loss":0,"cards_upgraded":["Leg Sweep"]},{"damage_healed":0,"gold_gain":0,"player_choice":"Read","damage_taken":0,"max_hp_gain":0,"max_hp_loss":0,"event_name":"The Library","floor":24,"gold_loss":0,"cards_obtained":["Blur"]},{"damage_healed":0,"gold_gain":0,"player_choice":"Ignored","damage_taken":0,"max_hp_gain":0,"max_hp_loss":0,"event_name":"Vampires","floor":31,"gold_loss":0}],"is_beta":false,"boss_relics":[{"not_picked":["White Beast Statue","Lizard Tail"],"picked":"Cursed Key"}],"items_purged_floors":[19],"is_endless":false,"potions_floor_spawned":[1,7,8,11,21,28,30],"killed_by":"Automaton","ascension_level":20}