{"gold_per_floor":[115,128,128,29,48,74,93,93,93,104,104,117,117,152,152,247,247,265,180,191,116,136,136,155,155,155,188,188,11,40,59,59,155,155,171,171,188,198,212,212,239,239,265,265,278,278,293,307,307,307,307,307,12,41,41],"floor_reached":56,"playtime":2574,"items_purged":["Strike_R","Strike_R"],"score":1306,"play_id":"ca5051c0-cd78-487a-aea8-2633c6984dc9","local_time":"20190719223345","is_ascension_mode":false,"campfire_choices":[{"data":"Carnage","floor":8,"key":"SMITH"},{"data":"Fiend Fire","floor":11,"key":"SMITH"},{"data":"Bash","floor":13,"key":"SMITH"},{"data":"Pommel Strike","floor":15,"key":"SMITH"},{"data":"Feed","floor":23,"key":"SMITH"},{"data":"Ghostly Armor","floor":25,"key":"SMITH"},{"data":"Reaper","floor":28,"key":"SMITH"},{"data":"Body Slam","floor":32,"key":"SMITH"},{"data":"Rampage","floor":40,"key":"SMITH"},{"floor":42,"key":"RECALL"},{"data":"Offering","floor":49,"key":"SMITH"},{"data":"Defend_R","floor":52,"key":"SMITH"}],"neow_cost":"NONE","seed_source_timestamp":89127143067052,"circlet_count":0,"master_deck":["Strike_R","Defend_R+1","Defend_R","Defend_R","Defend_R","Bash+1","Twin Strike","Combust+1","Pommel Strike+1","Ghostly Armor+1","Fiend Fire+1","Carnage+1","Feed+1","True Grit+1","Feel No Pain+1","Reaper+1","Body Slam+1","Flex+1","Offering+1","Rampage+1","Warcry+1","Clothesline+1","Reckless Charge+1","Headbutt+1","Shrug It Off+1","Shrug It Off"],"relics":["Burning Blood","Darkstone Periapt","The Courier","Gremlin Horn","Coffee Dripper","Ornamental Fan","Sundial","Mummified Hand","Membership Card","Strawberry","Runic Pyramid","Bottled Flame","Happy Flower","Bottled Lightning","Frozen Eye","Bottled Tornado"],"potions_floor_usage":[16,16,27,27,33,33,37,41,55,55,55,55,55,55],"damage_taken":[{"damage":15,"enemies":"Jaw Worm","floor":1,"turns":5},{"damage":0,"enemies":"Cultist","floor":2,"turns":4},{"damage":3,"enemies":"2 Louse","floor":5,"turns":2},{"damage":25,"enemies":"3 Sentries","floor":6,"turns":7},{"damage":6,"enemies":"Exordium Wildlife","floor":7,"turns":3},{"damage":2,"enemies":"Blue Slaver","floor":10,"turns":3},{"damage":2,"enemies":"Large Slime","floor":12,"turns":3},{"damage":16,"enemies":"Gremlin Nob","floor":14,"turns":3},{"damage":3,"enemies":"Slime Boss","floor":16,"turns":6},{"damage":0,"enemies":"Spheric Guardian","floor":18,"turns":3},{"damage":0,"enemies":"Shell Parasite","floor":20,"turns":4},{"damage":10,"enemies":"3 Cultists","floor":22,"turns":4},{"damage":0,"enemies":"Snecko","floor":24,"turns":3},{"damage":21,"enemies":"Slavers","floor":27,"turns":3},{"damage":38,"enemies":"Book of Stabbing","floor":30,"turns":5},{"damage":3,"enemies":"Shelled Parasite and Fungi","floor":31,"turns":4},{"damage":44,"enemies":"Automaton","floor":33,"turns":9},{"damage":5,"enemies":"Orb Walker","floor":35,"turns":3},{"damage":19,"enemies":"3 Shapes","floor":37,"turns":5},{"damage":20,"enemies":"Transient","floor":38,"turns":5},{"damage":35,"enemies":"Maw","floor":39,"turns":6},{"damage":39,"enemies":"Giant Head","floor":41,"turns":7},{"damage":9,"enemies":"4 Shapes","floor":45,"turns":5},{"damage":6,"enemies":"Spire Growth","floor":47,"turns":2},{"damage":1,"enemies":"Jaw Worm Horde","floor":48,"turns":3},{"damage":83,"enemies":"Donu and Deca","floor":50,"turns":11},{"damage":13,"enemies":"Shield and Spear","floor":54,"turns":5},{"damage":143,"enemies":"The Heart","floor":55,"turns":11}],"seed_played":"7823265198545858614","potions_obtained":[{"floor":2,"key":"LiquidBronze"},{"floor":6,"key":"PowerPotion"},{"floor":7,"key":"Swift Potion"},{"floor":10,"key":"SteroidPotion"},{"floor":16,"key":"Weak Potion"},{"floor":18,"key":"Ancient Potion"},{"floor":27,"key":"Ancient Potion"},{"floor":30,"key":"EssenceOfSteel"},{"floor":33,"key":"Strength Potion"},{"floor":37,"key":"LiquidBronze"},{"floor":47,"key":"FearPotion"},{"floor":48,"key":"BloodPotion"}],"is_trial":false,"path_per_floor":["M","M","?","$","M","E","M","R","T","M","R","M","R","E","R","B",null,"M","?","M","?","M","R","M","R","T","E","R","$","E","M","R","B",null,"M","?","M","M","M","R","E","R","T","?","M","?","M","M","R","B",null,"R","$","E","B",null],"character_chosen":"IRONCLAD","items_purchased":["Pommel Strike","Membership Card","Swift Potion","Shrug It Off","Bottled Lightning","EntropicBrew","Frozen Eye"],"campfire_rested":0,"item_purchase_floors":[4,29,29,53,53,53,53],"current_hp_per_floor":[71,77,77,77,80,61,61,61,61,65,65,69,69,59,59,62,80,83,83,86,86,82,82,86,86,86,75,75,75,57,71,71,46,101,105,100,104,103,74,74,56,56,56,56,72,72,85,102,102,39,112,112,112,116,15],"gold":41,"neow_bonus":"REMOVE_CARD","is_prod":false,"is_daily":false,"chose_seed":false,"campfire_upgraded":11,"win_rate":0,"timestamp":1563572025,"path_taken":["M","M","?","$","M","E","M","R","T","M","R","?","R","E","R","BOSS","M","?","M","?","M","R","M","R","T","E","R","?","E","M","R","BOSS","M","?","M","M","M","R","E","R","T","?","M","?","M","?","R","BOSS","R","$","E","BOSS"],"build_version":"2019-07-17","purchased_purges":2,"victory":true,"max_hp_per_floor":[80,80,80,80,80,80,80,80,80,80,80,80,80,80,80,80,80,83,83,86,86,86,86,86,86,86,90,90,90,97,101,101,101,101,105,100,104,104,104,104,104,104,104,104,108,108,108,108,108,112,112,112,112,116,116],"card_choices":[{"not_picked":["Perfected Strike","Shockwave"],"picked":"Twin Strike","floor":1},{"not_picked":["Shockwave","Feel No Pain"],"picked":"Combust","floor":2},{"not_picked":["Corruption","Body Slam"],"picked":"Ghostly Armor","floor":5},{"not_picked":["Heavy Blade","Ghostly Armor"],"picked":"Fiend Fire","floor":6},{"not_picked":["True Grit","Second Wind"],"picked":"Carnage","floor":7},{"not_picked":["Thunderclap","Rage","Anger"],"picked":"SKIP","floor":10},{"not_picked":["Thunderclap","Havoc","Heavy Blade"],"picked":"SKIP","floor":12},{"not_picked":["Uppercut","Cleave","Rage"],"picked":"SKIP","floor":14},{"not_picked":["Dark Embrace","Limit Break"],"picked":"Feed","floor":16},{"not_picked":["Headbutt+1","Shockwave"],"picked":"True Grit+1","floor":18},{"not_picked":["Corruption","Second Wind"],"picked":"Feel No Pain+1","floor":20},{"not_picked":["Sentinel","Second Wind+1","Heavy Blade"],"picked":"SKIP","floor":22},{"not_picked":["Headbutt+1","Power Through","Reckless Charge"],"picked":"SKIP","floor":24},{"not_picked":["Clothesline","Combust"],"picked":"Reaper","floor":27},{"not_picked":["Flex","Twin Strike"],"picked":"Body Slam","floor":30},{"not_picked":["Perfected Strike","Warcry"],"picked":"Flex+1","floor":31},{"not_picked":["Feed","Double Tap"],"picked":"Offering","floor":33},{"not_picked":["Flex","Infernal Blade","Warcry"],"picked":"SKIP","floor":35},{"not_picked":["Wild Strike+1","Dropkick","Feel No Pain"],"picked":"SKIP","floor":37},{"not_picked":["Headbutt+1","Perfected Strike"],"picked":"Rampage","floor":38},{"not_picked":["Whirlwind+1","Shrug It Off"],"picked":"Warcry+1","floor":39},{"not_picked":["True Grit","Twin Strike"],"picked":"Clothesline+1","floor":41},{"not_picked":["Combust","Offering"],"picked":"Reckless Charge+1","floor":45},{"not_picked":["Clothesline+1","Clash"],"picked":"Headbutt+1","floor":47},{"not_picked":["Flex","Anger"],"picked":"Shrug It Off+1","floor":48},{"not_picked":["Sever Soul+1","Clothesline","Perfected Strike+1"],"picked":"SKIP","floor":54}],"player_experience":1712913,"relics_obtained":[{"floor":6,"key":"Darkstone Periapt"},{"floor":9,"key":"The Courier"},{"floor":14,"key":"Gremlin Horn"},{"floor":26,"key":"Sundial"},{"floor":27,"key":"Mummified Hand"},{"floor":30,"key":"Strawberry"},{"floor":41,"key":"Bottled Flame"},{"floor":54,"key":"Bottled Tornado"}],"event_choices":[{"damage_healed":0,"gold_gain":0,"player_choice":"Forge","damage_taken":0,"max_hp_gain":0,"max_hp_loss":0,"event_name":"Accursed Blacksmith","floor":3,"gold_loss":0,"cards_upgraded":["Combust"]},{"damage_healed":0,"gold_gain":0,"player_choice":"Obtained Relic","damage_taken":0,"relics_obtained":["Ornamental Fan"],"max_hp_gain":0,"max_hp_loss":0,"event_name":"Addict","floor":19,"gold_loss":85},{"cards_removed":["Strike_R"],"damage_healed":0,"gold_gain":0,"player_choice":"Gave Gold","damage_taken":0,"max_hp_gain":0,"max_hp_loss":0,"event_name":"Beggar","floor":21,"gold_loss":75},{"damage_healed":0,"gold_gain":0,"player_choice":"Max HP","damage_taken":0,"max_hp_gain":0,"max_hp_loss":5,"event_name":"Winding Halls","floor":36,"gold_loss":0},{"damage_healed":0,"gold_gain":0,"player_choice":"Ignored","damage_taken":0,"max_hp_gain":0,"max_hp_loss":0,"event_name":"Tomb of Lord Red Mask","floor":44,"gold_loss":0},{"damage_healed":0,"gold_gain":0,"player_choice":"Gave Potion","damage_taken":0,"relics_obtained":["Happy Flower"],"max_hp_gain":0,"max_hp_loss":0,"event_name":"WeMeetAgain","floor":46,"gold_loss":0}],"is_beta":false,"boss_relics":[{"not_picked":["Black Star","White Beast Statue"],"picked":"Coffee Dripper"},{"not_picked":["Snecko Eye","Pandora\u0027s Box"],"picked":"Runic Pyramid"}],"items_purged_floors":[4,53],"is_endless":false,"potions_floor_spawned":[2,6,7,10,16,18,24,27,30,33,37,47,48],"ascension_level":0}