{"gold_per_floor":[111,111,121,135,151,151,180,180,203,203,238,226,238,250,250,353,353,365,365,380,392,406,406,406],"floor_reached":24,"playtime":1331,"items_purged":[],"score":212,"play_id":"fefba166-9306-431a-a0c8-6522dddfd2ad","local_time":"20180719230106","is_ascension_mode":false,"campfire_choices":[{"data":"Inflame","floor":6,"key":"SMITH"},{"data":"True Grit","floor":8,"key":"SMITH"},{"data":"Shrug It Off","floor":10,"key":"SMITH"},{"floor":15,"key":"REST"},{"data":"Limit Break","floor":23,"key":"SMITH"}],"neow_cost":"NONE","seed_source_timestamp":461199005666048,"circlet_count":0,"master_deck":["Strike_R","Strike_R","Strike_R","Strike_R","Defend_R","Defend_R","Defend_R+1","Defend_R","Bash","Rupture","Rage+1","Inflame+1","Headbutt","Shrug It Off+1","True Grit+1","Heavy Blade+1","Reaper","Perfected Strike","Limit Break+1","Feel No Pain+1","True Grit"],"relics":["Burning Blood","NeowsBlessing","War Paint","Bag of Preparation","Pen Nib","Eternal Feather"],"potions_floor_usage":[7,11,13,16,21],"damage_taken":[{"damage":0,"enemies":"Jaw Worm","floor":1,"turns":1},{"damage":0,"enemies":"Small Slimes","floor":3,"turns":2},{"damage":0,"enemies":"Cultist","floor":4,"turns":1},{"damage":34,"enemies":"Large Slime","floor":5,"turns":8},{"damage":30,"enemies":"3 Sentries","floor":7,"turns":10},{"damage":15,"enemies":"Lagavulin","floor":11,"turns":7},{"damage":2,"enemies":"Exordium Thugs","floor":12,"turns":6},{"damage":3,"enemies":"Lots of Slimes","floor":13,"turns":4},{"damage":1,"enemies":"Red Slaver","floor":14,"turns":4},{"damage":31,"enemies":"Slime Boss","floor":16,"turns":10},{"damage":36,"enemies":"Shell Parasite","floor":18,"turns":8},{"damage":22,"enemies":"Chosen","floor":20,"turns":7},{"damage":34,"enemies":"Centurion and Healer","floor":21,"turns":10},{"damage":42,"enemies":"3 Cultists","floor":22,"turns":6},{"damage":24,"enemies":"Snake Plant","floor":24,"turns":4}],"seed_played":"1639607439626033723","potions_obtained":[{"floor":1,"key":"Regen Potion"},{"floor":5,"key":"SteroidPotion"},{"floor":7,"key":"AttackPotion"},{"floor":13,"key":"SkillPotion"},{"floor":16,"key":"Dexterity Potion"},{"floor":20,"key":"Fire Potion"}],"is_trial":false,"path_per_floor":["M","?","M","M","M","R","E","R","T","R","E","M","M","M","R","B",null,"M","?","M","M","M","R"],"character_chosen":"IRONCLAD","items_purchased":[],"campfire_rested":1,"item_purchase_floors":[],"current_hp_per_floor":[80,80,80,80,52,52,43,43,43,43,34,38,41,46,70,47,80,50,50,41,30,14,22,0],"gold":406,"neow_bonus":"THREE_ENEMY_KILL","is_prod":false,"is_daily":false,"chose_seed":false,"campfire_upgraded":4,"win_rate":0.0,"timestamp":1532030466,"path_taken":["M","?","M","M","M","R","E","R","T","R","E","?","M","M","R","BOSS","M","?","M","M","?","R","M"],"build_version":"2018-07-12","purchased_purges":0,"victory":false,"max_hp_per_floor":[80,80,80,80,80,80,80,80,80,80,80,80,80,80,80,80,80,80,80,80,80,80,80,80],"card_choices":[{"not_picked":["Dual Wield","Perfected Strike"],"picked":"Rupture","floor":1},{"not_picked":["Warcry","Burning Pact"],"picked":"Inflame","floor":3},{"not_picked":["Entrench","Anger"],"picked":"Headbutt","floor":4},{"not_picked":["Pummel","Headbutt"],"picked":"Shrug It Off","floor":5},{"not_picked":["Battle Trance","Iron Wave"],"picked":"True Grit","floor":7},{"not_picked":["Twin Strike","True Grit","Combust"],"picked":"SKIP","floor":11},{"not_picked":["Clothesline","Sword Boomerang"],"picked":"Heavy Blade","floor":12},{"not_picked":["Infernal Blade","Thunderclap"],"picked":"Reaper","floor":13},{"not_picked":["Body Slam","Clash"],"picked":"Perfected Strike","floor":14},{"not_picked":["Feed","Double Tap"],"picked":"Limit Break","floor":16},{"not_picked":["Twin Strike","True Grit"],"picked":"Feel No Pain+1","floor":18},{"not_picked":["Perfected Strike","Dropkick","Reckless Charge"],"picked":"SKIP","floor":20},{"not_picked":["Heavy Blade","Shrug It Off"],"picked":"True Grit","floor":21},{"not_picked":["Clash+1","Perfected Strike+1","Cleave"],"picked":"SKIP","floor":22}],"player_experience":108881,"relics_obtained":[{"floor":7,"key":"War Paint"},{"floor":9,"key":"Bag of Preparation"},{"floor":11,"key":"Pen Nib"}],"event_choices":[{"event_name":"Living Wall","player_choice":"Change","floor":2,"damage_taken":0},{"event_name":"Upgrade Shrine","player_choice":"Upgraded","floor":19,"damage_taken":0}],"boss_relics":[{"not_picked":["Busted Crown","Calling Bell"],"picked":"Eternal Feather"}],"items_purged_floors":[],"is_endless":false,"potions_floor_spawned":[1,5,7,13,16,20],"killed_by":"Snake Plant","ascension_level":0}