{"gold_per_floor":[112,287,307,382,307,307,323,353,403,413,413,107,132,132,132,132],"floor_reached":16,"playtime":340,"items_purged":["Doubt","Injury"],"score":145,"play_id":"392a190c-bee3-4a4a-a6b4-6465e6dd17e4","local_time":"20190504211616","is_ascension_mode":true,"campfire_choices":[{"data":"Cleave","floor":6,"key":"SMITH"},{"data":"Armaments","floor":15,"key":"SMITH"}],"neow_cost":"NONE","seed_source_timestamp":881665349387500,"circlet_count":0,"master_deck":["Strike_R","Strike_R","Strike_R","Strike_R","Strike_R","Defend_R","Defend_R","Defend_R","Defend_R","Bash","Cleave+1","Ghostly Armor","Thunderclap","Armaments+1"],"relics":["Burning Blood","Vajra","Strawberry","Golden Idol","Lee\u0027s Waffle","Dodecahedron"],"potions_floor_usage":[8,8,16],"damage_taken":[{"damage":3,"enemies":"Jaw Worm","floor":1,"turns":4},{"damage":11,"enemies":"Small Slimes","floor":3,"turns":6},{"damage":1,"enemies":"Cultist","floor":7,"turns":3},{"damage":35,"enemies":"Gremlin Nob","floor":8,"turns":5},{"damage":10,"enemies":"Exordium Wildlife","floor":10,"turns":5},{"damage":6,"enemies":"2 Fungi Beasts","floor":13,"turns":2},{"damage":84,"enemies":"Slime Boss","floor":16,"turns":8}],"seed_played":"3777051673950914398","potions_obtained":[{"floor":1,"key":"BloodPotion"},{"floor":3,"key":"SkillPotion"},{"floor":13,"key":"FearPotion"}],"is_trial":false,"path_per_floor":["M","?","M","?","$","R","M","E","T","M","?","$","M","?","R","B"],"character_chosen":"IRONCLAD","items_purchased":["Lee\u0027s Waffle"],"campfire_rested":0,"item_purchase_floors":[12],"current_hp_per_floor":[88,88,83,72,72,72,77,56,63,59,59,102,102,69,69,0],"gold":132,"neow_bonus":"TEN_PERCENT_HP_BONUS","is_prod":false,"is_daily":false,"chose_seed":false,"campfire_upgraded":2,"win_rate":0,"timestamp":1556993776,"path_taken":["M","?","M","?","?","R","?","E","T","M","?","$","M","?","R","BOSS"],"build_version":"2019-01-23","purchased_purges":2,"victory":false,"max_hp_per_floor":[88,88,88,88,88,88,88,88,95,95,95,102,102,102,102,102],"card_choices":[{"not_picked":["True Grit","Iron Wave","Havoc"],"picked":"SKIP","floor":1},{"not_picked":["Second Wind","Power Through"],"picked":"Cleave","floor":3},{"not_picked":["Heavy Blade","Perfected Strike"],"picked":"Ghostly Armor","floor":7},{"not_picked":["Shrug It Off","Searing Blow","Wild Strike"],"picked":"SKIP","floor":8},{"not_picked":["Clash","Metallicize"],"picked":"Thunderclap","floor":10},{"not_picked":["Iron Wave","Berserk"],"picked":"Armaments","floor":13}],"player_experience":347307,"relics_obtained":[{"floor":8,"key":"Vajra"},{"floor":9,"key":"Strawberry"}],"event_choices":[{"damage_healed":0,"gold_gain":175,"player_choice":"AGREE","damage_taken":0,"max_hp_gain":0,"max_hp_loss":0,"event_name":"Liars Game","floor":2,"gold_loss":0,"cards_obtained":["Doubt"]},{"damage_healed":0,"gold_gain":75,"player_choice":"Gather Gold","damage_taken":11,"max_hp_gain":0,"max_hp_loss":0,"event_name":"World of Goop","floor":4,"gold_loss":0},{"damage_healed":0,"gold_gain":0,"player_choice":"Take Wound","damage_taken":0,"relics_obtained":["Golden Idol"],"max_hp_gain":0,"max_hp_loss":0,"event_name":"Golden Idol","floor":11,"gold_loss":0,"cards_obtained":["Injury"]},{"damage_healed":0,"gold_gain":0,"player_choice":"Success","damage_taken":33,"relics_obtained":["Dodecahedron"],"max_hp_gain":0,"max_hp_loss":0,"event_name":"Scrap Ooze","floor":14,"gold_loss":0}],"is_beta":false,"boss_relics":[],"items_purged_floors":[5,12],"is_endless":false,"potions_floor_spawned":[1,3,13],"killed_by":"Slime Boss","ascension_level":4}