{"gold_per_floor":[116,128,128,140,155,155,170,170,194,24,56,56,87,97,97,199,199,210,210,228,240,240,270,282,282,282,282,282,382,411,423,423,519,569,583,602,120,131,6,35,35,65,65,65,65,78,95,70,70,70],"floor_reached":50,"playtime":2100,"items_purged":["Strike_B","Defend_B","Bite"],"score":800,"play_id":"5eeb28cb-7825-4893-aea9-e7115f4551bf","local_time":"20190820221232","is_ascension_mode":true,"campfire_choices":[{"data":"Streamline","floor":6,"key":"SMITH"},{"data":"Zap","floor":8,"key":"SMITH"},{"data":"Hyperbeam","floor":12,"key":"SMITH"},{"data":"Hologram","floor":15,"key":"SMITH"},{"floor":25,"key":"REST"},{"data":"Fission","floor":32,"key":"SMITH"},{"data":"Panacea","floor":41,"key":"SMITH"},{"floor":49,"key":"RECALL"}],"neow_cost":"NONE","seed_source_timestamp":478177803155200,"circlet_count":0,"master_deck":["Defend_B","Defend_B","Defend_B","Zap+1","Dualcast","Streamline+1","Gash","Leap","Sweeping Beam+1","Hologram+1","Panacea+1","Hyperbeam+1","Cold Snap","Compile Driver","Echo Form","Gash","Leap+1","Bite","Bite","Bite","Bite","BootSequence+1","Fission+1","Hologram+1","Machine Learning","Coolheaded","Biased Cognition","Compile Driver+1","Beam Cell+1","Capacitor+1","Pain","Fission+1","Compile Driver+1","Gash+1","Go for the Eyes+1"],"relics":["Cracked Core","Juzu Bracelet","Omamori","Cursed Key","Necronomicon","Art of War","Ice Cream","Prayer Wheel","Molten Egg 2","Anchor","Tiny House","Bottled Lightning","Matryoshka","Ornamental Fan","Bag of Preparation","NlothsMask"],"potions_floor_usage":[11,11,20,29,30,33,35,42,42,50,50],"damage_taken":[{"damage":0,"enemies":"2 Louse","floor":1,"turns":3},{"damage":0,"enemies":"Cultist","floor":2,"turns":2},{"damage":7,"enemies":"Jaw Worm","floor":4,"turns":2},{"damage":3,"enemies":"2 Fungi Beasts","floor":5,"turns":3},{"damage":0,"enemies":"Large Slime","floor":7,"turns":4},{"damage":18,"enemies":"Gremlin Nob","floor":11,"turns":4},{"damage":15,"enemies":"Lagavulin","floor":13,"turns":5},{"damage":0,"enemies":"3 Louse","floor":14,"turns":1},{"damage":4,"enemies":"The Guardian","floor":16,"turns":11},{"damage":14,"enemies":"Shell Parasite","floor":18,"turns":4},{"damage":3,"enemies":"2 Thieves","floor":20,"turns":2},{"damage":7,"enemies":"Snake Plant","floor":21,"turns":3},{"damage":0,"enemies":"Slavers","floor":23,"turns":1},{"damage":5,"enemies":"Centurion and Healer","floor":24,"turns":2},{"damage":0,"enemies":"Colosseum Slavers","floor":29,"turns":2},{"damage":2,"enemies":"Colosseum Nobs","floor":29,"turns":3},{"damage":28,"enemies":"Gremlin Leader","floor":30,"turns":4},{"damage":0,"enemies":"Cultist and Chosen","floor":31,"turns":4},{"damage":14,"enemies":"Champ","floor":33,"turns":11},{"damage":0,"enemies":"3 Shapes","floor":35,"turns":2},{"damage":0,"enemies":"Orb Walker","floor":36,"turns":2},{"damage":4,"enemies":"Maw","floor":38,"turns":6},{"damage":56,"enemies":"Nemesis","floor":40,"turns":9},{"damage":57,"enemies":"Reptomancer","floor":42,"turns":7},{"damage":0,"enemies":"Sphere and 2 Shapes","floor":46,"turns":1},{"damage":12,"enemies":"Spire Growth","floor":47,"turns":5},{"damage":45,"enemies":"Time Eater","floor":50,"turns":7}],"seed_played":"-9207524504422032032","potions_obtained":[{"floor":2,"key":"Ancient Potion"},{"floor":3,"key":"GamblersBrew"},{"floor":3,"key":"Explosive Potion"},{"floor":3,"key":"EssenceOfSteel"},{"floor":16,"key":"Swift Potion"},{"floor":20,"key":"Swift Potion"},{"floor":24,"key":"Energy Potion"},{"floor":31,"key":"SpeedPotion"},{"floor":34,"key":"Swift Potion"},{"floor":35,"key":"Regen Potion"},{"floor":46,"key":"Weak Potion"},{"floor":47,"key":"Regen Potion"}],"is_trial":false,"path_per_floor":["M","M","?","M","M","R","M","R","T","$","E","R","E","M","R","B",null,"M","?","M","M","?","E","M","R","T","?","?","?","E","M","R","B",null,"M","M","$","M","$","E","R","E","T","?","?","M","M","$","R","B"],"character_chosen":"DEFECT","items_purchased":["Panacea","Beam Cell+1","Bottled Lightning","FocusPotion","Go for the Eyes+1"],"campfire_rested":1,"item_purchase_floors":[10,37,37,37,48],"current_hp_per_floor":[68,68,68,61,58,58,58,58,58,58,42,42,29,31,31,29,64,52,36,35,30,30,30,27,49,49,35,61,69,53,61,61,69,82,84,85,85,85,85,51,51,22,22,22,22,22,20,20,20,0],"gold":70,"neow_bonus":"REMOVE_CARD","is_prod":false,"is_daily":false,"chose_seed":false,"campfire_upgraded":6,"win_rate":0,"timestamp":1566335552,"path_taken":["M","M","?","M","?","R","M","R","T","$","E","R","E","M","R","BOSS","M","?","M","M","?","E","M","R","T","?","?","?","E","M","R","BOSS","M","M","$","M","$","E","R","E","T","?","?","M","M","?","R","BOSS"],"build_version":"2019-07-17","purchased_purges":3,"victory":false,"max_hp_per_floor":[75,75,75,75,75,75,75,75,75,75,75,75,75,75,75,75,75,75,75,75,75,75,75,75,75,75,80,80,80,80,80,80,80,85,85,85,85,85,85,85,85,85,85,85,85,85,85,85,85,85],"card_choices":[{"not_picked":["Leap","Capacitor"],"picked":"Streamline","floor":1},{"not_picked":["Turbo","Recycle"],"picked":"Gash","floor":2},{"not_picked":["Rebound","Loop"],"picked":"Leap","floor":4},{"not_picked":["Sunder","Redo"],"picked":"Sweeping Beam","floor":5},{"not_picked":["Compile Driver","Amplify"],"picked":"Hologram","floor":7},{"not_picked":["Leap","Barrage"],"picked":"Hyperbeam","floor":11},{"not_picked":["Sweeping Beam","Redo"],"picked":"Cold Snap","floor":13},{"not_picked":["Doom and Gloom","Hologram"],"picked":"Compile Driver","floor":14},{"not_picked":["Multi-Cast","Thunder Strike"],"picked":"Echo Form","floor":16},{"not_picked":["Steam","Chaos"],"picked":"Gash","floor":18},{"not_picked":["Turbo","Streamline"],"picked":"Leap+1","floor":20},{"not_picked":["Auto Shields","Gash","Lockon+1"],"picked":"SKIP","floor":21},{"not_picked":["Rip and Tear","Rebound"],"picked":"BootSequence+1","floor":23},{"not_picked":["Melter","Darkness","Force Field"],"picked":"SKIP","floor":24},{"not_picked":["Undo","Streamline+1"],"picked":"Fission","floor":30},{"not_picked":["Static Discharge","BootSequence"],"picked":"Hologram+1","floor":31},{"not_picked":["Go for the Eyes+1","Streamline+1","Rebound+1"],"picked":"SKIP","floor":31},{"not_picked":["Creative AI","Meteor Strike+1"],"picked":"Machine Learning","floor":33},{"not_picked":["Steam","Turbo+1"],"picked":"Coolheaded","floor":35},{"not_picked":["Glacier+1","Hologram"],"picked":"Biased Cognition","floor":35},{"not_picked":["Chaos","Force Field+1"],"picked":"Compile Driver+1","floor":36},{"not_picked":["Static Discharge","Streamline+1","Redo+1"],"picked":"SKIP","floor":36},{"not_picked":["Redo+1","Sweeping Beam+1"],"picked":"Capacitor+1","floor":38},{"not_picked":["Force Field+1","Coolheaded","Hologram"],"picked":"SKIP","floor":38},{"not_picked":["Steam","Sweeping Beam+1","Steam Power"],"picked":"SKIP","floor":40},{"not_picked":["Genetic Algorithm+1","Streamline+1","Beam Cell+1"],"picked":"SKIP","floor":42},{"not_picked":["Leap+1","Turbo+1"],"picked":"Compile Driver+1","floor":46},{"not_picked":["Streamline+1","Hologram"],"picked":"Gash+1","floor":46},{"not_picked":["Darkness","Doom and Gloom+1","Amplify"],"picked":"SKIP","floor":47},{"not_picked":["White Noise","Sunder+1","Sweeping Beam+1"],"picked":"SKIP","floor":47}],"player_experience":1829840,"relics_obtained":[{"floor":9,"key":"Blood Vial"},{"floor":11,"key":"Juzu Bracelet"},{"floor":13,"key":"Omamori"},{"floor":19,"key":"Necronomicon"},{"floor":23,"key":"Art of War"},{"floor":26,"key":"Ice Cream"},{"floor":29,"key":"Prayer Wheel"},{"floor":29,"key":"Molten Egg 2"},{"floor":30,"key":"Anchor"},{"floor":40,"key":"Matryoshka"},{"floor":42,"key":"Ornamental Fan"},{"floor":43,"key":"Bag of Preparation"}],"event_choices":[{"damage_healed":0,"gold_gain":0,"player_choice":"Got Potions","damage_taken":0,"max_hp_gain":0,"max_hp_loss":0,"event_name":"Lab","floor":3,"gold_loss":0},{"damage_healed":0,"gold_gain":0,"player_choice":"Obtained Book","damage_taken":16,"max_hp_gain":0,"max_hp_loss":0,"event_name":"Cursed Tome","floor":19,"gold_loss":0},{"damage_healed":0,"gold_gain":0,"player_choice":"Became a vampire (Vial)","damage_taken":0,"max_hp_gain":0,"max_hp_loss":0,"event_name":"Vampires","floor":22,"relics_lost":["Blood Vial"],"gold_loss":0,"cards_obtained":["Bite","Bite","Bite","Bite","Bite"]},{"damage_healed":0,"gold_gain":0,"player_choice":"Shed Blood","damage_taken":19,"max_hp_gain":5,"max_hp_loss":0,"event_name":"Forgotten Altar","floor":27,"gold_loss":0},{"damage_healed":26,"gold_gain":0,"player_choice":"Heal","damage_taken":0,"max_hp_gain":0,"max_hp_loss":0,"event_name":"The Library","floor":28,"gold_loss":0},{"damage_healed":0,"gold_gain":0,"player_choice":"Fight","damage_taken":0,"max_hp_gain":0,"max_hp_loss":0,"event_name":"Colosseum","floor":29,"gold_loss":0},{"damage_healed":0,"gold_gain":0,"player_choice":"Fought Nobs","damage_taken":0,"max_hp_gain":0,"max_hp_loss":0,"event_name":"Colosseum","floor":29,"gold_loss":0},{"damage_healed":0,"gold_gain":0,"player_choice":"Trade","damage_taken":0,"relics_obtained":["NlothsMask"],"max_hp_gain":0,"max_hp_loss":0,"event_name":"FaceTrader","floor":44,"gold_loss":0},{"damage_healed":0,"gold_gain":0,"player_choice":"Copied","damage_taken":0,"max_hp_gain":0,"max_hp_loss":0,"event_name":"Duplicator","floor":45,"gold_loss":0,"cards_obtained":["Fission"]}],"is_beta":false,"boss_relics":[{"not_picked":["FrozenCore","Sozu"],"picked":"Cursed Key"},{"not_picked":["Runic Dome","Busted Crown"],"picked":"Tiny House"}],"items_purged_floors":[10,37,39],"is_endless":false,"potions_floor_spawned":[2,4,16,20,24,29,31,35,46,47],"killed_by":"Time Eater","ascension_level":6}