{"gold_per_floor":[111,124,48,48,62,62,89,99,174,174,194,220,234,253,253,351,351,369,384,24,40,40,40,40,75,75,75,85,110,110,121,121,220,220,234,249,266,191,191,218,233,259,284,297,297,330,330,364,364,364],"floor_reached":51,"playtime":2479,"items_purged":["Strike_R"],"score":936,"play_id":"a27f8727-a037-49b9-9530-530fd89602ef","local_time":"20191014231838","is_ascension_mode":true,"campfire_choices":[{"data":"Carnage","floor":6,"key":"SMITH"},{"data":"Hemokinesis","floor":10,"key":"SMITH"},{"data":"Immolate","floor":15,"key":"SMITH"},{"data":"Juggernaut","floor":23,"key":"SMITH"},{"data":"Battle Trance","floor":27,"key":"SMITH"},{"data":"Flame Barrier","floor":32,"key":"SMITH"},{"data":"Disarm","floor":47,"key":"SMITH"},{"data":"Disarm","floor":49,"key":"SMITH"}],"neow_cost":"TEN_PERCENT_HP_LOSS","seed_source_timestamp":310851141810300,"circlet_count":0,"master_deck":["Defend_R","Defend_R","Bash","Battle Trance+1","Infernal Blade","Flame Barrier+1","Swift Strike","Impervious","Carnage+1","Hemokinesis+1","Immolate+1","Shockwave+1","Shrug It Off+1","Armaments+1","Juggernaut+1","True Grit+1","Clothesline+1","Immolate+1","Perfected Strike+1","Body Slam+1","Disarm+1","Disarm+1","Barricade","Sentinel+1"],"relics":["Burning Blood","Pocketwatch","Ornamental Fan","Blood Vial","Coffee Dripper","ClockworkSouvenir","Gambling Chip","Shuriken","Astrolabe","Turnip","HornCleat","Oddly Smooth Stone","Smiling Mask","Blue Candle"],"potions_floor_usage":[13,40,46],"damage_taken":[{"damage":10,"enemies":"Jaw Worm","floor":1,"turns":6},{"damage":6,"enemies":"Cultist","floor":2,"turns":3},{"damage":1,"enemies":"2 Louse","floor":5,"turns":3},{"damage":22,"enemies":"Lagavulin","floor":7,"turns":8},{"damage":6,"enemies":"Exordium Wildlife","floor":8,"turns":3},{"damage":2,"enemies":"2 Fungi Beasts","floor":11,"turns":2},{"damage":13,"enemies":"3 Sentries","floor":12,"turns":6},{"damage":3,"enemies":"Gremlin Gang","floor":13,"turns":3},{"damage":5,"enemies":"Looter","floor":14,"turns":2},{"damage":8,"enemies":"Slime Boss","floor":16,"turns":6},{"damage":2,"enemies":"3 Byrds","floor":18,"turns":3},{"damage":2,"enemies":"2 Thieves","floor":19,"turns":2},{"damage":2,"enemies":"Chosen and Byrds","floor":21,"turns":5},{"damage":4,"enemies":"Gremlin Leader","floor":25,"turns":5},{"damage":2,"enemies":"Snecko","floor":28,"turns":3},{"damage":13,"enemies":"Book of Stabbing","floor":29,"turns":5},{"damage":2,"enemies":"Centurion and Healer","floor":31,"turns":3},{"damage":22,"enemies":"Collector","floor":33,"turns":10},{"damage":0,"enemies":"3 Shapes","floor":35,"turns":2},{"damage":0,"enemies":"Orb Walker","floor":36,"turns":2},{"damage":0,"enemies":"4 Shapes","floor":37,"turns":2},{"damage":19,"enemies":"Nemesis","floor":40,"turns":9},{"damage":0,"enemies":"Jaw Worm Horde","floor":41,"turns":2},{"damage":0,"enemies":"Giant Head","floor":42,"turns":8},{"damage":0,"enemies":"3 Darklings","floor":44,"turns":3},{"damage":45,"enemies":"Nemesis","floor":46,"turns":7},{"damage":3,"enemies":"Reptomancer","floor":48,"turns":5},{"damage":12,"enemies":"Time Eater","floor":50,"turns":8}],"seed_played":"2741720679156088477","potions_obtained":[{"floor":7,"key":"Energy Potion"},{"floor":12,"key":"Energy Potion"},{"floor":16,"key":"Explosive Potion"},{"floor":18,"key":"Fire Potion"},{"floor":19,"key":"Block Potion"},{"floor":33,"key":"Fire Potion"},{"floor":41,"key":"DistilledChaos"},{"floor":46,"key":"LiquidMemories"}],"is_trial":false,"path_per_floor":["M","M","$","?","M","R","E","M","T","R","M","E","M","M","R","B",null,"M","M","$","M","?","R","?","E","T","R","M","E","?","M","R","B",null,"M","M","M","$","?","E","M","E","T","M","?","E","R","E","R","B",null],"character_chosen":"IRONCLAD","items_purchased":["Flame Barrier","ClockworkSouvenir","Juggernaut","Disarm"],"campfire_rested":0,"item_purchase_floors":[3,20,20,38],"current_hp_per_floor":[68,68,68,68,72,72,56,56,56,56,60,53,58,61,61,61,72,72,72,72,72,72,72,72,72,72,72,72,65,65,71,71,56,72,72,72,72,72,72,59,67,72,72,72,68,29,29,34,34,30],"gold":364,"neow_bonus":"REMOVE_TWO","is_prod":false,"is_daily":false,"chose_seed":false,"campfire_upgraded":8,"win_rate":0,"timestamp":1571091518,"path_taken":["M","M","$","?","M","R","E","M","T","R","M","E","M","?","R","BOSS","M","M","$","M","?","R","?","E","T","R","M","E","?","?","R","BOSS","M","M","M","$","?","E","M","E","T","M","?","E","R","E","R","BOSS"],"build_version":"2019-10-14","purchased_purges":1,"victory":true,"max_hp_per_floor":[72,72,72,72,72,72,72,72,72,72,72,72,72,72,72,72,72,72,72,72,72,72,72,72,72,72,72,72,72,72,72,72,72,72,72,72,72,72,72,72,72,72,72,72,68,68,68,68,68,68],"card_choices":[{"not_picked":["Heavy Blade","Pummel"],"picked":"Battle Trance","floor":1},{"not_picked":["Anger","Body Slam"],"picked":"Infernal Blade","floor":2},{"not_picked":["Perfected Strike","Ghostly Armor"],"picked":"Carnage","floor":5},{"not_picked":["Sword Boomerang","Feel No Pain"],"picked":"Hemokinesis","floor":7},{"not_picked":["Twin Strike","Dropkick","Clothesline"],"picked":"SKIP","floor":8},{"not_picked":["Burning Pact","Carnage","Second Wind"],"picked":"SKIP","floor":11},{"not_picked":["Armaments","Juggernaut"],"picked":"Immolate","floor":12},{"not_picked":["Cleave","Pummel","Perfected Strike"],"picked":"SKIP","floor":13},{"not_picked":["Hemokinesis","Pummel"],"picked":"Shockwave","floor":14},{"not_picked":["Second Wind+1","Twin Strike"],"picked":"Shrug It Off+1","floor":18},{"not_picked":["Warcry+1","Perfected Strike+1"],"picked":"Armaments+1","floor":19},{"not_picked":["Body Slam","Wild Strike"],"picked":"True Grit+1","floor":21},{"not_picked":["Combust","Berserk","Armaments"],"picked":"SKIP","floor":25},{"not_picked":["Anger","Wild Strike","Heavy Blade"],"picked":"SKIP","floor":28},{"not_picked":["Second Wind+1","Inflame","Twin Strike"],"picked":"SKIP","floor":29},{"not_picked":["Carnage+1","Havoc","Corruption"],"picked":"SKIP","floor":31},{"not_picked":["Clothesline","Warcry+1"],"picked":"Body Slam+1","floor":35},{"not_picked":["Clash+1","Flex"],"picked":"Disarm","floor":36},{"not_picked":["Hemokinesis","Anger+1","Rampage+1"],"picked":"SKIP","floor":37},{"not_picked":["Sword Boomerang+1","Cleave"],"picked":"Barricade","floor":40},{"not_picked":["Heavy Blade","Headbutt","Spot Weakness"],"picked":"SKIP","floor":41},{"not_picked":["Flex+1","Whirlwind+1","Inflame"],"picked":"SKIP","floor":42},{"not_picked":["Shrug It Off","Sword Boomerang+1","Cleave"],"picked":"SKIP","floor":44},{"not_picked":["Dark Embrace","Inflame+1","Dual Wield"],"picked":"SKIP","floor":46},{"not_picked":["Iron Wave","Spot Weakness"],"picked":"Sentinel+1","floor":48}],"player_experience":1650146,"relics_obtained":[{"floor":7,"key":"Pocketwatch"},{"floor":9,"key":"Ornamental Fan"},{"floor":12,"key":"Blood Vial"},{"floor":25,"key":"Gambling Chip"},{"floor":29,"key":"Shuriken"},{"floor":40,"key":"Turnip"},{"floor":42,"key":"HornCleat"},{"floor":43,"key":"Oddly Smooth Stone"},{"floor":46,"key":"Smiling Mask"},{"floor":48,"key":"Blue Candle"}],"event_choices":[{"damage_healed":0,"gold_gain":0,"player_choice":"2 cards matched","damage_taken":0,"max_hp_gain":0,"max_hp_loss":0,"event_name":"Match and Keep!","floor":4,"gold_loss":0,"cards_obtained":["Swift Strike","Impervious"]},{"cards_removed":["Strike_R"],"damage_healed":0,"gold_gain":0,"player_choice":"Elegance","damage_taken":0,"max_hp_gain":0,"max_hp_loss":0,"event_name":"Back to Basics","floor":24,"gold_loss":0},{"damage_healed":0,"gold_gain":0,"player_choice":"Forge","damage_taken":0,"max_hp_gain":0,"max_hp_loss":0,"event_name":"Accursed Blacksmith","floor":30,"gold_loss":0,"cards_upgraded":["Shockwave"]},{"damage_healed":0,"gold_gain":0,"player_choice":"Ignored","damage_taken":0,"max_hp_gain":0,"max_hp_loss":0,"event_name":"Tomb of Lord Red Mask","floor":39,"gold_loss":0},{"damage_healed":0,"gold_gain":0,"player_choice":"Max HP","damage_taken":0,"max_hp_gain":0,"max_hp_loss":4,"event_name":"Winding Halls","floor":45,"gold_loss":0}],"is_beta":true,"boss_relics":[{"not_picked":["Philosopher\u0027s Stone","Pandora\u0027s Box"],"picked":"Coffee Dripper"},{"not_picked":["Black Blood","Black Star"],"picked":"Astrolabe"}],"items_purged_floors":[20],"is_endless":false,"potions_floor_spawned":[7,12,16,18,19,29,33,36,37,41,46],"ascension_level":1}