{"gold_per_floor":[118,118,129,1,1,1,19,19,19,47,47,12,23,37,37,37],"floor_reached":16,"playtime":478,"items_purged":["Defend_R"],"score":100,"play_id":"147c926c-26e9-499e-81d5-778ddc7a26db","local_time":"20180720214350","is_ascension_mode":false,"campfire_choices":[{"data":"Power Through","floor":6,"key":"SMITH"},{"data":"Bash","floor":8,"key":"SMITH"},{"data":"Thunderclap","floor":15,"key":"SMITH"}],"neow_cost":"NONE","seed_source_timestamp":543814386364160,"circlet_count":0,"master_deck":["Strike_R","Strike_R","Strike_R","Strike_R","Strike_R","Defend_R","Defend_R","Defend_R","Bash+1","Power Through+1","Shrug It Off","Regret","Shrug It Off","Entrench","Thunderclap+1","Flame Barrier"],"relics":["Burning Blood","Strawberry","GremlinMask","Letter Opener","Shuriken","Omamori","Pen Nib"],"potions_floor_usage":[10,16],"damage_taken":[{"damage":15,"enemies":"2 Louse","floor":1,"turns":3},{"damage":5,"enemies":"Cultist","floor":3,"turns":4},{"damage":10,"enemies":"Small Slimes","floor":7,"turns":4},{"damage":50,"enemies":"Gremlin Nob","floor":10,"turns":6},{"damage":15,"enemies":"3 Louse","floor":13,"turns":7},{"damage":9,"enemies":"Looter","floor":14,"turns":4},{"damage":46,"enemies":"Slime Boss","floor":16,"turns":7}],"seed_played":"1759539942441358190","potions_obtained":[{"floor":7,"key":"BloodPotion"},{"floor":13,"key":"SneckoOil"}],"is_trial":false,"path_per_floor":["M","?","M","$","?","R","M","R","T","E","?","?","M","M","R"],"character_chosen":"IRONCLAD","items_purchased":["Shrug It Off"],"campfire_rested":0,"item_purchase_floors":[4],"current_hp_per_floor":[78,78,79,79,79,79,75,75,75,39,36,57,48,45,45,0],"gold":37,"neow_bonus":"RANDOM_COMMON_RELIC","is_prod":false,"is_daily":false,"chose_seed":false,"campfire_upgraded":3,"win_rate":0.0,"timestamp":1532112230,"path_taken":["M","?","M","$","?","R","M","R","T","E","?","?","?","?","R","BOSS"],"build_version":"2018-07-19v2","purchased_purges":1,"victory":false,"max_hp_per_floor":[87,87,87,87,87,87,87,87,87,87,87,87,87,87,87,87],"card_choices":[{"not_picked":["Twin Strike","Thunderclap"],"picked":"Power Through","floor":1},{"not_picked":["Second Wind","Rupture","Heavy Blade"],"picked":"SKIP","floor":3},{"not_picked":["Wild Strike","Warcry"],"picked":"Shrug It Off","floor":7},{"not_picked":["Feel No Pain","Iron Wave"],"picked":"Entrench","floor":10},{"not_picked":["Armaments","Dual Wield"],"picked":"Thunderclap","floor":13},{"not_picked":["Seeing Red","Anger"],"picked":"Flame Barrier","floor":14}],"player_experience":122746,"relics_obtained":[{"floor":9,"key":"Shuriken"},{"floor":10,"key":"Omamori"}],"event_choices":[{"event_name":"FaceTrader","player_choice":"Trade","floor":2,"damage_taken":0},{"event_name":"Big Fish","player_choice":"Box","floor":5,"damage_taken":0},{"event_name":"Scrap Ooze","player_choice":"success","floor":11,"damage_taken":3},{"event_name":"The Cleric","player_choice":"Healed","floor":12,"damage_taken":0}],"is_beta":false,"boss_relics":[],"items_purged_floors":[4],"is_endless":false,"potions_floor_spawned":[7,13],"killed_by":"Slime Boss","ascension_level":0}