{"gold_per_floor":[114,129,144,159,174,174,189,13,13,13,13,13,28,43,43,143,143,158,158,257,257,272,272,272],"floor_reached":24,"playtime":1882,"items_purged":[],"score":190,"play_id":"d08d9e5b-580e-4f42-a0a6-7620769dc4f4","local_time":"20191014043946","daily_mods":["Chimera","Green Cards","Elite Swarm"],"is_ascension_mode":false,"campfire_choices":[{"data":"Zap","floor":6,"key":"SMITH"},{"data":"Enlightenment","floor":10,"key":"SMITH"},{"floor":12,"key":"REST"},{"data":"Seeing Red","floor":15,"key":"SMITH"},{"floor":23,"key":"REST"}],"neow_cost":"","seed_source_timestamp":0,"circlet_count":0,"master_deck":["Bash","Survivor","Zap+1","Strike_R","Strike_G","Strike_B","Defend_R","Defend_G","Defend_B","Pommel Strike","PiercingWail","Prepared","Deflect","Backstab+1","Anger","Bouncing Flask+1","Enlightenment+1","Seeing Red+1","Quick Slash","Envenom+1","Footwork+1"],"special_seed":18183,"relics":["Burning Blood","Frozen Egg 2","Eternal Feather"],"potions_floor_usage":[14,16],"damage_taken":[{"damage":0,"enemies":"2 Louse","floor":1,"turns":3},{"damage":2,"enemies":"Jaw Worm","floor":2,"turns":4},{"damage":0,"enemies":"Small Slimes","floor":3,"turns":3},{"damage":3,"enemies":"Blue Slaver","floor":4,"turns":5},{"damage":22,"enemies":"Exordium Thugs","floor":5,"turns":8},{"damage":1,"enemies":"3 Louse","floor":7,"turns":3},{"damage":0,"enemies":"Red Slaver","floor":13,"turns":3},{"damage":0,"enemies":"2 Fungi Beasts","floor":14,"turns":2},{"damage":11,"enemies":"The Guardian","floor":16,"turns":9},{"damage":40,"enemies":"3 Byrds","floor":18,"turns":6},{"damage":17,"enemies":"Shell Parasite","floor":22,"turns":6},{"damage":60,"enemies":"Book of Stabbing","floor":24,"turns":5}],"seed_played":"1824102051724052932","potions_obtained":[{"floor":2,"key":"SkillPotion"},{"floor":5,"key":"Weak Potion"},{"floor":14,"key":"SpeedPotion"},{"floor":16,"key":"Explosive Potion"}],"is_trial":false,"path_per_floor":["M","M","M","M","M","R","M","$","T","R","?","R","M","M","R","B",null,"M","?","?","?","M","R","E"],"character_chosen":"IRONCLAD","items_purchased":["Bouncing Flask","Enlightenment"],"campfire_rested":2,"item_purchase_floors":[8,8],"current_hp_per_floor":[80,80,80,80,64,64,69,69,69,69,53,77,80,80,80,75,80,46,31,31,31,20,57,0],"gold":272,"neow_bonus":"","is_prod":false,"is_daily":true,"chose_seed":false,"campfire_upgraded":3,"win_rate":0,"timestamp":1571049586,"path_taken":["M","M","M","M","M","R","M","$","T","R","?","R","M","M","R","BOSS","M","?","?","?","M","R","E"],"build_version":"2019-07-17","purchased_purges":0,"victory":false,"max_hp_per_floor":[80,80,80,80,80,80,80,80,80,80,80,80,80,80,80,80,80,80,85,85,85,85,85,85],"card_choices":[{"not_picked":["Heavy Blade","Evolve"],"picked":"Pommel Strike","floor":1},{"not_picked":["Clothesline","Dash"],"picked":"PiercingWail","floor":2},{"not_picked":["Ghostly Armor","Wild Strike"],"picked":"Prepared","floor":3},{"not_picked":["Whirlwind","Dropkick"],"picked":"Deflect","floor":4},{"not_picked":["Body Slam","Inflame"],"picked":"Backstab","floor":5},{"not_picked":["Clash","Shrug It Off"],"picked":"Anger","floor":7},{"not_picked":["Shrug It Off","Cloak And Dagger"],"picked":"Seeing Red","floor":13},{"not_picked":["Power Through","Acrobatics"],"picked":"Quick Slash","floor":14},{"not_picked":["Venomology","Grand Finale"],"picked":"Envenom+1","floor":16},{"not_picked":["Metallicize+1","Outmaneuver"],"picked":"Footwork+1","floor":18},{"not_picked":["Caltrops+1","Acrobatics","Sword Boomerang"],"picked":"SKIP","floor":22}],"player_experience":401039,"relics_obtained":[{"floor":9,"key":"Frozen Egg 2"}],"event_choices":[{"damage_healed":0,"gold_gain":0,"player_choice":"Entered Light","damage_taken":16,"max_hp_gain":0,"max_hp_loss":0,"event_name":"Shining Light","floor":11,"gold_loss":0,"cards_upgraded":["Backstab","Bouncing Flask"]},{"damage_healed":0,"gold_gain":0,"player_choice":"Shed Blood","damage_taken":20,"max_hp_gain":5,"max_hp_loss":0,"event_name":"Forgotten Altar","floor":19,"gold_loss":0},{"damage_healed":0,"gold_gain":99,"player_choice":"Stole From Cult","damage_taken":0,"max_hp_gain":0,"max_hp_loss":0,"event_name":"Nest","floor":20,"gold_loss":0},{"damage_healed":0,"gold_gain":0,"player_choice":"Bought 0 Potions","damage_taken":0,"max_hp_gain":0,"max_hp_loss":0,"event_name":"The Woman in Blue","floor":21,"gold_loss":0}],"is_beta":false,"boss_relics":[{"not_picked":["Cursed Key","Lizard Tail"],"picked":"Eternal Feather"}],"items_purged_floors":[],"is_endless":false,"potions_floor_spawned":[2,5,14,16],"killed_by":"Book of Stabbing","ascension_level":0}