{"gold_per_floor":[109,109,109,124,124,124,157,176,176,191,191,219,18,29,29,126,126,137,62,62,73,89,89,122,134,146,175,36,46,60,70,70,165,165,176,1175,469,469,469,469],"floor_reached":40,"playtime":1870,"items_purged":["Pain","Regret","Normality"],"score":687,"play_id":"f804fc07-c1d0-4eb2-b985-1bd490269e8c","local_time":"20191021230208","is_ascension_mode":true,"campfire_choices":[{"data":"Quick Slash","floor":6.0,"key":"SMITH"},{"floor":11.0,"key":"REST"},{"floor":15.0,"key":"REST"},{"data":"Wraith Form v2","floor":23.0,"key":"SMITH"},{"floor":25.0,"key":"REST"},{"data":"Dagger Spray","floor":32.0,"key":"SMITH"}],"neow_cost":"NONE","seed_source_timestamp":0,"circlet_count":0,"master_deck":["AscendersBane","Strike_G","Strike_G","Defend_G+1","Defend_G+1","Defend_G","Defend_G+1","Defend_G","Survivor","Neutralize","Quick Slash+1","Corpse Explosion+1","Leg Sweep","Dodge and Roll","Backflip","Backstab","Footwork","Bandage Up","Wraith Form v2+1","Clumsy","PiercingWail","Predator","Flying Knee","Slice+1","PiercingWail","Dagger Spray+1","Backstab+1","All Out Attack+1","Malaise","Normality","Well Laid Plans","Acrobatics"],"special_seed":0,"relics":["Ring of the Snake","Bag of Marbles","WarpedTongs","Boot","Dodecahedron","Blue Candle","Calling Bell","Shuriken","Mango","War Paint","MawBank","Pantograph","Sozu","Lantern","WingedGreaves","SsserpentHead"],"potions_floor_usage":[],"damage_taken":[{"damage":0.0,"enemies":"Small Slimes","floor":1.0,"turns":4.0},{"damage":0.0,"enemies":"2 Louse","floor":4.0,"turns":3.0},{"damage":31.0,"enemies":"Lagavulin","floor":7.0,"turns":6.0},{"damage":2.0,"enemies":"Cultist","floor":8.0,"turns":2.0},{"damage":7.0,"enemies":"Blue Slaver","floor":10.0,"turns":4.0},{"damage":14.0,"enemies":"3 Sentries","floor":12.0,"turns":5.0},{"damage":0.0,"enemies":"Looter","floor":14.0,"turns":3.0},{"damage":6.0,"enemies":"Slime Boss","floor":16.0,"turns":11.0},{"damage":3.0,"enemies":"Shell Parasite","floor":18.0,"turns":8.0},{"damage":16.0,"enemies":"2 Thieves","floor":21.0,"turns":3.0},{"damage":13.0,"enemies":"3 Cultists","floor":22.0,"turns":6.0},{"damage":41.0,"enemies":"Slavers","floor":24.0,"turns":5.0},{"damage":9.0,"enemies":"Centurion and Healer","floor":27.0,"turns":7.0},{"damage":0.0,"enemies":"Snake Plant","floor":29.0,"turns":4.0},{"damage":14.0,"enemies":"Cultist and Chosen","floor":30.0,"turns":5.0},{"damage":1.0,"enemies":"Centurion and Healer","floor":31.0,"turns":5.0},{"damage":22.0,"enemies":"Collector","floor":33.0,"turns":9.0},{"damage":0.0,"enemies":"3 Darklings","floor":35.0,"turns":1.0},{"damage":87,"enemies":"Giant Head","floor":40,"turns":8}],"seed_played":"4760335607026432206","potions_obtained":[{"floor":4.0,"key":"GhostInAJar"},{"floor":7.0,"key":"LiquidBronze"},{"floor":8.0,"key":"Strength Potion"},{"floor":18.0,"key":"Ancient Potion"},{"floor":21.0,"key":"FearPotion"},{"floor":27.0,"key":"Block Potion"},{"floor":33.0,"key":"Energy Potion"}],"is_trial":false,"path_per_floor":["M","?","?","M","?","R","E","M","T","M","R","E","$","M","R","B",null,"M","?","?","M","M","R","E","R","T","M","$","M","M","M","R","B",null,"M","?","$","?","?","E"],"character_chosen":"THE_SILENT","items_purchased":["Footwork","Bandage Up","Dagger Spray","Lantern","Well Laid Plans","Acrobatics","WingedGreaves"],"campfire_rested":3,"item_purchase_floors":[13,13,28,37,37,37,37],"current_hp_per_floor":[63,63,49,49,49,49,18,16,16,9,30,16,16,20,41,41,77,78,78,78,62,53,53,16,41,41,36,36,40,30,33,33,40,73,73,73,73,73,73,0],"gold":469,"neow_bonus":"RANDOM_COMMON_RELIC","is_prod":false,"is_daily":false,"chose_seed":false,"campfire_upgraded":3,"win_rate":0,"timestamp":1571724128,"path_taken":["M","?","?","M","?","R","E","M","T","?","R","E","$","M","R","BOSS","M","?","?","M","?","R","E","R","T","M","$","M","M","M","R","BOSS","M","?","$","?","?","E"],"build_version":"2019-07-17","purchased_purges":3,"victory":false,"max_hp_per_floor":[70,70,70,70,70,70,70,70,70,70,70,70,70,70,70,70,84,84,84,84,84,84,84,84,84,84,84,84,84,84,84,84,84,84,84,84,84,84,84,84],"card_choices":[{"not_picked":["Prepared","Sucker Punch"],"picked":"Quick Slash","floor":1.0},{"not_picked":["Deadly Poison","Reflex"],"picked":"Leg Sweep","floor":4.0},{"not_picked":["Slice","Infinite Blades"],"picked":"Dodge and Roll","floor":7.0},{"not_picked":["Leg Sweep","Underhanded Strike"],"picked":"Backflip","floor":8.0},{"not_picked":["Outmaneuver","Deflect","Concentrate"],"picked":"SKIP","floor":10.0},{"not_picked":["Outmaneuver","Deflect","Concentrate"],"picked":"SKIP","floor":10.0},{"not_picked":["Slice","Cloak And Dagger"],"picked":"Backstab","floor":12.0},{"not_picked":["Grand Finale","Sucker Punch","Acrobatics"],"picked":"SKIP","floor":14.0},{"not_picked":["Grand Finale","Bullet Time"],"picked":"Wraith Form v2","floor":16.0},{"not_picked":["Backflip","Choke"],"picked":"PiercingWail","floor":18.0},{"not_picked":["Reflex","PiercingWail"],"picked":"Slice+1","floor":21.0},{"not_picked":["Flying Knee","Prepared+1","Deadly Poison"],"picked":"SKIP","floor":22.0},{"not_picked":["Venomology","Outmaneuver","Blur"],"picked":"SKIP","floor":24.0},{"not_picked":["Finisher","Caltrops"],"picked":"PiercingWail","floor":27.0},{"not_picked":["Deflect","Deadly Poison","Eviscerate"],"picked":"SKIP","floor":29.0},{"not_picked":["Poisoned Stab","Predator+1"],"picked":"Backstab+1","floor":30.0},{"not_picked":["Escape Plan","Infinite Blades"],"picked":"All Out Attack+1","floor":31.0},{"not_picked":["Corpse Explosion","Adrenaline"],"picked":"Malaise","floor":33.0},{"not_picked":["Sucker Punch","Bane+1","Concentrate+1"],"picked":"SKIP","floor":35.0}],"player_experience":419939,"relics_obtained":[{"floor":7.0,"key":"Boot"},{"floor":9.0,"key":"Dodecahedron"},{"floor":12.0,"key":"Blue Candle"},{"floor":17.0,"key":"Shuriken"},{"floor":17.0,"key":"Mango"},{"floor":17.0,"key":"War Paint"},{"floor":24.0,"key":"MawBank"},{"floor":26.0,"key":"Pantograph"}],"event_choices":[{"damage_healed":0.0,"max_hp_gain":0.0,"max_hp_loss":0.0,"gold_gain":0.0,"cards_transformed":["Strike_G"],"event_name":"Living Wall","player_choice":"Change","floor":2.0,"gold_loss":0.0,"damage_taken":0.0,"cards_obtained":["Corpse Explosion"]},{"damage_healed":0.0,"max_hp_gain":0.0,"max_hp_loss":0.0,"gold_gain":0.0,"event_name":"Shining Light","player_choice":"Entered Light","floor":3.0,"gold_loss":0.0,"damage_taken":14.0,"cards_upgraded":["Corpse Explosion","Defend_G"]},{"damage_healed":0.0,"max_hp_gain":0.0,"max_hp_loss":0.0,"gold_gain":0.0,"event_name":"Accursed Blacksmith","player_choice":"Rummage","floor":5.0,"gold_loss":0.0,"damage_taken":0.0,"relics_obtained":["WarpedTongs"],"cards_obtained":["Pain"]},{"cards_removed":["Regret"],"damage_healed":0.0,"max_hp_gain":0.0,"max_hp_loss":0.0,"gold_gain":0.0,"event_name":"Beggar","player_choice":"Gave Gold","floor":19.0,"gold_loss":75.0,"damage_taken":0.0},{"damage_healed":0.0,"max_hp_gain":0.0,"max_hp_loss":0.0,"gold_gain":0.0,"cards_transformed":["Strike_G","Strike_G"],"event_name":"Drug Dealer","player_choice":"Became Test Subject","floor":20.0,"gold_loss":0.0,"damage_taken":0.0,"cards_obtained":["Predator","Flying Knee"]},{"damage_healed":0.0,"max_hp_gain":0.0,"max_hp_loss":0.0,"gold_gain":999.0,"event_name":"MindBloom","player_choice":"Gold","floor":36.0,"gold_loss":0.0,"damage_taken":0.0,"cards_obtained":["Normality","Normality"]},{"damage_healed":0.0,"max_hp_gain":0.0,"max_hp_loss":0.0,"gold_gain":0.0,"event_name":"Tomb of Lord Red Mask","player_choice":"Ignored","floor":38.0,"gold_loss":0.0,"damage_taken":0.0},{"damage_healed":0.0,"max_hp_gain":0.0,"max_hp_loss":0.0,"gold_gain":0.0,"event_name":"FaceTrader","player_choice":"Trade","floor":39.0,"gold_loss":0.0,"damage_taken":0.0,"relics_obtained":["SsserpentHead"]}],"is_beta":false,"boss_relics":[{"not_picked":["Coffee Dripper","Runic Dome"],"picked":"Calling Bell"},{"not_picked":["White Beast Statue","Astrolabe"],"picked":"Sozu"}],"items_purged_floors":[13,28,37],"is_endless":false,"potions_floor_spawned":[4,7,8,10,18,21,27,33,35],"killed_by":"Giant Head","ascension_level":10}