{"gold_per_floor":[113,113,113,131,81,81,94,112,192,212,248,13,47,68,68,198,198,212,212,35,55,71,71,106,106],"floor_reached":25,"playtime":1582,"items_purged":["Injury"],"score":281,"play_id":"725e89d7-87cc-4233-8805-c3aae32bd927","local_time":"20190915132602","is_ascension_mode":true,"campfire_choices":[{"data":"Zap","floor":6,"key":"SMITH"},{"floor":15,"key":"REST"},{"floor":23,"key":"REST"}],"neow_cost":"NONE","seed_source_timestamp":275743954192999,"circlet_count":0,"master_deck":["Defend_B","Defend_B","Defend_B","Defend_B","Zap+1","Dualcast","Cold Snap","Steam","Storm","Ball Lightning","Machine Learning","Aggregate","Static Discharge","Storm+1","Steam","Machine Learning+1","Cold Snap+1","Bite","Bite","Bite","Bite","Bite","Static Discharge+1","Conserve Battery","Creative AI+1","Aggregate+1","Static Discharge+1"],"relics":["Cracked Core","NeowsBlessing","Golden Idol","Strawberry","Dodecahedron","Happy Flower","Frozen Egg 2","Inserter","Anchor"],"potions_floor_usage":[11,13,16,24],"damage_taken":[{"damage":0,"enemies":"Cultist","floor":1,"turns":1},{"damage":0,"enemies":"2 Louse","floor":4,"turns":1},{"damage":0,"enemies":"Jaw Worm","floor":7,"turns":1},{"damage":15,"enemies":"Exordium Wildlife","floor":8,"turns":5},{"damage":3,"enemies":"2 Fungi Beasts","floor":10,"turns":3},{"damage":18,"enemies":"3 Sentries","floor":11,"turns":5},{"damage":15,"enemies":"Lagavulin","floor":13,"turns":5},{"damage":29,"enemies":"Exordium Thugs","floor":14,"turns":4},{"damage":22,"enemies":"Hexaghost","floor":16,"turns":10},{"damage":38,"enemies":"2 Thieves","floor":18,"turns":4},{"damage":25,"enemies":"3 Byrds","floor":21,"turns":4},{"damage":16,"enemies":"Centurion and Healer","floor":22,"turns":4},{"damage":39,"enemies":"Gremlin Leader","floor":24,"turns":4},{"damage":19,"enemies":"Sentry and Sphere","floor":25,"turns":3}],"seed_played":"8813326420924737183","potions_obtained":[{"floor":1,"key":"Fire Potion"},{"floor":8,"key":"SpeedPotion"},{"floor":11,"key":"Swift Potion"},{"floor":22,"key":"Fire Potion"},{"floor":24,"key":"SpeedPotion"}],"is_trial":false,"path_per_floor":["M","?","?","M","?","R","M","M","T","M","E","$","E","M","R","B",null,"M","?","$","M","M","R","E","M"],"character_chosen":"DEFECT","items_purchased":["Happy Flower","Static Discharge","Static Discharge+1","Conserve Battery"],"campfire_rested":2,"item_purchase_floors":[12,12,20,20],"current_hp_per_floor":[75,75,82,82,82,82,82,67,67,64,46,46,33,6,30,10,82,44,44,44,27,21,45,12,0],"gold":106,"neow_bonus":"THREE_ENEMY_KILL","is_prod":false,"is_daily":false,"chose_seed":false,"campfire_upgraded":1,"win_rate":0,"timestamp":1568579162,"path_taken":["M","?","?","?","?","R","M","M","T","M","E","$","E","M","R","BOSS","M","?","?","M","M","R","E","M"],"build_version":"2019-07-17","purchased_purges":1,"victory":false,"max_hp_per_floor":[75,75,82,82,82,82,82,82,82,82,82,82,82,82,82,82,82,82,82,82,82,82,82,82,82],"card_choices":[{"not_picked":["Hologram","Doom and Gloom"],"picked":"Cold Snap","floor":1},{"not_picked":["Scrape","Barrage"],"picked":"Steam","floor":4},{"not_picked":["Streamline","Turbo"],"picked":"Storm","floor":7},{"not_picked":["Steam","Gash"],"picked":"Ball Lightning","floor":8},{"not_picked":["Go for the Eyes","Chill"],"picked":"Machine Learning","floor":10},{"not_picked":["Go for the Eyes","Sunder"],"picked":"Aggregate","floor":11},{"not_picked":["Steam","Aggregate"],"picked":"Storm","floor":13},{"not_picked":["Doom and Gloom","Compile Driver"],"picked":"Steam","floor":14},{"not_picked":["Fission","Hyperbeam"],"picked":"Machine Learning+1","floor":16},{"not_picked":["Streamline+1","Stack"],"picked":"Cold Snap+1","floor":18},{"not_picked":["Compile Driver","Genetic Algorithm+1"],"picked":"Creative AI+1","floor":21},{"not_picked":["Streamline","Gash"],"picked":"Aggregate+1","floor":22},{"not_picked":["Ball Lightning+1","Conserve Battery"],"picked":"Static Discharge+1","floor":24}],"player_experience":70908,"relics_obtained":[{"floor":9,"key":"Dodecahedron"},{"floor":11,"key":"Blood Vial"},{"floor":13,"key":"Frozen Egg 2"},{"floor":24,"key":"Anchor"}],"event_choices":[{"damage_healed":0,"gold_gain":0,"player_choice":"Take Wound","damage_taken":0,"relics_obtained":["Golden Idol"],"max_hp_gain":0,"max_hp_loss":0,"event_name":"Golden Idol","floor":2,"gold_loss":0,"cards_obtained":["Injury"]},{"damage_healed":0,"gold_gain":0,"player_choice":"Box","damage_taken":0,"relics_obtained":["Strawberry"],"max_hp_gain":0,"max_hp_loss":0,"event_name":"Big Fish","floor":3,"gold_loss":0,"cards_obtained":["Regret"]},{"cards_removed":["Regret"],"damage_healed":0,"gold_gain":0,"player_choice":"Card Removal","damage_taken":0,"max_hp_gain":0,"max_hp_loss":0,"event_name":"The Cleric","floor":5,"gold_loss":50},{"damage_healed":0,"gold_gain":0,"player_choice":"Became a vampire (Vial)","damage_taken":0,"max_hp_gain":0,"max_hp_loss":0,"event_name":"Vampires","floor":19,"relics_lost":["Blood Vial"],"gold_loss":0,"cards_obtained":["Bite","Bite","Bite","Bite","Bite"]}],"is_beta":false,"boss_relics":[{"not_picked":["Runic Pyramid","Calling Bell"],"picked":"Inserter"}],"items_purged_floors":[20],"is_endless":false,"potions_floor_spawned":[1,8,11,22,24],"killed_by":"Sentry and Sphere","ascension_level":2}