{"gold_per_floor":[11,31,31,42,56,56,88,107,177,177,188,188,215,229,229,331,331,345,357,357,113,113,138,138,138,138,149,149,175,175,204,204,299,299,319,319,3,19,38,38,50,81,81,41,61,61],"floor_reached":46,"playtime":1873,"items_purged":["Defend_B"],"score":753,"play_id":"f7658bc7-07f9-4b92-98df-7bfed7e2662f","local_time":"20190607182240","is_ascension_mode":true,"campfire_choices":[{"data":"Glacier","floor":6,"key":"SMITH"},{"data":"Zap","floor":10,"key":"SMITH"},{"data":"Chill","floor":12,"key":"SMITH"},{"data":"Steam","floor":15,"key":"SMITH"},{"data":"Bite","floor":24,"key":"SMITH"},{"data":"Bite","floor":28,"key":"SMITH"},{"data":"Doom and Gloom","floor":32,"key":"SMITH"},{"data":"Bite","floor":40,"key":"SMITH"}],"neow_cost":"NO_GOLD","seed_source_timestamp":884129294633325,"circlet_count":0,"master_deck":["Defend_B","Defend_B","Zap+1","Dualcast","Glacier+1","Ball Lightning","Ball Lightning","Ball Lightning","Echo Form","Chill+1","Conserve Battery","Steam+1","Core Surge","Sweeping Beam","Leap+1","Bite+1","Bite+1","Bite+1","Bite","Bite","Leap+1","Doom and Gloom+1","Coolheaded+1","Electrodynamics+1","Conserve Battery+1"],"relics":["Cracked Core","Bottled Lightning","Question Card","Mango","Velvet Choker","Shuriken","Dream Catcher","Darkstone Periapt","Bronze Scales","Symbiotic Virus","Mummified Hand","Coffee Dripper","Meat on the Bone","Peace Pipe","Bottled Flame"],"potions_floor_usage":[7,18,23,29,29,31,33,41,42],"damage_taken":[{"damage":0,"enemies":"Cultist","floor":1,"turns":3},{"damage":3,"enemies":"2 Louse","floor":2,"turns":4},{"damage":2,"enemies":"Jaw Worm","floor":4,"turns":3},{"damage":13,"enemies":"Large Slime","floor":5,"turns":3},{"damage":15,"enemies":"Lagavulin","floor":7,"turns":4},{"damage":1,"enemies":"3 Louse","floor":8,"turns":4},{"damage":4,"enemies":"Looter","floor":11,"turns":3},{"damage":9,"enemies":"3 Sentries","floor":13,"turns":6},{"damage":0,"enemies":"Red Slaver","floor":14,"turns":4},{"damage":10,"enemies":"The Guardian","floor":16,"turns":10},{"damage":0,"enemies":"3 Byrds","floor":18,"turns":4},{"damage":9,"enemies":"Shell Parasite","floor":19,"turns":6},{"damage":14,"enemies":"Slavers","floor":23,"turns":5},{"damage":0,"enemies":"Chosen and Byrds","floor":27,"turns":5},{"damage":20,"enemies":"Gremlin Leader","floor":29,"turns":5},{"damage":19,"enemies":"Book of Stabbing","floor":31,"turns":4},{"damage":41,"enemies":"Collector","floor":33,"turns":11},{"damage":0,"enemies":"3 Darklings","floor":35,"turns":3},{"damage":0,"enemies":"3 Shapes","floor":38,"turns":5},{"damage":5,"enemies":"3 Darklings","floor":39,"turns":4},{"damage":10,"enemies":"4 Shapes","floor":41,"turns":6},{"damage":64,"enemies":"Reptomancer","floor":42,"turns":7},{"damage":41,"enemies":"Maw","floor":45,"turns":8},{"damage":63,"enemies":"Nemesis","floor":46,"turns":6}],"seed_played":"2807395507403283595","potions_obtained":[{"floor":1,"key":"FocusPotion"},{"floor":11,"key":"SteroidPotion"},{"floor":13,"key":"SkillPotion"},{"floor":14,"key":"Block Potion"},{"floor":19,"key":"Poison Potion"},{"floor":23,"key":"PowerPotion"},{"floor":29,"key":"Fruit Juice"},{"floor":31,"key":"Regen Potion"},{"floor":35,"key":"EssenceOfSteel"},{"floor":41,"key":"Ancient Potion"},{"floor":45,"key":"Explosive Potion"}],"is_trial":false,"path_per_floor":["M","M","?","M","M","R","E","M","T","R","M","R","E","M","R","B",null,"M","M","?","$","?","E","R","?","T","M","R","E","?","E","R","B",null,"M","?","$","M","M","R","M","E","T","?","M","E"],"character_chosen":"DEFECT","items_purchased":["Shuriken","Meat on the Bone"],"campfire_rested":0,"item_purchase_floors":[21,37],"current_hp_per_floor":[68,65,65,63,50,50,35,34,34,34,30,30,35,35,35,25,73,73,64,62,62,62,54,54,54,54,62,62,63,63,50,50,57,65,67,67,67,67,67,67,67,36,36,36,33,0],"gold":61,"neow_bonus":"REMOVE_TWO","is_prod":false,"is_daily":false,"chose_seed":false,"campfire_upgraded":8,"win_rate":0,"timestamp":1559928160,"path_taken":["M","M","?","M","M","R","E","M","T","R","M","R","E","M","R","BOSS","M","M","?","$","?","E","R","?","T","M","R","E","?","E","R","BOSS","M","?","$","?","M","R","M","E","T","?","?","E"],"build_version":"2019-01-23","purchased_purges":1,"victory":false,"max_hp_per_floor":[75,75,75,75,75,75,75,75,75,75,75,75,89,89,89,89,89,89,89,62,62,62,62,62,62,62,62,62,67,67,67,67,67,67,67,67,67,67,67,67,67,67,67,67,67,67],"card_choices":[{"not_picked":["Conserve Battery","Leap"],"picked":"Glacier","floor":1},{"not_picked":["Leap","Coolheaded"],"picked":"Ball Lightning","floor":2},{"not_picked":["Gash","Chill"],"picked":"Ball Lightning","floor":4},{"not_picked":["Beam Cell","Turbo"],"picked":"Ball Lightning","floor":5},{"not_picked":["Aggregate","Auto Shields"],"picked":"Echo Form","floor":7},{"not_picked":["Leap","Sweeping Beam"],"picked":"Chill","floor":8},{"not_picked":["Turbo","Gash","Compile Driver"],"picked":"Conserve Battery","floor":11},{"not_picked":["Rebound","Gash","Turbo"],"picked":"Steam","floor":13},{"not_picked":["Cold Snap","Force Field","Hello World","Aggregate"],"picked":"SKIP","floor":14},{"not_picked":["Rainbow","Echo Form","Amplify"],"picked":"Core Surge","floor":16},{"not_picked":["Heatsinks","Storm","Rebound"],"picked":"Sweeping Beam","floor":18},{"not_picked":["Coolheaded","Turbo","Stack"],"picked":"Leap+1","floor":19},{"not_picked":["Fission","Fusion","Genetic Algorithm"],"picked":"Leap+1","floor":23},{"not_picked":["White Noise+1","Recycle","Leap","Streamline"],"picked":"SKIP","floor":27},{"not_picked":["Force Field","Consume","Sunder","Steam+1"],"picked":"SKIP","floor":29},{"not_picked":["Blizzard","Heatsinks","Conserve Battery"],"picked":"Coolheaded+1","floor":31},{"not_picked":["Thunder Strike","Core Surge","Seek"],"picked":"Electrodynamics","floor":33},{"not_picked":["Hologram","Rebound+1","Ball Lightning","Steam+1"],"picked":"SKIP","floor":35},{"not_picked":["Blizzard+1","Beam Cell","Sweeping Beam+1","Loop"],"picked":"SKIP","floor":38},{"not_picked":["Force Field","Streamline","Reprogram","Genetic Algorithm"],"picked":"SKIP","floor":39},{"not_picked":["Stack","Undo+1","Capacitor"],"picked":"Conserve Battery+1","floor":41},{"not_picked":["Lockon","Rebound","Blizzard+1","Reprogram+1"],"picked":"SKIP","floor":42},{"not_picked":["Redo+1","Streamline+1","All For One","Stack+1"],"picked":"SKIP","floor":45}],"player_experience":1583479,"relics_obtained":[{"floor":7,"key":"Bottled Lightning"},{"floor":9,"key":"Question Card"},{"floor":13,"key":"Mango"},{"floor":23,"key":"Dream Catcher"},{"floor":26,"key":"Darkstone Periapt"},{"floor":29,"key":"Bronze Scales"},{"floor":31,"key":"Mummified Hand"},{"floor":42,"key":"Peace Pipe"},{"floor":43,"key":"Bottled Flame"}],"event_choices":[{"damage_healed":0,"gold_gain":0,"player_choice":"Ignored","damage_taken":0,"max_hp_gain":0,"max_hp_loss":0,"event_name":"Liars Game","floor":3,"gold_loss":0},{"damage_healed":0,"gold_gain":0,"player_choice":"Became a vampire","damage_taken":0,"max_hp_gain":0,"max_hp_loss":27,"event_name":"Vampires","floor":20,"gold_loss":0,"cards_obtained":["Bite","Bite","Bite","Bite","Bite"]},{"damage_healed":0,"gold_gain":0,"player_choice":"Ignored","damage_taken":0,"max_hp_gain":0,"max_hp_loss":0,"event_name":"Beggar","floor":22,"gold_loss":0},{"damage_healed":0,"gold_gain":0,"player_choice":"Read","damage_taken":0,"max_hp_gain":0,"max_hp_loss":0,"event_name":"The Library","floor":25,"gold_loss":0,"cards_obtained":["Doom and Gloom"]},{"damage_healed":0,"gold_gain":0,"player_choice":"Opened","damage_taken":0,"relics_obtained":["Symbiotic Virus"],"max_hp_gain":0,"max_hp_loss":0,"event_name":"The Mausoleum","floor":30,"gold_loss":0},{"damage_healed":0,"gold_gain":0,"player_choice":"Bought 0 Potions","damage_taken":0,"max_hp_gain":0,"max_hp_loss":0,"event_name":"The Woman in Blue","floor":36,"gold_loss":0},{"damage_healed":0,"gold_gain":0,"player_choice":"Upgrade","damage_taken":0,"max_hp_gain":0,"max_hp_loss":0,"event_name":"Designer","floor":44,"gold_loss":40,"cards_upgraded":["Electrodynamics"]}],"is_beta":false,"boss_relics":[{"not_picked":["FrozenCore","Black Star"],"picked":"Velvet Choker"},{"not_picked":["Runic Dome","Runic Pyramid"],"picked":"Coffee Dripper"}],"items_purged_floors":[37],"is_endless":false,"potions_floor_spawned":[1,11,13,14,19,23,29,31,35,41,45],"killed_by":"Nemesis","ascension_level":8}