{"gold_per_floor":[111,122,122,122,136,136,61,93,117,17,37,51,65,120,120,221,221,232,232,157,8,8,36,36,36,60,60,72,72,99,128,128,233,233,249,266,516,516,532,532,551,551,603,69,89,107,121,121,121,121],"floor_reached":50,"playtime":2095,"items_purged":["Strike_R","Blood for Blood","Strike_R","Regret"],"score":530,"play_id":"c0b3896d-d2ad-4257-ad2b-7037c53dd1f0","local_time":"20180721102313","is_ascension_mode":false,"campfire_choices":[{"data":"Rage","floor":6,"key":"SMITH"},{"data":"Body Slam","floor":15,"key":"SMITH"},{"data":"RitualDagger","floor":25,"key":"SMITH"},{"data":"Shrug It Off","floor":29,"key":"SMITH"},{"data":"Inflame","floor":32,"key":"SMITH"},{"data":"Madness","floor":40,"key":"SMITH"},{"data":"True Grit","floor":42,"key":"SMITH"},{"data":"Dual Wield","floor":49,"key":"SMITH"}],"neow_cost":"TEN_PERCENT_HP_LOSS","seed_source_timestamp":587761957542656,"circlet_count":0,"master_deck":["Strike_R+1","Defend_R+1","Defend_R","Defend_R","Bash","Rage+1","Iron Wave","Body Slam+1","Flex","Clothesline","Flex","Sword Boomerang","Shrug It Off","Immolate","Dual Wield+1","RitualDagger+1","Thunderclap","Iron Wave","Shrug It Off+1","Battle Trance","Reaper","Power Through","Madness+1","Dramatic Entrance","Power Through+1","True Grit+1"],"relics":["Burning Blood","Happy Flower","Bronze Scales","Lantern","Tiny Chest","Velvet Choker","Bag of Preparation","Pen Nib","Red Skull","Red Mask","Busted Crown","Vajra","Turnip"],"potions_floor_usage":[8,8,33,33,39,50,50],"damage_taken":[{"damage":0,"enemies":"Small Slimes","floor":1,"turns":3},{"damage":0,"enemies":"Jaw Worm","floor":2,"turns":2},{"damage":6,"enemies":"Cultist","floor":5,"turns":3},{"damage":27,"enemies":"Gremlin Nob","floor":8,"turns":5},{"damage":4,"enemies":"Gremlin Gang","floor":11,"turns":6},{"damage":0,"enemies":"Exordium Thugs","floor":12,"turns":3},{"damage":0,"enemies":"Red Slaver","floor":13,"turns":2},{"damage":34,"enemies":"The Guardian","floor":16,"turns":9},{"damage":2,"enemies":"Shell Parasite","floor":18,"turns":3},{"damage":16,"enemies":"Gremlin Leader","floor":23,"turns":6},{"damage":5,"enemies":"2 Thieves","floor":28,"turns":2},{"damage":0,"enemies":"Slavers","floor":30,"turns":3},{"damage":0,"floor":31,"turns":2},{"damage":43,"enemies":"Automaton","floor":33,"turns":8},{"damage":0,"enemies":"Orb Walker","floor":35,"turns":2},{"damage":0,"enemies":"Flame Bruiser 1 Orb","floor":36,"turns":4},{"damage":7,"enemies":"Maw","floor":39,"turns":7},{"damage":3,"enemies":"Sphere and 2 Shapes","floor":41,"turns":3},{"damage":3,"enemies":"Spire Growth","floor":45,"turns":4},{"damage":0,"enemies":"Flame Bruiser 2 Orb","floor":46,"turns":2},{"damage":11,"enemies":"Transient","floor":47,"turns":5},{"damage":89,"enemies":"Awakened One","floor":50,"turns":15}],"seed_played":"-7158215366647173486","potions_obtained":[{"floor":1,"key":"SteroidPotion"},{"floor":2,"key":"Energy Potion"},{"floor":12,"key":"FairyPotion"},{"floor":27,"key":"Block Potion"},{"floor":27,"key":"Block Potion"},{"floor":35,"key":"Poison Potion"},{"floor":41,"key":"SteroidPotion"}],"is_trial":false,"path_per_floor":["M","M","?","?","M","R","$","E","T","$","M","M","M","T","R","B",null,"M","?","?","$","?","E","?","R","T","?","M","R","E","?","R","B",null,"M","M","?","?","M","R","M","R","T","$","M","M","M","?","R"],"character_chosen":"IRONCLAD","items_purchased":["Thunderclap","Turnip","Ancient Potion"],"campfire_rested":0,"item_purchase_floors":[21,44,44],"current_hp_per_floor":[72,72,58,58,58,58,58,37,37,37,39,45,51,51,51,23,72,72,66,66,66,66,56,56,56,56,56,57,57,63,69,69,32,72,72,72,72,62,71,71,72,72,72,72,72,72,67,67,67,0],"gold":121,"neow_bonus":"TRANSFORM_TWO_CARDS","is_prod":false,"is_daily":false,"chose_seed":false,"campfire_upgraded":8,"win_rate":0.0,"timestamp":1532157793,"path_taken":["M","M","?","?","M","R","$","E","T","$","?","?","?","?","R","BOSS","M","?","?","$","?","E","?","R","T","?","?","R","E","?","R","BOSS","M","M","?","?","?","R","M","R","T","$","M","M","M","?","R","BOSS"],"build_version":"2018-07-19v2","purchased_purges":4,"victory":false,"max_hp_per_floor":[72,72,72,72,72,72,72,72,72,72,72,72,72,72,72,72,72,72,72,72,72,72,72,72,72,72,72,72,72,72,72,72,72,72,72,72,72,72,72,72,72,72,72,72,72,72,72,72,72,72],"card_choices":[{"not_picked":["Metallicize","Fire Breathing"],"picked":"Iron Wave","floor":1},{"not_picked":["Clash","Entrench"],"picked":"Body Slam","floor":2},{"not_picked":["Heavy Blade","Burning Pact"],"picked":"Flex","floor":5},{"not_picked":["Havoc","Entrench"],"picked":"Clothesline","floor":8},{"not_picked":["Bludgeon","Sever Soul"],"picked":"Flex","floor":11},{"not_picked":["True Grit","Pommel Strike"],"picked":"Sword Boomerang","floor":12},{"not_picked":["Thunderclap","Iron Wave"],"picked":"Shrug It Off","floor":13},{"not_picked":["Brutality","Feed"],"picked":"Immolate","floor":16},{"not_picked":["Whirlwind","Blood for Blood+1"],"picked":"Dual Wield","floor":18},{"not_picked":["Warcry","Armaments"],"picked":"Iron Wave","floor":23},{"not_picked":["Warcry+1","Intimidate"],"picked":"Battle Trance","floor":28},{"not_picked":["True Grit","Twin Strike","Clothesline+1"],"picked":"SKIP","floor":30},{"not_picked":["Headbutt","Sword Boomerang"],"picked":"Inflame","floor":31},{"not_picked":["Limit Break","Feed"],"picked":"Reaper","floor":33},{"not_picked":["Thunderclap+1"],"picked":"SKIP","floor":35},{"not_picked":[],"picked":"Power Through","floor":36},{"not_picked":[],"picked":"Madness","floor":38},{"not_picked":[],"picked":"Dramatic Entrance","floor":38},{"not_picked":[],"picked":"Power Through+1","floor":39},{"not_picked":[],"picked":"True Grit","floor":41},{"not_picked":["Clash"],"picked":"SKIP","floor":45},{"not_picked":["Intimidate+1"],"picked":"SKIP","floor":46},{"not_picked":["Second Wind+1"],"picked":"SKIP","floor":47}],"player_experience":123224,"relics_obtained":[{"floor":8,"key":"Bronze Scales"},{"floor":9,"key":"Lantern"},{"floor":14,"key":"Tiny Chest"},{"floor":23,"key":"Bag of Preparation"},{"floor":26,"key":"Pen Nib"},{"floor":30,"key":"Red Skull"},{"floor":31,"key":"Red Mask"},{"floor":43,"key":"Vajra"}],"event_choices":[{"event_name":"Shining Light","player_choice":"Entered Light","floor":3,"damage_taken":0},{"event_name":"Wheel of Change","player_choice":"Relic","floor":4,"damage_taken":0},{"event_name":"Nest","player_choice":"Joined the Cult","floor":19,"damage_taken":0},{"event_name":"Beggar","player_choice":"Gave Gold","floor":20,"damage_taken":0},{"event_name":"Ghosts","player_choice":"Ignored","floor":22,"damage_taken":0},{"event_name":"The Library","player_choice":"Read","floor":24,"damage_taken":0},{"event_name":"The Lab","player_choice":"Got Potions","floor":27,"damage_taken":0},{"event_name":"Masked Bandits","player_choice":"Fought over 99 gold","floor":31,"damage_taken":0},{"event_name":"Golden Shrine","player_choice":"Desecrate","floor":37,"damage_taken":0},{"event_name":"SensoryStone","player_choice":"Memory 3","floor":38,"damage_taken":0},{"event_name":"Falling","player_choice":"Removed Power","floor":48,"damage_taken":0}],"is_beta":false,"boss_relics":[{"not_picked":["Snecko Eye","Philosopher\u0027s Stone"],"picked":"Velvet Choker"},{"not_picked":["Black Blood","Sozu"],"picked":"Busted Crown"}],"items_purged_floors":[7,10,21,44],"is_endless":false,"potions_floor_spawned":[1,2,12,28,31,35,41,47],"killed_by":"Awakened One","ascension_level":0}