{"gold_per_floor":[110,110,122,122,122,122,134,164,164,194,18,93,93,104,104,199,199,212,32,47,47,63,63,82,82,82,116,132,132,174,174,174,278,299,309,309,100,122,135,176,188,188,188,210,249,260,277,284,284,284,284,284,39,74,74],"floor_reached":56,"playtime":2835,"items_purged":["Strike_R","Strike_R","Twin Strike"],"score":1257,"play_id":"cf6c2d1c-c3cb-467c-9624-85b07ddeb3ae","local_time":"20190914111052","is_ascension_mode":false,"campfire_choices":[{"data":"Uppercut","floor":6,"key":"SMITH"},{"data":"True Grit","floor":15,"key":"SMITH"},{"data":"Metallicize","floor":23,"key":"SMITH"},{"data":"Rampage","floor":29,"key":"SMITH"},{"data":"Barricade","floor":32,"key":"SMITH"},{"data":"Disarm","floor":42,"key":"SMITH"},{"floor":49,"key":"RECALL"},{"data":"Brutality","floor":52,"key":"SMITH"}],"neow_cost":"NONE","seed_source_timestamp":144336035191800,"circlet_count":0,"master_deck":["Defend_R","Defend_R","Defend_R","Bash","Uppercut+1","Metallicize+1","Pommel Strike","True Grit+1","Bandage Up","Combust","Barricade+1","Iron Wave+1","Rampage+1","Body Slam+1","True Grit+1","Uppercut+1","Brutality+1","Reaper+1","Heavy Blade+1","Pommel Strike+1","Battle Trance","Disarm+1","Shrug It Off+1","Impervious","Headbutt+1","Rupture","Flash of Steel"],"relics":["Velvet Choker","Mercury Hourglass","Lizard Tail","Eternal Feather","The Courier","Gremlin Horn","SacredBark","Matryoshka","CeramicFish","Incense Burner","Art of War","Kunai","Astrolabe","PreservedInsect","Omamori","Meat on the Bone","TheAbacus","Akabeko","Bottled Lightning"],"potions_floor_usage":[22,27,33,44,45,47,54],"damage_taken":[{"damage":8,"enemies":"Small Slimes","floor":1,"turns":3},{"damage":0,"enemies":"Jaw Worm","floor":3,"turns":3},{"damage":0,"enemies":"2 Louse","floor":7,"turns":2},{"damage":5,"enemies":"Lagavulin","floor":8,"turns":5},{"damage":7,"enemies":"Gremlin Nob","floor":10,"turns":3},{"damage":0,"enemies":"Red Slaver","floor":14,"turns":4},{"damage":21,"enemies":"The Guardian","floor":16,"turns":11},{"damage":18,"enemies":"Chosen","floor":18,"turns":5},{"damage":5,"enemies":"Shell Parasite","floor":20,"turns":7},{"damage":16,"enemies":"Snake Plant","floor":22,"turns":3},{"damage":6,"enemies":"Cultist and Chosen","floor":24,"turns":7},{"damage":22,"enemies":"Slavers","floor":27,"turns":5},{"damage":0,"enemies":"Centurion and Healer","floor":28,"turns":6},{"damage":17,"enemies":"Book of Stabbing","floor":30,"turns":5},{"damage":3,"enemies":"Champ","floor":33,"turns":11},{"damage":2,"enemies":"3 Shapes","floor":35,"turns":4},{"damage":9,"enemies":"Orb Walker","floor":38,"turns":4},{"damage":4,"enemies":"4 Shapes","floor":39,"turns":5},{"damage":8,"enemies":"Nemesis","floor":40,"turns":9},{"damage":5,"enemies":"Spire Growth","floor":41,"turns":6},{"damage":5,"enemies":"Transient","floor":44,"turns":5},{"damage":19,"enemies":"Reptomancer","floor":45,"turns":5},{"damage":3,"enemies":"4 Shapes","floor":46,"turns":5},{"damage":3,"enemies":"Spire Growth","floor":47,"turns":5},{"damage":37,"enemies":"Awakened One","floor":50,"turns":10},{"damage":27,"enemies":"Shield and Spear","floor":54,"turns":6},{"damage":79,"enemies":"The Heart","floor":55,"turns":14}],"seed_played":"-2977906730948570036","potions_obtained":[{"floor":3,"key":"Weak Potion"},{"floor":16,"key":"Regen Potion"},{"floor":18,"key":"AttackPotion"},{"floor":22,"key":"Energy Potion"},{"floor":27,"key":"Explosive Potion"},{"floor":28,"key":"BloodPotion"},{"floor":35,"key":"Block Potion"},{"floor":40,"key":"Energy Potion"},{"floor":45,"key":"SkillPotion"}],"is_trial":false,"path_per_floor":["M","?","M","?","?","R","M","E","T","E","$","?","T","M","R","B",null,"M","$","M","T","M","R","M","?","T","E","M","R","E","?","R","B",null,"M","?","$","M","M","E","M","R","T","M","E","M","M","?","R","B",null,"R","$","E","B",null],"character_chosen":"IRONCLAD","items_purchased":["True Grit","Bandage Up","Rampage","PowerPotion","Battle Trance","Disarm","TheAbacus","Akabeko"],"campfire_rested":0,"item_purchase_floors":[11,11,19,19,37,37,53,53],"current_hp_per_floor":[72,65,65,58,58,58,58,53,53,46,46,35,35,39,48,31,80,66,66,65,65,53,62,60,60,60,42,46,55,42,42,54,80,80,79,76,76,75,75,68,74,76,76,75,59,66,67,57,72,53,76,76,76,65,45],"gold":74,"neow_bonus":"BOSS_RELIC","is_prod":false,"is_daily":false,"chose_seed":false,"campfire_upgraded":7,"win_rate":0,"timestamp":1568455852,"path_taken":["M","?","M","?","?","R","M","E","T","E","?","?","?","M","R","BOSS","M","$","M","?","M","R","M","?","T","E","M","R","E","?","R","BOSS","M","?","$","M","M","E","M","R","T","M","E","M","M","?","R","BOSS","R","$","E","BOSS"],"build_version":"2019-09-12","purchased_purges":3,"victory":true,"max_hp_per_floor":[80,80,80,80,80,80,80,80,80,80,80,80,80,80,80,80,80,80,80,80,80,80,80,80,80,80,80,80,80,80,80,80,80,80,80,76,76,76,76,76,76,76,76,76,76,76,76,76,76,76,76,76,76,76,76],"card_choices":[{"not_picked":["Flex","Warcry"],"picked":"Twin Strike","floor":1},{"not_picked":["Flex","True Grit"],"picked":"Uppercut","floor":3},{"not_picked":["Evolve","Spot Weakness"],"picked":"Metallicize","floor":7},{"not_picked":["Warcry","Shockwave"],"picked":"Pommel Strike","floor":8},{"not_picked":["Clothesline","Dark Embrace","Headbutt"],"picked":"SKIP","floor":10},{"not_picked":["True Grit","Twin Strike"],"picked":"Combust","floor":14},{"not_picked":["Double Tap","Brutality"],"picked":"Barricade","floor":16},{"not_picked":["Twin Strike","Searing Blow"],"picked":"Iron Wave+1","floor":18},{"not_picked":["Thunderclap","Carnage"],"picked":"Body Slam+1","floor":20},{"not_picked":["Pummel","Clash","Corruption"],"picked":"SKIP","floor":22},{"not_picked":["Twin Strike","Shrug It Off"],"picked":"True Grit+1","floor":24},{"not_picked":["Clothesline","Havoc","Double Tap"],"picked":"SKIP","floor":27},{"not_picked":["Iron Wave","Perfected Strike","Clothesline"],"picked":"SKIP","floor":28},{"not_picked":["Hemokinesis","Heavy Blade"],"picked":"Uppercut+1","floor":30},{"not_picked":["Reaper","Feed"],"picked":"Brutality","floor":33},{"not_picked":["Seeing Red","Heavy Blade+1","Fire Breathing"],"picked":"SKIP","floor":35},{"not_picked":["True Grit+1","Anger"],"picked":"Shrug It Off+1","floor":38},{"not_picked":["Rage","Perfected Strike+1","Uppercut"],"picked":"SKIP","floor":39},{"not_picked":["Sever Soul+1","Hemokinesis"],"picked":"Impervious","floor":40},{"not_picked":["Twin Strike","Uppercut+1","Shockwave"],"picked":"SKIP","floor":41},{"not_picked":["Pommel Strike","Anger"],"picked":"Headbutt+1","floor":44},{"not_picked":["Heavy Blade+1","Berserk"],"picked":"Rupture","floor":45},{"not_picked":["Pommel Strike+1","Flex","Body Slam+1"],"picked":"SKIP","floor":46},{"not_picked":["Burning Pact","Perfected Strike","Sentinel"],"picked":"SKIP","floor":47},{"not_picked":["Master of Strategy","The Bomb"],"picked":"Flash of Steel","floor":48},{"not_picked":["Heavy Blade","Searing Blow","Clash+1"],"picked":"SKIP","floor":54}],"player_experience":1481536,"relics_obtained":[{"floor":8,"key":"Lizard Tail"},{"floor":9,"key":"Eternal Feather"},{"floor":10,"key":"The Courier"},{"floor":13,"key":"Gremlin Horn"},{"floor":21,"key":"Matryoshka"},{"floor":26,"key":"CeramicFish"},{"floor":26,"key":"Incense Burner"},{"floor":27,"key":"Art of War"},{"floor":30,"key":"Kunai"},{"floor":40,"key":"PreservedInsect"},{"floor":43,"key":"Omamori"},{"floor":45,"key":"Meat on the Bone"},{"floor":54,"key":"Bottled Lightning"}],"event_choices":[{"cards_removed":["Strike_R"],"damage_healed":0,"gold_gain":0,"player_choice":"Card Removal","damage_taken":7,"max_hp_gain":0,"max_hp_loss":0,"event_name":"Golden Wing","floor":2,"gold_loss":0},{"damage_healed":0,"gold_gain":0,"player_choice":"Success","damage_taken":7,"relics_obtained":["Mercury Hourglass"],"max_hp_gain":0,"max_hp_loss":0,"event_name":"Scrap Ooze","floor":4,"gold_loss":0},{"damage_healed":0,"gold_gain":0,"player_choice":"Ignored","damage_taken":0,"max_hp_gain":0,"max_hp_loss":0,"event_name":"Liars Game","floor":5,"gold_loss":0},{"damage_healed":0,"gold_gain":75,"player_choice":"Gather Gold","damage_taken":11,"max_hp_gain":0,"max_hp_loss":0,"event_name":"World of Goop","floor":12,"gold_loss":0},{"damage_healed":0,"gold_gain":0,"player_choice":"Ignored","damage_taken":0,"max_hp_gain":0,"max_hp_loss":0,"event_name":"The Mausoleum","floor":31,"gold_loss":0},{"damage_healed":0,"gold_gain":0,"player_choice":"Max HP","damage_taken":0,"max_hp_gain":0,"max_hp_loss":4,"event_name":"Winding Halls","floor":36,"gold_loss":0},{"damage_healed":0,"gold_gain":0,"player_choice":"Memory 3","damage_taken":10,"max_hp_gain":0,"max_hp_loss":0,"event_name":"SensoryStone","floor":48,"gold_loss":0}],"is_beta":true,"boss_relics":[{"not_picked":["Calling Bell","Tiny House"],"picked":"SacredBark"},{"not_picked":["Snecko Eye","Pandora\u0027s Box"],"picked":"Astrolabe"}],"items_purged_floors":[11,19,37],"is_endless":false,"potions_floor_spawned":[3,16,18,22,27,28,35,39,40,45],"ascension_level":0}