{"gold_per_floor":[110,60,60,78,95,125,137,184,196,233,257,269,311,337,349,463,475,499,521,34,34,47,47,64,81,127,127],"floor_reached":27,"playtime":1243,"items_purged":["Defend_R"],"score":331,"play_id":"b19079c3-1519-432c-8349-f5e30f295523","local_time":"20191012154725","is_ascension_mode":true,"campfire_choices":[{"data":"Metallicize","floor":7,"key":"SMITH"},{"data":"Warcry","floor":15,"key":"SMITH"},{"data":"Barricade","floor":23,"key":"SMITH"}],"neow_cost":"NONE","seed_source_timestamp":528350513301200,"circlet_count":0,"master_deck":["Strike_R","Strike_R","Strike_R","Defend_R","Defend_R","Defend_R","Bash+1","Anger","Metallicize+1","Shrug It Off","Headbutt","Warcry+1","Ghostly Armor","Shrug It Off","Barricade+1","Intimidate+1","Flame Barrier","Uppercut","Fire Breathing","Wild Strike+1","Body Slam","Evolve+1"],"relics":["Burning Blood","CaptainsWheel","MawBank","InkBottle","Lizard Tail","Bottled Lightning","Mango","Vajra","Empty Cage","ClockworkSouvenir","Omamori"],"potions_floor_usage":[10,10,13,16,22,22],"damage_taken":[{"damage":13,"enemies":"Small Slimes","floor":1,"turns":5},{"damage":2,"enemies":"Jaw Worm","floor":4,"turns":3},{"damage":0,"enemies":"Cultist","floor":5,"turns":3},{"damage":13,"enemies":"Gremlin Nob","floor":6,"turns":4},{"damage":27,"enemies":"Lagavulin","floor":8,"turns":6},{"damage":17,"enemies":"3 Sentries","floor":10,"turns":6},{"damage":10,"enemies":"Exordium Wildlife","floor":11,"turns":3},{"damage":15,"enemies":"Gremlin Nob","floor":13,"turns":4},{"damage":3,"enemies":"3 Louse","floor":14,"turns":5},{"damage":53,"enemies":"The Guardian","floor":16,"turns":11},{"damage":55,"enemies":"3 Byrds","floor":18,"turns":10},{"damage":18,"enemies":"Spheric Guardian","floor":19,"turns":7},{"damage":23,"enemies":"Chosen and Byrds","floor":22,"turns":12},{"damage":24,"enemies":"Snake Plant","floor":24,"turns":8},{"damage":19,"enemies":"Centurion and Healer","floor":25,"turns":11},{"damage":55,"enemies":"Gremlin Leader","floor":27,"turns":8}],"seed_played":"7440046690140527124","potions_obtained":[{"floor":1,"key":"Regen Potion"},{"floor":6,"key":"Strength Potion"},{"floor":8,"key":"PowerPotion"},{"floor":13,"key":"SpeedPotion"},{"floor":24,"key":"SpeedPotion"}],"is_trial":false,"path_per_floor":["M","?","T","M","M","E","R","E","T","E","M","?","E","M","R","B",null,"M","M","$","?","M","R","M","M","T","E"],"character_chosen":"IRONCLAD","items_purchased":["BloodPotion","Regen Potion","Uppercut","ClockworkSouvenir","Fire Breathing"],"campfire_rested":0,"item_purchase_floors":[20,20,20,20,20],"current_hp_per_floor":[65,65,65,69,75,68,68,47,47,51,47,61,52,55,55,8,73,24,12,12,12,28,28,10,45,45,0],"gold":127,"neow_bonus":"UPGRADE_CARD","is_prod":false,"is_daily":false,"chose_seed":false,"campfire_upgraded":3,"win_rate":0,"timestamp":1570884445,"path_taken":["M","?","?","M","M","E","R","E","T","E","?","?","E","M","R","BOSS","M","M","$","?","M","R","M","M","T","E"],"build_version":"2019-10-11","purchased_purges":1,"victory":false,"max_hp_per_floor":[80,80,80,80,80,80,80,80,80,80,80,94,94,94,94,94,94,94,94,94,94,94,94,94,94,94,94],"card_choices":[{"not_picked":["Pummel","Armaments"],"picked":"Anger","floor":1},{"not_picked":["Entrench","Blood for Blood"],"picked":"Metallicize","floor":4},{"not_picked":["Havoc","Flame Barrier","Body Slam"],"picked":"SKIP","floor":5},{"not_picked":["Rupture","Clash","Heavy Blade"],"picked":"SKIP","floor":6},{"not_picked":["Sword Boomerang","Spot Weakness"],"picked":"Shrug It Off","floor":8},{"not_picked":["Second Wind","Flex"],"picked":"Headbutt","floor":10},{"not_picked":["Second Wind","Immolate"],"picked":"Warcry","floor":11},{"not_picked":["Pommel Strike","Blood for Blood"],"picked":"Ghostly Armor","floor":13},{"not_picked":["Heavy Blade","Anger"],"picked":"Shrug It Off","floor":14},{"not_picked":["Juggernaut","Double Tap"],"picked":"Barricade","floor":16},{"not_picked":["Shrug It Off","Clash"],"picked":"Intimidate+1","floor":18},{"not_picked":["Carnage","Shrug It Off"],"picked":"Flame Barrier","floor":19},{"not_picked":["Thunderclap","Anger"],"picked":"Wild Strike+1","floor":22},{"not_picked":["Sword Boomerang","Clothesline+1"],"picked":"Body Slam","floor":24},{"not_picked":["Infernal Blade+1","Limit Break"],"picked":"Evolve+1","floor":25}],"player_experience":376628,"relics_obtained":[{"floor":3,"key":"CaptainsWheel"},{"floor":6,"key":"MawBank"},{"floor":8,"key":"InkBottle"},{"floor":9,"key":"Lizard Tail"},{"floor":10,"key":"Bottled Lightning"},{"floor":13,"key":"Vajra"},{"floor":26,"key":"Omamori"}],"event_choices":[{"cards_removed":["Strike_R"],"damage_healed":0,"gold_gain":0,"player_choice":"Card Removal","damage_taken":0,"max_hp_gain":0,"max_hp_loss":0,"event_name":"The Cleric","floor":2,"gold_loss":50},{"damage_healed":0,"gold_gain":0,"player_choice":"Box","damage_taken":0,"relics_obtained":["Mango"],"max_hp_gain":0,"max_hp_loss":0,"event_name":"Big Fish","floor":12,"gold_loss":0,"cards_obtained":["Regret"]},{"damage_healed":0,"gold_gain":0,"player_choice":"Ignored","damage_taken":0,"max_hp_gain":0,"max_hp_loss":0,"event_name":"Vampires","floor":21,"gold_loss":0}],"is_beta":true,"boss_relics":[{"not_picked":["Runic Cube","Calling Bell"],"picked":"Empty Cage"}],"items_purged_floors":[20],"is_endless":false,"potions_floor_spawned":[1,6,8,13,24],"killed_by":"Gremlin Leader","ascension_level":7}