{"gold_per_floor":[116,116,116,136,154,180,190,223,223,286,286,286,305,323,323,427,477,447,458,132,132,132,132,148,179,233,233,262,273,273,298,298,393,393,412,422,422,440,440,475,521,567,640,655,672,692,227,262,262,262,262,262,14,48,48],"floor_reached":56,"playtime":5055,"items_purged":["Strike_G","Strike_G"],"score":1863,"play_id":"299fbe64-99c6-4809-bbc7-5a0ab7407100","local_time":"20191026160252","is_ascension_mode":true,"campfire_choices":[{"floor":12,"key":"REST"},{"data":"Heel Hook","floor":15,"key":"SMITH"},{"data":"Tools of the Trade","floor":23,"key":"SMITH"},{"floor":27,"key":"REST"},{"data":"Quick Slash","floor":30,"key":"SMITH"},{"data":"Tactician","floor":32,"key":"SMITH"},{"floor":49,"key":"RECALL"},{"data":"Reflex","floor":52,"key":"SMITH"}],"neow_cost":"NONE","seed_source_timestamp":766741840847600,"circlet_count":0,"master_deck":["AscendersBane","Strike_G+1","Defend_G","Defend_G","Defend_G","Defend_G+1","Defend_G","Survivor+1","Neutralize+1","Leg Sweep","Backstab","Endless Agony","Heel Hook+1","Well Laid Plans","Acrobatics","Tools of the Trade+1","Footwork","PiercingWail","Prepared","Tactician+1","Backflip","Dash","Quick Slash+1","Infinite Blades+1","Tools of the Trade","Acrobatics","Calculated Gamble+1","Slice","Night Terror","PiercingWail","Predator+1","Finisher","Reflex+1","Choke","Infinite Blades","Blade Dance+1","Noxious Fumes","Poisoned Stab","Crippling Poison"],"relics":["Ring of the Snake","NeowsBlessing","Happy Flower","Bronze Scales","Tough Bandages","Meat on the Bone","Tiny House","Kunai","The Specimen","Mercury Hourglass","Tiny Chest","Matryoshka","Ninja Scroll","Lizard Tail","Nunchaku","Boot","Vajra","Smiling Mask","Bottled Tornado","Shuriken","Snake Skull","Art of War","War Paint"],"potions_floor_usage":[6,16,16,33,54,54,55],"damage_taken":[{"damage":0,"enemies":"Small Slimes","floor":1,"turns":1},{"damage":0,"enemies":"Jaw Worm","floor":4,"turns":1},{"damage":0,"enemies":"Cultist","floor":5,"turns":1},{"damage":30,"enemies":"Gremlin Nob","floor":6,"turns":5},{"damage":0,"enemies":"Blue Slaver","floor":7,"turns":3},{"damage":20,"enemies":"Lagavulin","floor":8,"turns":11},{"damage":6,"enemies":"2 Fungi Beasts","floor":13,"turns":2},{"damage":0,"enemies":"Exordium Thugs","floor":14,"turns":5},{"damage":25,"enemies":"Slime Boss","floor":16,"turns":8},{"damage":15,"enemies":"2 Thieves","floor":18,"turns":5},{"damage":15,"enemies":"Chosen","floor":19,"turns":7},{"damage":2,"enemies":"Snake Plant","floor":24,"turns":6},{"damage":32,"enemies":"Slavers","floor":25,"turns":11},{"damage":0,"enemies":"Book of Stabbing","floor":28,"turns":6},{"damage":0,"enemies":"3 Cultists","floor":29,"turns":6},{"damage":1,"enemies":"Gremlin Leader","floor":31,"turns":8},{"damage":15,"enemies":"Collector","floor":33,"turns":15},{"damage":2,"enemies":"Orb Walker","floor":35,"turns":3},{"damage":0,"enemies":"3 Shapes","floor":36,"turns":4},{"damage":7,"enemies":"3 Darklings","floor":38,"turns":6},{"damage":21,"enemies":"Nemesis","floor":40,"turns":17},{"damage":7,"enemies":"Spire Growth","floor":44,"turns":5},{"damage":0,"enemies":"Sphere and 2 Shapes","floor":45,"turns":7},{"damage":0,"enemies":"Jaw Worm Horde","floor":46,"turns":4},{"damage":6,"enemies":"Reptomancer","floor":48,"turns":5},{"damage":38,"enemies":"Awakened One","floor":50,"turns":8},{"damage":48,"enemies":"Shield and Spear","floor":54,"turns":8},{"damage":16,"enemies":"The Heart","floor":55,"turns":11}],"seed_played":"-2549088106467248052","potions_obtained":[{"floor":4,"key":"SteroidPotion"},{"floor":6,"key":"PowerPotion"},{"floor":13,"key":"Fire Potion"},{"floor":16,"key":"Dexterity Potion"},{"floor":17,"key":"GhostInAJar"},{"floor":38,"key":"FearPotion"},{"floor":44,"key":"EssenceOfSteel"},{"floor":54,"key":"GhostInAJar"}],"is_trial":false,"path_per_floor":["M","?","?","M","M","E","M","E","T","?","?","R","M","M","R","B",null,"M","M","$","?","?","R","M","E","T","R","E","M","R","E","R","B",null,"M","M","?","M","?","E","T","T","T","M","M","M","$","E","R","B",null,"R","$","E","B",null],"character_chosen":"THE_SILENT","items_purchased":["Kunai","Shuriken","Reflex","Choke","Infinite Blades","Noxious Fumes","Art of War","Poisoned Stab"],"campfire_rested":2,"item_purchase_floors":[20,47,47,47,47,53,53,53],"current_hp_per_floor":[63,51,51,51,51,21,21,1,1,1,1,22,28,40,40,27,64,49,46,46,32,32,32,42,22,22,46,46,46,46,45,45,42,71,69,69,69,62,62,41,41,41,41,46,46,46,46,40,40,14,61,61,61,25,21],"gold":48,"neow_bonus":"THREE_ENEMY_KILL","is_prod":false,"is_daily":false,"chose_seed":false,"campfire_upgraded":5,"win_rate":0,"timestamp":1572130972,"path_taken":["M","?","?","?","M","E","M","E","T","?","?","R","M","M","R","BOSS","M","M","$","?","?","R","M","E","T","R","E","M","R","E","R","BOSS","M","M","?","?","?","E","?","?","T","M","M","M","$","E","R","BOSS","R","$","E","BOSS"],"build_version":"2019-07-17","purchased_purges":2,"victory":true,"max_hp_per_floor":[70,70,70,70,70,70,70,70,70,70,70,70,70,70,70,70,75,75,75,75,80,80,80,80,80,80,80,80,80,80,80,80,80,80,80,80,80,80,76,76,76,76,76,76,76,76,76,76,76,76,76,76,76,76,76],"card_choices":[{"not_picked":["Slice","Bane"],"picked":"Leg Sweep","floor":1},{"not_picked":["PiercingWail","Deflect"],"picked":"Backstab","floor":4},{"not_picked":["Setup","Poisoned Stab"],"picked":"Endless Agony","floor":5},{"not_picked":["Blur","Deadly Poison","Masterful Stab"],"picked":"SKIP","floor":6},{"not_picked":["Tactician","Deflect"],"picked":"Heel Hook","floor":7},{"not_picked":["All Out Attack","Envenom"],"picked":"Well Laid Plans","floor":8},{"not_picked":["Prepared","Slice","Endless Agony"],"picked":"SKIP","floor":13},{"not_picked":["Tactician","Infinite Blades"],"picked":"Acrobatics","floor":14},{"not_picked":["A Thousand Cuts","Adrenaline"],"picked":"Tools of the Trade","floor":16},{"not_picked":["Dagger Throw","Reflex"],"picked":"Footwork","floor":17},{"not_picked":["Escape Plan","Backflip"],"picked":"PiercingWail","floor":18},{"not_picked":["Dagger Spray","Backflip+1"],"picked":"Prepared","floor":19},{"not_picked":["Dash","Slice"],"picked":"Tactician","floor":24},{"not_picked":["Concentrate","Skewer"],"picked":"Backflip","floor":25},{"not_picked":["Sucker Punch","Deflect"],"picked":"Dash","floor":28},{"not_picked":["Flying Knee","Dodge and Roll"],"picked":"Quick Slash","floor":29},{"not_picked":["Predator","Prepared+1"],"picked":"Infinite Blades+1","floor":31},{"not_picked":["Glass Knife","Phantasmal Killer"],"picked":"Tools of the Trade","floor":33},{"not_picked":["PiercingWail","Outmaneuver"],"picked":"Acrobatics","floor":35},{"not_picked":["Dash","Dagger Throw"],"picked":"Calculated Gamble+1","floor":36},{"not_picked":["Sucker Punch","Quick Slash+1","Blade Dance"],"picked":"SKIP","floor":38},{"not_picked":["Endless Agony","Dagger Spray"],"picked":"Night Terror","floor":40},{"not_picked":["Flying Knee+1","Backflip"],"picked":"PiercingWail","floor":44},{"not_picked":["Backflip","Endless Agony+1"],"picked":"Predator+1","floor":45},{"not_picked":["Slice+1","Terror"],"picked":"Finisher","floor":46},{"not_picked":["Accuracy","Dagger Spray"],"picked":"Blade Dance+1","floor":48},{"not_picked":["Backflip","Bane"],"picked":"Crippling Poison","floor":54}],"player_experience":472171,"relics_obtained":[{"floor":6,"key":"Bronze Scales"},{"floor":8,"key":"Tough Bandages"},{"floor":9,"key":"Meat on the Bone"},{"floor":25,"key":"Mercury Hourglass"},{"floor":26,"key":"Tiny Chest"},{"floor":28,"key":"Matryoshka"},{"floor":31,"key":"Ninja Scroll"},{"floor":40,"key":"Nunchaku"},{"floor":41,"key":"Boot"},{"floor":42,"key":"Vajra"},{"floor":42,"key":"Smiling Mask"},{"floor":43,"key":"Bottled Tornado"},{"floor":48,"key":"Snake Skull"},{"floor":54,"key":"War Paint"}],"event_choices":[{"damage_healed":0,"gold_gain":0,"player_choice":"Success","damage_taken":12,"relics_obtained":["Happy Flower"],"max_hp_gain":0,"max_hp_loss":0,"event_name":"Scrap Ooze","floor":2,"gold_loss":0},{"damage_healed":0,"gold_gain":0,"player_choice":"Upgraded","damage_taken":0,"max_hp_gain":0,"max_hp_loss":0,"event_name":"Upgrade Shrine","floor":3,"gold_loss":0,"cards_upgraded":["Neutralize"]},{"damage_healed":0,"gold_gain":63,"player_choice":"Gained Gold","damage_taken":0,"max_hp_gain":0,"max_hp_loss":0,"event_name":"Golden Wing","floor":10,"gold_loss":0},{"cards_removed":["Strike_G"],"damage_healed":0,"gold_gain":0,"player_choice":"Purged","damage_taken":0,"max_hp_gain":0,"max_hp_loss":0,"event_name":"Purifier","floor":11,"gold_loss":0},{"damage_healed":0,"gold_gain":0,"player_choice":"Shed Blood","damage_taken":19,"max_hp_gain":5,"max_hp_loss":0,"event_name":"Forgotten Altar","floor":21,"gold_loss":0},{"damage_healed":0,"gold_gain":0,"player_choice":"Opened","damage_taken":0,"relics_obtained":["The Specimen"],"max_hp_gain":0,"max_hp_loss":0,"event_name":"The Mausoleum","floor":22,"gold_loss":0},{"damage_healed":0,"gold_gain":0,"cards_transformed":["Strike_G"],"player_choice":"Transformed","damage_taken":0,"max_hp_gain":0,"max_hp_loss":0,"event_name":"Transmorgrifier","floor":37,"gold_loss":0,"cards_obtained":["Slice"]},{"damage_healed":0,"gold_gain":0,"player_choice":"Max HP","damage_taken":0,"max_hp_gain":0,"max_hp_loss":4,"event_name":"Winding Halls","floor":39,"gold_loss":0}],"is_beta":false,"boss_relics":[{"not_picked":["Pandora\u0027s Box","Runic Dome"],"picked":"Tiny House"},{"not_picked":["Eternal Feather","White Beast Statue"],"picked":"Lizard Tail"}],"items_purged_floors":[20,47],"is_endless":false,"potions_floor_spawned":[4,6,13,16,25,28,31,38,40,44,48,54],"ascension_level":12}