{"gold_per_floor":[113,133,133,11,27,27,102,137,137,156,156,85,85,104,104,200,200,219,236,102,112,112,112,132,132,132,143,18,32,32,66,66,169,169,182,182,82,146,146,146,156,215,241,251,301,301],"floor_reached":46,"playtime":1933,"items_purged":["Regret","Defend_R","Strike_R+1","Strike_R+1"],"score":546,"play_id":"fdfb4290-be95-4744-9aa7-c0eebc782c83","local_time":"20180721234612","is_ascension_mode":true,"campfire_choices":[{"data":"Flex","floor":6.0,"key":"SMITH"},{"data":"Spot Weakness","floor":11.0,"key":"SMITH"},{"data":"Sword Boomerang","floor":15.0,"key":"SMITH"},{"data":"Limit Break","floor":23.0,"key":"SMITH"},{"floor":25.0,"key":"REST"},{"data":"Spot Weakness","floor":30.0,"key":"SMITH"},{"data":"Shrug It Off","floor":32.0,"key":"SMITH"},{"data":"Double Tap","floor":40.0,"key":"SMITH"}],"neow_cost":"NONE","seed_source_timestamp":0,"circlet_count":0,"master_deck":["Strike_R+1","Defend_R+1","Defend_R+1","Defend_R+1","Bash","Sword Boomerang","Flex+1","Sword Boomerang+1","Shrug It Off+1","Thunderclap","Shrug It Off","Spot Weakness+1","Rage","Power Through","Limit Break+1","Cleave","Power Through+1","Spot Weakness+1","Flex+1","Sever Soul","Bloodletting+1","Double Tap+1","Iron Wave+1","Bloodletting+1","Flame Barrier"],"special_seed":0,"relics":["Black Blood","Dead Branch","Question Card","Bottled Lightning","Sozu","Magic Flower","Peace Pipe","SsserpentHead","Tiny Chest","Orichalcum"],"potions_floor_usage":[],"damage_taken":[{"damage":1.0,"enemies":"Small Slimes","floor":1.0,"turns":3.0},{"damage":0.0,"enemies":"2 Louse","floor":2.0,"turns":2.0},{"damage":6.0,"enemies":"Jaw Worm","floor":5.0,"turns":2.0},{"damage":6.0,"enemies":"Gremlin Nob","floor":8.0,"turns":3.0},{"damage":18.0,"enemies":"Exordium Thugs","floor":10.0,"turns":5.0},{"damage":2.0,"enemies":"3 Louse","floor":14.0,"turns":2.0},{"damage":0.0,"enemies":"Slime Boss","floor":16.0,"turns":7.0},{"damage":22.0,"enemies":"2 Thieves","floor":18.0,"turns":3.0},{"damage":2.0,"enemies":"Chosen","floor":19.0,"turns":3.0},{"damage":23.0,"enemies":"Sentry and Sphere","floor":21.0,"turns":6.0},{"damage":30.0,"enemies":"Snecko","floor":24.0,"turns":5.0},{"damage":0.0,"enemies":"Cultist and Chosen","floor":27.0,"turns":6.0},{"damage":4.0,"enemies":"Snake Plant","floor":29.0,"turns":4.0},{"damage":19.0,"enemies":"Book of Stabbing","floor":31.0,"turns":4.0},{"damage":20.0,"enemies":"Champ","floor":33.0,"turns":8.0},{"damage":12.0,"enemies":"3 Darklings","floor":35.0,"turns":7.0},{"damage":22.0,"enemies":"3 Shapes","floor":38.0,"turns":2.0},{"damage":3.0,"enemies":"Sphere and 2 Shapes","floor":41.0,"turns":3.0},{"damage":45.0,"enemies":"Nemesis","floor":42.0,"turns":5.0},{"damage":39.0,"enemies":"4 Shapes","floor":44.0,"turns":4.0},{"damage":30,"enemies":"3 Darklings","floor":46,"turns":3}],"seed_played":"-5081618480782354097","potions_obtained":[{"floor":1.0,"key":"AttackPotion"},{"floor":5.0,"key":"Poison Potion"},{"floor":10.0,"key":"Poison Potion"}],"is_trial":false,"path_per_floor":["M","M","?","$","M","R","?","E","T","M","R","$","?","M","R","B",null,"M","M","$","M","?","R","M","R","T","M","$","M","R","E","R","B",null,"M","?","$","M","$","R","M","E","T","M","?"],"character_chosen":"IRONCLAD","items_purchased":["Shrug It Off","Rage","Spot Weakness"],"campfire_rested":1,"item_purchase_floors":[4,12,20],"current_hp_per_floor":[80,80,80,80,80,80,69,69,69,57,57,57,50,54,54,60,80,64,68,68,51,51,51,27,51,51,60,60,65,65,55,55,44,80,80,80,80,73,73,73,80,50,50,26,26,0],"gold":301,"neow_bonus":"TRANSFORM_CARD","is_prod":false,"is_daily":false,"chose_seed":false,"campfire_upgraded":7,"win_rate":0,"timestamp":1532205972,"path_taken":["M","M","?","?","M","R","?","E","T","M","R","$","?","?","R","BOSS","M","M","$","M","?","R","M","R","T","M","$","M","R","E","R","BOSS","M","?","?","?","$","R","M","E","T","M","?","M"],"build_version":"2018-07-19v2","purchased_purges":4,"victory":false,"max_hp_per_floor":[80,80,80,80,80,80,80,80,80,80,80,80,80,80,80,80,80,80,80,80,80,80,80,80,80,80,80,80,80,80,80,80,80,80,80,80,80,80,80,80,80,80,80,80,80,80],"card_choices":[{"not_picked":["Sever Soul","Havoc"],"picked":"Flex","floor":1.0},{"not_picked":["Body Slam","Clothesline"],"picked":"Sword Boomerang","floor":2.0},{"not_picked":["Flex","Feed"],"picked":"Thunderclap","floor":5.0},{"not_picked":["Havoc","Reckless Charge"],"picked":"Shrug It Off","floor":8.0},{"not_picked":["Bloodletting","Sword Boomerang","Cleave"],"picked":"Spot Weakness","floor":10.0},{"not_picked":["Wild Strike","Shockwave","Intimidate"],"picked":"Power Through","floor":14.0},{"not_picked":["Fiend Fire","Brutality","Offering"],"picked":"Limit Break","floor":16.0},{"not_picked":["Sword Boomerang","True Grit+1","Heavy Blade"],"picked":"Cleave","floor":18.0},{"not_picked":["Second Wind","Entrench+1","Twin Strike"],"picked":"Power Through+1","floor":19.0},{"not_picked":["Sword Boomerang","Body Slam","Evolve","Pommel Strike"],"picked":"SKIP","floor":21.0},{"not_picked":["Clash","Cleave","Disarm","Hemokinesis"],"picked":"SKIP","floor":24.0},{"not_picked":["Blood for Blood","Dropkick","True Grit"],"picked":"Flex+1","floor":27.0},{"not_picked":["Ghostly Armor","Fire Breathing","Perfected Strike"],"picked":"Sever Soul","floor":29.0},{"not_picked":["Thunderclap+1","Uppercut","Fire Breathing"],"picked":"Bloodletting+1","floor":31.0},{"not_picked":["Feed","Barricade","Immolate"],"picked":"Double Tap","floor":33.0},{"not_picked":["Wild Strike","Twin Strike+1","Pommel Strike"],"picked":"Headbutt","floor":35.0},{"not_picked":["Clash+1","Anger","Sword Boomerang"],"picked":"Iron Wave+1","floor":38.0},{"not_picked":["Havoc","Clash","Thunderclap+1","Pommel Strike"],"picked":"SKIP","floor":41.0},{"not_picked":["Shockwave+1","Cleave","Feed"],"picked":"Bloodletting+1","floor":42.0},{"not_picked":["Warcry","Clash+1","Body Slam"],"picked":"Flame Barrier","floor":44.0}],"player_experience":162042,"relics_obtained":[{"floor":8.0,"key":"Question Card"},{"floor":9.0,"key":"Bottled Lightning"},{"floor":26.0,"key":"Magic Flower"},{"floor":31.0,"key":"Peace Pipe"},{"floor":42.0,"key":"Tiny Chest"},{"floor":43.0,"key":"Orichalcum"}],"event_choices":[{"event_name":"Big Fish","player_choice":"Box","floor":3.0,"damage_taken":0.0},{"event_name":"World of Goop","player_choice":"Gather Gold","floor":7.0,"damage_taken":0.0},{"event_name":"Golden Wing","player_choice":"Card Removal","floor":13.0,"damage_taken":0.0},{"event_name":"Back to Basics","player_choice":"Simplicity","floor":22.0,"damage_taken":0.0},{"event_name":"FaceTrader","player_choice":"Trade","floor":36.0,"damage_taken":0.0},{"event_name":"Falling","player_choice":"Removed Attack","floor":45.0,"damage_taken":0.0}],"is_beta":false,"boss_relics":[{"not_picked":["Mark of Pain","Velvet Choker"],"picked":"Sozu"},{"not_picked":["Fusion Hammer","Pandora\u0027s Box"],"picked":"Black Blood"}],"items_purged_floors":[4,20,28,37],"is_endless":false,"potions_floor_spawned":[1,5,10,18,21,24,31,33,35,42],"killed_by":"3 Darklings","ascension_level":1}