{"gold_per_floor":[111,129,143,30,47,47,62,75,75,75,94,109,129,142,142,241,241,254,264,264,284,298,298,312,312,335,335,345,345],"floor_reached":29,"playtime":2079,"items_purged":["Strike_B"],"score":227,"play_id":"1038ca35-e4d9-4de1-b6dc-e301bfb3d485","local_time":"20190925011959","is_ascension_mode":false,"campfire_choices":[{"data":"Defragment","floor":6,"key":"SMITH"},{"data":"Defragment","floor":10,"key":"SMITH"},{"data":"Turbo","floor":15,"key":"SMITH"},{"data":"Reboot","floor":23,"key":"SMITH"},{"data":"Skim","floor":25,"key":"SMITH"}],"neow_cost":"PERCENT_DAMAGE","seed_source_timestamp":10491665745100,"circlet_count":0,"master_deck":["Strike_B","Defend_B","Defend_B","Defend_B","Defend_B","Zap","Dualcast","Defragment+1","Defragment+1","Conserve Battery","Self Repair","Turbo","Turbo+1","Conserve Battery","Reboot+1","Capacitor","Skim+1","Stack","Biased Cognition","Doom and Gloom+1","Conserve Battery","Darkness","Lockon+1","RitualDagger"],"relics":["Cracked Core"],"potions_floor_usage":[19,28,28],"damage_taken":[{"damage":3,"enemies":"2 Louse","floor":1,"turns":2},{"damage":1,"enemies":"Cultist","floor":2,"turns":3},{"damage":2,"enemies":"Small Slimes","floor":3,"turns":4},{"damage":5,"enemies":"Exordium Wildlife","floor":5,"turns":5},{"damage":12,"enemies":"Exordium Thugs","floor":7,"turns":7},{"damage":4,"enemies":"3 Louse","floor":8,"turns":4},{"damage":0,"enemies":"2 Fungi Beasts","floor":11,"turns":4},{"damage":10,"enemies":"Looter","floor":12,"turns":4},{"damage":4,"enemies":"Large Slime","floor":13,"turns":5},{"damage":1,"enemies":"2 Fungi Beasts","floor":14,"turns":5},{"damage":37,"enemies":"Slime Boss","floor":16,"turns":10},{"damage":11,"enemies":"Spheric Guardian","floor":18,"turns":4},{"damage":25,"enemies":"2 Thieves","floor":19,"turns":4},{"damage":22,"enemies":"Centurion and Healer","floor":21,"turns":10},{"damage":40,"enemies":"3 Cultists","floor":22,"turns":6},{"damage":6,"enemies":"Snake Plant","floor":24,"turns":3},{"damage":12,"enemies":"Centurion and Healer","floor":28,"turns":5},{"damage":11,"enemies":"Shelled Parasite and Fungi","floor":29,"turns":2}],"seed_played":"-3639759398168921531","potions_obtained":[{"floor":1,"key":"PowerPotion"},{"floor":3,"key":"LiquidBronze"},{"floor":8,"key":"SneckoOil"},{"floor":22,"key":"PowerPotion"},{"floor":28,"key":"Regen Potion"}],"is_trial":false,"path_per_floor":["M","M","M","$","M","R","M","M","T","R","M","M","M","M","R","B",null,"M","M","?","M","M","R","M","R","T","?","M","M"],"character_chosen":"DEFECT","items_purchased":["Self Repair"],"campfire_rested":0,"item_purchase_floors":[4],"current_hp_per_floor":[51,50,48,48,50,50,45,48,48,48,55,52,55,61,61,31,75,71,53,75,60,27,27,21,21,21,15,10,0],"gold":345,"neow_bonus":"REMOVE_TWO","is_prod":false,"is_daily":false,"chose_seed":false,"campfire_upgraded":5,"win_rate":0,"timestamp":1569367199,"path_taken":["M","M","M","$","M","R","M","M","T","R","M","M","M","M","R","BOSS","M","M","?","M","M","R","?","R","T","?","M","M"],"build_version":"2019-07-17","purchased_purges":1,"victory":false,"max_hp_per_floor":[75,75,75,75,75,75,75,75,75,75,75,75,75,75,75,75,75,75,75,75,75,75,75,75,75,75,75,75,75],"card_choices":[{"not_picked":["Coolheaded","Tempest"],"picked":"Defragment","floor":1},{"not_picked":["Beam Cell","Sweeping Beam"],"picked":"Defragment","floor":2},{"not_picked":["Auto Shields","Hologram"],"picked":"Conserve Battery","floor":3},{"not_picked":["Gash","Stack"],"picked":"Turbo","floor":5},{"not_picked":["Reprogram","Hologram"],"picked":"Turbo","floor":7},{"not_picked":["Redo","Rebound"],"picked":"Conserve Battery","floor":8},{"not_picked":["Hologram","Rebound"],"picked":"Reboot","floor":11},{"not_picked":["Stack","Ball Lightning"],"picked":"Capacitor","floor":12},{"not_picked":["Ball Lightning","Cold Snap"],"picked":"Skim","floor":13},{"not_picked":["Turbo","Leap"],"picked":"Stack","floor":14},{"not_picked":["Thunder Strike","All For One"],"picked":"Biased Cognition","floor":16},{"not_picked":["Barrage+1","Beam Cell+1"],"picked":"Doom and Gloom+1","floor":18},{"not_picked":["Compile Driver","Leap"],"picked":"Conserve Battery","floor":19},{"not_picked":["Hologram","Leap"],"picked":"Darkness","floor":21},{"not_picked":["Reprogram","Streamline+1"],"picked":"Lockon+1","floor":22},{"not_picked":["Sweeping Beam","Conserve Battery","Melter+1"],"picked":"SKIP","floor":24},{"not_picked":["Redo","Lockon","Barrage+1"],"picked":"SKIP","floor":28}],"player_experience":168172,"relics_obtained":[],"event_choices":[{"damage_healed":22,"gold_gain":0,"player_choice":"Full Heal","damage_taken":0,"max_hp_gain":0,"max_hp_loss":0,"event_name":"Wheel of Change","floor":20,"gold_loss":0},{"damage_healed":0,"gold_gain":0,"player_choice":"Joined the Cult","damage_taken":6,"max_hp_gain":0,"max_hp_loss":0,"event_name":"Nest","floor":27,"gold_loss":0,"cards_obtained":["RitualDagger"]}],"is_beta":false,"boss_relics":[{"not_picked":["Busted Crown","Eternal Feather","Lizard Tail"]}],"items_purged_floors":[4],"is_endless":false,"potions_floor_spawned":[1,3,8,14,16,22,24,28],"killed_by":"Shelled Parasite and Fungi","ascension_level":0}