{"gold_per_floor":[109,59,234,234,249,283,283,303,303,329,130,143,169,184,184,279,279,294,313,165,200,150,150,164,198,198,210,220,234,234,234,234,339,339,359,38,57,76,92,117,117,137,137,137,137,157,167,267,267,267],"floor_reached":51,"playtime":3766,"items_purged":["Strike_R","Strike_R","Strike_R"],"score":851,"play_id":"0ee97dd0-4c31-4013-a5fe-e93d12066abe","local_time":"20191005133111","is_ascension_mode":true,"campfire_choices":[{"data":"Bash","floor":7,"key":"SMITH"},{"data":"Inflame","floor":15,"key":"SMITH"},{"data":"Shockwave","floor":23,"key":"SMITH"},{"data":"Armaments","floor":30,"key":"SMITH"},{"data":"Flame Barrier","floor":32,"key":"SMITH"},{"data":"Inflame","floor":41,"key":"SMITH"},{"data":"Corruption","floor":44,"key":"SMITH"},{"data":"Havoc","floor":49,"key":"SMITH"}],"neow_cost":"NONE","seed_source_timestamp":1972040045459300,"circlet_count":0,"master_deck":["Defend_R","Defend_R","Defend_R","Defend_R","Bash+1","Twin Strike","Inflame+1","Flame Barrier+1","Anger","Havoc+1","Corruption+1","Reaper","Shockwave+1","Armaments+1","Shrug It Off","Heavy Blade+1","Exhume","Inflame+1","Wild Strike+1","Headbutt+1","Shrug It Off+1","Power Through+1"],"relics":["Burning Blood","Letter Opener","Bottled Lightning","Bag of Preparation","Vajra","Runic Pyramid","Red Mask","Blood Vial","Sundial","WingedGreaves","Empty Cage","Medical Kit","Bronze Scales","Regal Pillow","CaptainsWheel"],"potions_floor_usage":[6,16,16,16,18,24,25,33,33,42,50,50,50],"damage_taken":[{"damage":11,"enemies":"Cultist","floor":1,"turns":4},{"damage":7,"enemies":"Small Slimes","floor":5,"turns":4},{"damage":25,"enemies":"Lagavulin","floor":6,"turns":6},{"damage":2,"enemies":"Jaw Worm","floor":8,"turns":4},{"damage":3,"enemies":"Large Slime","floor":12,"turns":5},{"damage":20,"enemies":"Gremlin Nob","floor":13,"turns":4},{"damage":13,"enemies":"Exordium Thugs","floor":14,"turns":4},{"damage":37,"enemies":"Hexaghost","floor":16,"turns":7},{"damage":27,"enemies":"2 Thieves","floor":18,"turns":4},{"damage":10,"enemies":"Spheric Guardian","floor":19,"turns":4},{"damage":67,"enemies":"Masked Bandits","floor":21,"turns":6},{"damage":2,"enemies":"Shelled Parasite and Fungi","floor":24,"turns":4},{"damage":5,"enemies":"Book of Stabbing","floor":25,"turns":5},{"damage":0,"enemies":"Snecko","floor":27,"turns":3},{"damage":3,"enemies":"Chosen and Byrds","floor":28,"turns":6},{"damage":4,"enemies":"Centurion and Healer","floor":29,"turns":5},{"damage":35,"enemies":"Automaton","floor":33,"turns":8},{"damage":3,"enemies":"Orb Walker","floor":35,"turns":4},{"damage":3,"enemies":"3 Darklings","floor":37,"turns":5},{"damage":31,"enemies":"4 Shapes","floor":38,"turns":6},{"damage":0,"enemies":"Maw","floor":39,"turns":6},{"damage":24,"enemies":"Nemesis","floor":40,"turns":7},{"damage":6,"enemies":"Transient","floor":42,"turns":5},{"damage":30,"enemies":"Jaw Worm Horde","floor":46,"turns":6},{"damage":4,"enemies":"3 Darklings","floor":47,"turns":3},{"damage":0,"enemies":"Mind Bloom Boss Battle","floor":48,"turns":5},{"damage":66,"enemies":"Awakened One","floor":50,"turns":10}],"seed_played":"-4551471235601922888","potions_obtained":[{"floor":1,"key":"Dexterity Potion"},{"floor":13,"key":"AttackPotion"},{"floor":16,"key":"SteroidPotion"},{"floor":19,"key":"SpeedPotion"},{"floor":21,"key":"SpeedPotion"},{"floor":24,"key":"SpeedPotion"},{"floor":25,"key":"PowerPotion"},{"floor":28,"key":"Regen Potion"},{"floor":37,"key":"SneckoOil"},{"floor":38,"key":"BloodPotion"},{"floor":46,"key":"Energy Potion"}],"is_trial":false,"path_per_floor":["M","$","?","?","M","E","R","M","T","T","$","M","E","M","R","B",null,"M","M","$","?","?","R","M","E","T","M","M","M","R","T","R","B",null,"M","$","M","M","M","E","R","M","T","R","?","M","M","?","R","B",null],"character_chosen":"IRONCLAD","items_purchased":["Strength Potion","Anger","PowerPotion","SkillPotion","Armaments","Medical Kit","Strength Potion"],"campfire_rested":0,"item_purchase_floors":[2,11,11,11,20,36,36],"current_hp_per_floor":[83,83,83,83,82,63,63,67,67,67,67,70,56,49,49,18,71,75,79,79,26,26,26,30,37,37,45,50,66,66,66,66,44,77,82,82,87,63,81,65,65,88,88,88,88,80,88,88,88,43],"gold":267,"neow_bonus":"TEN_PERCENT_HP_BONUS","is_prod":false,"is_daily":false,"chose_seed":false,"campfire_upgraded":8,"win_rate":0,"timestamp":1570271471,"path_taken":["M","$","?","?","M","E","R","M","T","?","$","M","E","M","R","BOSS","M","M","$","?","?","R","M","E","T","M","?","M","R","?","R","BOSS","M","$","M","?","M","E","R","M","T","R","?","M","?","?","R","BOSS"],"build_version":"2019-10-04","purchased_purges":3,"victory":true,"max_hp_per_floor":[88,88,88,88,88,88,88,88,88,88,88,88,88,88,88,88,88,88,88,88,88,88,88,88,88,88,88,88,88,88,88,88,88,88,88,88,88,88,88,88,88,88,88,88,88,88,88,88,88,88],"card_choices":[{"not_picked":["Battle Trance","Armaments"],"picked":"Twin Strike","floor":1},{"not_picked":["Flex","Battle Trance"],"picked":"Inflame","floor":5},{"not_picked":["Pommel Strike","Perfected Strike"],"picked":"Flame Barrier","floor":6},{"not_picked":["Flex","Uppercut","Twin Strike"],"picked":"SKIP","floor":8},{"not_picked":["Juggernaut","Rupture","Burning Pact"],"picked":"SKIP","floor":12},{"not_picked":["Pummel","Clash"],"picked":"Havoc","floor":13},{"not_picked":["Metallicize","Body Slam"],"picked":"Corruption","floor":14},{"not_picked":["Demon Form","Brutality"],"picked":"Reaper","floor":16},{"not_picked":["Searing Blow","Wild Strike+1","Body Slam"],"picked":"SKIP","floor":18},{"not_picked":["Burning Pact","Dual Wield+1"],"picked":"Shockwave","floor":19},{"not_picked":["Immolate","Thunderclap"],"picked":"Dropkick","floor":24},{"not_picked":["Anger","Combust","Double Tap"],"picked":"SKIP","floor":25},{"not_picked":["True Grit","Anger"],"picked":"Shrug It Off","floor":27},{"not_picked":["Perfected Strike","Wild Strike"],"picked":"Heavy Blade+1","floor":28},{"not_picked":["Twin Strike","Burning Pact+1","Body Slam+1"],"picked":"SKIP","floor":29},{"not_picked":["Feed","Brutality"],"picked":"Exhume","floor":33},{"not_picked":["Havoc+1","Clothesline+1","Cleave+1"],"picked":"SKIP","floor":35},{"not_picked":["Heavy Blade+1","Hemokinesis+1"],"picked":"Inflame","floor":37},{"not_picked":["Cleave","Combust+1"],"picked":"Wild Strike+1","floor":38},{"not_picked":["Searing Blow+1","Battle Trance","Cleave+1"],"picked":"SKIP","floor":39},{"not_picked":["Burning Pact","Body Slam"],"picked":"Headbutt+1","floor":40},{"not_picked":["Dropkick+1","Iron Wave"],"picked":"Shrug It Off+1","floor":42},{"not_picked":["Evolve+1","Armaments+1","Fiend Fire"],"picked":"SKIP","floor":46},{"not_picked":["Dropkick","Combust","Infernal Blade+1"],"picked":"SKIP","floor":47},{"not_picked":["Dropkick","Infernal Blade"],"picked":"Power Through+1","floor":48}],"player_experience":365889,"relics_obtained":[{"floor":6,"key":"Letter Opener"},{"floor":9,"key":"Bottled Lightning"},{"floor":10,"key":"Bag of Preparation"},{"floor":13,"key":"Vajra"},{"floor":21,"key":"Red Mask"},{"floor":25,"key":"Blood Vial"},{"floor":26,"key":"Sundial"},{"floor":31,"key":"WingedGreaves"},{"floor":40,"key":"Bronze Scales"},{"floor":43,"key":"Regal Pillow"},{"floor":48,"key":"CaptainsWheel"}],"event_choices":[{"damage_healed":0,"gold_gain":175,"player_choice":"AGREE","damage_taken":0,"max_hp_gain":0,"max_hp_loss":0,"event_name":"Liars Game","floor":3,"gold_loss":0,"cards_obtained":["Doubt"]},{"cards_removed":["Doubt"],"damage_healed":0,"gold_gain":0,"player_choice":"Forget","damage_taken":0,"max_hp_gain":0,"max_hp_loss":0,"event_name":"Living Wall","floor":4,"gold_loss":0},{"damage_healed":0,"gold_gain":0,"player_choice":"Fought Bandits","damage_taken":0,"max_hp_gain":0,"max_hp_loss":0,"event_name":"Masked Bandits","floor":21,"gold_loss":0},{"damage_healed":0,"gold_gain":0,"player_choice":"Bet on Murderer","damage_taken":0,"max_hp_gain":0,"max_hp_loss":0,"event_name":"The Joust","floor":22,"gold_loss":50},{"cards_removed":["Dropkick"],"damage_healed":0,"gold_gain":0,"player_choice":"Offered Uncommon","damage_taken":0,"max_hp_gain":0,"max_hp_loss":0,"event_name":"Bonfire Elementals","floor":45,"gold_loss":0},{"damage_healed":0,"gold_gain":0,"player_choice":"Fight","damage_taken":0,"max_hp_gain":0,"max_hp_loss":0,"event_name":"MindBloom","floor":48,"gold_loss":0}],"is_beta":true,"boss_relics":[{"not_picked":["Fusion Hammer","SlaversCollar"],"picked":"Runic Pyramid"},{"not_picked":["Mark of Pain","Sozu"],"picked":"Empty Cage"}],"items_purged_floors":[11,20,36],"is_endless":false,"potions_floor_spawned":[1,12,13,16,19,21,24,25,28,37,38,39,46,47],"ascension_level":5}