{"gold_per_floor":[114,128,140,154,165,165,192,192,216,227,227,238,238,313,313,409,409,379,379,379],"floor_reached":20,"playtime":613,"items_purged":[],"score":263,"play_id":"bc869add-c369-49d8-98c9-03dc43a6c0de","local_time":"20191012172851","is_ascension_mode":true,"campfire_choices":[{"floor":6,"key":"REST"},{"data":"Bash","floor":8,"key":"SMITH"},{"floor":13,"key":"REST"},{"floor":15,"key":"REST"}],"neow_cost":"NONE","seed_source_timestamp":535065989000799,"circlet_count":0,"master_deck":["Defend_R","Defend_R","Defend_R","Defend_R","Bash+1","Rage+1","Shrug It Off","Headbutt","Fire Breathing","Disarm","Anger","Fiend Fire","Fiend Fire","CurseOfTheBell","Warcry","Bite","Bite","Bite","Bite","Bite"],"relics":["Burning Blood","Nunchaku","MealTicket","Calling Bell","Bag of Marbles","Dodecahedron","CaptainsWheel"],"potions_floor_usage":[4,7,12],"damage_taken":[{"damage":14,"enemies":"Cultist","floor":1,"turns":5},{"damage":31,"enemies":"Small Slimes","floor":2,"turns":5},{"damage":35,"enemies":"Jaw Worm","floor":3,"turns":6},{"damage":11,"enemies":"2 Fungi Beasts","floor":4,"turns":4},{"damage":3,"enemies":"Looter","floor":5,"turns":3},{"damage":25,"enemies":"Gremlin Nob","floor":7,"turns":4},{"damage":18,"enemies":"Exordium Thugs","floor":10,"turns":9},{"damage":7,"enemies":"Blue Slaver","floor":12,"turns":4},{"damage":34,"enemies":"Hexaghost","floor":16,"turns":12},{"damage":28,"enemies":"2 Thieves","floor":18,"turns":5},{"damage":57,"enemies":"Masked Bandits","floor":20,"turns":4}],"seed_played":"4290056724452005896","potions_obtained":[{"floor":1,"key":"Weak Potion"},{"floor":3,"key":"SpeedPotion"},{"floor":4,"key":"Fire Potion"},{"floor":10,"key":"FearPotion"}],"is_trial":false,"path_per_floor":["M","M","M","M","M","R","E","R","T","M","?","M","R","?","R","B",null,"M","?","?"],"character_chosen":"IRONCLAD","items_purchased":[],"campfire_rested":3,"item_purchase_floors":[],"current_hp_per_floor":[72,47,18,13,16,42,23,23,23,11,11,10,36,25,51,23,72,50,50,0],"gold":379,"neow_bonus":"TEN_PERCENT_HP_BONUS","is_prod":false,"is_daily":false,"chose_seed":false,"campfire_upgraded":1,"win_rate":0,"timestamp":1570890531,"path_taken":["M","M","M","?","?","R","E","R","T","M","?","?","R","?","R","BOSS","M","?","?"],"build_version":"2019-10-11","purchased_purges":0,"victory":false,"max_hp_per_floor":[88,88,88,88,88,88,88,88,88,88,88,88,88,88,88,88,88,88,61,61],"card_choices":[{"not_picked":["Dual Wield","Clash"],"picked":"Rage","floor":1},{"not_picked":["Searing Blow","Sentinel"],"picked":"Shrug It Off","floor":2},{"not_picked":["Warcry","Bloodletting"],"picked":"Headbutt","floor":3},{"not_picked":["Headbutt","Whirlwind","Rupture"],"picked":"SKIP","floor":4},{"not_picked":["Clash","Perfected Strike"],"picked":"Fire Breathing","floor":5},{"not_picked":["Entrench","True Grit"],"picked":"Disarm","floor":7},{"not_picked":["Searing Blow","True Grit"],"picked":"Anger","floor":10},{"not_picked":["Infernal Blade","Armaments"],"picked":"Fiend Fire","floor":12},{"not_picked":["Offering","Limit Break"],"picked":"Fiend Fire","floor":16},{"not_picked":["Perfected Strike","Intimidate"],"picked":"Warcry","floor":18}],"player_experience":382771,"relics_obtained":[{"floor":7,"key":"Nunchaku"},{"floor":9,"key":"MealTicket"},{"floor":17,"key":"Bag of Marbles"},{"floor":17,"key":"Dodecahedron"},{"floor":17,"key":"CaptainsWheel"}],"event_choices":[{"damage_healed":0,"gold_gain":0,"player_choice":"Forge","damage_taken":0,"max_hp_gain":0,"max_hp_loss":0,"event_name":"Accursed Blacksmith","floor":11,"gold_loss":0,"cards_upgraded":["Rage"]},{"damage_healed":0,"gold_gain":75,"player_choice":"Gather Gold","damage_taken":11,"max_hp_gain":0,"max_hp_loss":0,"event_name":"World of Goop","floor":14,"gold_loss":0},{"damage_healed":0,"gold_gain":0,"player_choice":"Became a vampire","damage_taken":0,"max_hp_gain":0,"max_hp_loss":27,"event_name":"Vampires","floor":19,"gold_loss":0,"cards_obtained":["Bite","Bite","Bite","Bite","Bite"]},{"damage_healed":0,"gold_gain":0,"player_choice":"Fought Bandits","damage_taken":0,"max_hp_gain":0,"max_hp_loss":0,"event_name":"Masked Bandits","floor":20,"gold_loss":0}],"is_beta":true,"boss_relics":[{"not_picked":["Black Blood","Coffee Dripper"],"picked":"Calling Bell"}],"items_purged_floors":[],"is_endless":false,"potions_floor_spawned":[1,3,4,10],"killed_by":"Masked Bandits","ascension_level":7}