{"gold_per_floor":[109,127,127,127,127,127,202,220,243,255,255,274,274,290,290,386,386,405,405,405,423,117,117,117,117,117,117,117,133,163,163,163,163],"floor_reached":33,"playtime":927,"items_purged":["Strike_R"],"score":303,"play_id":"14e427ba-5292-4b89-a790-f2085aaf5b64","local_time":"20191015194813","is_ascension_mode":false,"campfire_choices":[{"data":"Berserk","floor":11,"key":"SMITH"},{"data":"Corruption","floor":13,"key":"SMITH"},{"data":"Headbutt","floor":15,"key":"SMITH"},{"data":"Berserk","floor":23,"key":"SMITH"},{"data":"Evolve","floor":28,"key":"SMITH"},{"data":"Rage","floor":32,"key":"SMITH"}],"neow_cost":"NONE","seed_source_timestamp":802311639687800,"circlet_count":0,"master_deck":["Strike_R","Strike_R","Defend_R+1","Defend_R","Defend_R","Defend_R","Bash+1","Berserk+1","Dropkick","Clash","Iron Wave+1","Corruption+1","Clash","Headbutt+1","Berserk+1","Battle Trance","RitualDagger","Warcry+1","Rage","Intimidate","Rage+1","Warcry","Clash","Bloodletting","Evolve+1","Pommel Strike+1","Thunderclap"],"relics":["Burning Blood","Juzu Bracelet","Pantograph","Oddly Smooth Stone","Empty Cage","Turnip","Orrery","Bronze Scales","Blue Candle","Bag of Preparation"],"potions_floor_usage":[16],"damage_taken":[{"damage":0,"enemies":"Cultist","floor":1,"turns":4},{"damage":5,"enemies":"Small Slimes","floor":2,"turns":3},{"damage":0,"enemies":"Jaw Worm","floor":8,"turns":3},{"damage":22,"enemies":"3 Louse","floor":10,"turns":4},{"damage":5,"enemies":"Exordium Thugs","floor":12,"turns":4},{"damage":0,"enemies":"Exordium Wildlife","floor":14,"turns":3},{"damage":0,"enemies":"Slime Boss","floor":16,"turns":4},{"damage":15,"enemies":"2 Thieves","floor":18,"turns":4},{"damage":1,"enemies":"3 Byrds","floor":21,"turns":4},{"damage":12,"enemies":"Centurion and Healer","floor":29,"turns":6},{"damage":18,"enemies":"Slavers","floor":30,"turns":5},{"damage":62,"enemies":"Champ","floor":33,"turns":11}],"seed_played":"-6442113020502625713","potions_obtained":[{"floor":1,"key":"CultistPotion"},{"floor":8,"key":"Dexterity Potion"},{"floor":18,"key":"Energy Potion"},{"floor":30,"key":"Explosive Potion"}],"is_trial":false,"path_per_floor":["M","M","?","?","T","?","?","M","T","M","R","M","R","M","R","B",null,"M","?","T","M","$","R","?","?","T","?","R","M","E","?","R","B"],"character_chosen":"IRONCLAD","items_purchased":["Rage","Orrery"],"campfire_rested":0,"item_purchase_floors":[22,22],"current_hp_per_floor":[80,80,80,64,64,64,53,59,59,43,43,44,44,50,50,80,80,71,65,65,70,70,70,70,70,70,70,70,64,52,37,37,0],"gold":163,"neow_bonus":"ONE_RANDOM_RARE_CARD","is_prod":false,"is_daily":false,"chose_seed":false,"campfire_upgraded":6,"win_rate":0,"timestamp":1571158093,"path_taken":["M","M","?","?","?","?","?","M","T","M","R","M","R","M","R","BOSS","M","?","?","M","$","R","?","?","T","?","R","M","E","?","R","BOSS"],"build_version":"2019-10-14","purchased_purges":1,"victory":false,"max_hp_per_floor":[80,80,80,80,80,80,80,80,80,80,80,80,80,80,80,80,80,80,80,80,80,80,80,80,80,80,80,80,80,80,85,85,85],"card_choices":[{"not_picked":["Entrench","Shockwave"],"picked":"Dropkick","floor":1},{"not_picked":["Thunderclap","Perfected Strike"],"picked":"Clash","floor":2},{"not_picked":["Body Slam","Whirlwind","Sentinel"],"picked":"SKIP","floor":8},{"not_picked":["Bludgeon","Cleave"],"picked":"Corruption","floor":10},{"not_picked":["Sword Boomerang","Flex"],"picked":"Clash","floor":12},{"not_picked":["Perfected Strike","Wild Strike"],"picked":"Headbutt","floor":14},{"not_picked":["Limit Break","Exhume"],"picked":"Berserk","floor":16},{"not_picked":["Carnage","Blood for Blood"],"picked":"Battle Trance","floor":18},{"not_picked":["Sword Boomerang","Cleave+1"],"picked":"Warcry+1","floor":21},{"not_picked":["Entrench","Shrug It Off"],"picked":"Intimidate","floor":22},{"not_picked":["Blood for Blood","True Grit"],"picked":"Rage","floor":22},{"not_picked":["Impervious","Havoc"],"picked":"Warcry","floor":22},{"not_picked":["Entrench","Heavy Blade"],"picked":"Clash","floor":22},{"not_picked":["Cleave","Rupture"],"picked":"Bloodletting","floor":22},{"not_picked":["Flex","Sword Boomerang"],"picked":"Pommel Strike+1","floor":29},{"not_picked":["Sever Soul","True Grit"],"picked":"Thunderclap","floor":30}],"player_experience":400827,"relics_obtained":[{"floor":5,"key":"Pantograph"},{"floor":9,"key":"Oddly Smooth Stone"},{"floor":20,"key":"Turnip"},{"floor":26,"key":"Blue Candle"},{"floor":30,"key":"Bag of Preparation"}],"event_choices":[{"damage_healed":0,"gold_gain":0,"player_choice":"Box","damage_taken":0,"relics_obtained":["Juzu Bracelet"],"max_hp_gain":0,"max_hp_loss":0,"event_name":"Big Fish","floor":3,"gold_loss":0,"cards_obtained":["Regret"]},{"damage_healed":0,"gold_gain":0,"player_choice":"Entered Light","damage_taken":16,"max_hp_gain":0,"max_hp_loss":0,"event_name":"Shining Light","floor":4,"gold_loss":0,"cards_upgraded":["Bash","Defend_R"]},{"cards_removed":["Regret"],"damage_healed":0,"gold_gain":0,"player_choice":"Took Card","damage_taken":0,"max_hp_gain":0,"max_hp_loss":0,"event_name":"NoteForYourself","floor":6,"gold_loss":0,"cards_obtained":["Iron Wave"]},{"damage_healed":0,"gold_gain":75,"player_choice":"Gather Gold","damage_taken":11,"max_hp_gain":0,"max_hp_loss":0,"event_name":"World of Goop","floor":7,"gold_loss":0},{"damage_healed":0,"gold_gain":0,"player_choice":"Joined the Cult","damage_taken":6,"max_hp_gain":0,"max_hp_loss":0,"event_name":"Nest","floor":19,"gold_loss":0,"cards_obtained":["RitualDagger"]},{"damage_healed":0,"gold_gain":0,"player_choice":"Opened","damage_taken":0,"relics_obtained":["Bronze Scales"],"max_hp_gain":0,"max_hp_loss":0,"event_name":"The Mausoleum","floor":24,"gold_loss":0,"cards_obtained":["Writhe"]},{"cards_removed":["Writhe"],"damage_healed":0,"gold_gain":0,"player_choice":"Elegance","damage_taken":0,"max_hp_gain":0,"max_hp_loss":0,"event_name":"Back to Basics","floor":25,"gold_loss":0},{"damage_healed":0,"gold_gain":0,"player_choice":"Read","damage_taken":0,"max_hp_gain":0,"max_hp_loss":0,"event_name":"The Library","floor":27,"gold_loss":0,"cards_obtained":["Evolve"]},{"damage_healed":0,"gold_gain":0,"player_choice":"Shed Blood","damage_taken":20,"max_hp_gain":5,"max_hp_loss":0,"event_name":"Forgotten Altar","floor":31,"gold_loss":0}],"is_beta":true,"boss_relics":[{"not_picked":["Busted Crown","Runic Cube"],"picked":"Empty Cage"}],"items_purged_floors":[22],"is_endless":false,"potions_floor_spawned":[1,8,18,30],"killed_by":"Champ","ascension_level":0}