{"gold_per_floor":[115,125,137,22,22,50,50,69,69,69,69,20,48,62,62,157,157,176,251,28,48,59,59,85,96,96,116,127,5,33,33,33,130,130,143,163,163,163,175,204,204,214,238,238,28,44,44,78,78,78,78,78,5,30,30],"floor_reached":55,"playtime":2354,"items_purged":["Strike_G","Strike_G","Regret"],"score":852,"play_id":"a949918b-acfe-45f6-9cee-d92c97c1dd3f","local_time":"20191009193755","is_ascension_mode":false,"campfire_choices":[{"data":"Neutralize","floor":7,"key":"SMITH"},{"data":"Bouncing Flask","floor":11,"key":"SMITH"},{"floor":15,"key":"REST"},{"data":"Catalyst","floor":23,"key":"SMITH"},{"data":"Catalyst","floor":32,"key":"SMITH"},{"data":"Footwork","floor":41,"key":"SMITH"},{"floor":49,"key":"RECALL"},{"data":"Burst","floor":52,"key":"SMITH"}],"neow_cost":"NONE","seed_source_timestamp":467156601322700,"circlet_count":0,"master_deck":["Strike_G","Strike_G","Strike_G","Defend_G","Defend_G","Defend_G","Defend_G","Survivor","Neutralize+1","Bouncing Flask+1","Skewer","Cloak And Dagger","Catalyst+1","Footwork+1","Blur","Catalyst+1","Dagger Spray","Envenom+1","Dagger Spray+1","Noxious Fumes+1","Noxious Fumes+1","Tactician+1","Cloak And Dagger+1","Acrobatics","Burst+1","Cloak And Dagger+1","Well Laid Plans+1","Dash+1","Footwork+1","Dodge and Roll","Parasite","Deadly Poison+1","Flash of Steel","Blind","Impatience","Blur+1","Expertise"],"relics":["Ring of the Snake","Akabeko","Potion Belt","Frozen Egg 2","Mercury Hourglass","SacredBark","Happy Flower","Pen Nib","MealTicket","Cursed Key","Strawberry","Kunai","The Specimen"],"potions_floor_usage":[6,13,16,21,28,30,30,33,35,42,54,54,55],"damage_taken":[{"damage":0,"enemies":"Cultist","floor":1,"turns":3},{"damage":0,"enemies":"Small Slimes","floor":2,"turns":4},{"damage":0,"enemies":"2 Louse","floor":3,"turns":2},{"damage":19,"enemies":"Gremlin Nob","floor":6,"turns":4},{"damage":0,"enemies":"2 Fungi Beasts","floor":8,"turns":3},{"damage":13,"enemies":"3 Sentries","floor":13,"turns":8},{"damage":5,"enemies":"Red Slaver","floor":14,"turns":2},{"damage":21,"enemies":"Slime Boss","floor":16,"turns":11},{"damage":4,"enemies":"Chosen","floor":18,"turns":4},{"damage":0,"enemies":"3 Byrds","floor":21,"turns":3},{"damage":8,"enemies":"Shelled Parasite and Fungi","floor":22,"turns":6},{"damage":12,"enemies":"Gremlin Leader","floor":24,"turns":5},{"damage":13,"enemies":"Snake Plant","floor":25,"turns":4},{"damage":12,"enemies":"Snecko","floor":27,"turns":5},{"damage":0,"enemies":"Chosen and Byrds","floor":28,"turns":4},{"damage":0,"enemies":"Slavers","floor":30,"turns":2},{"damage":4,"enemies":"Automaton","floor":33,"turns":5},{"damage":5,"enemies":"3 Darklings","floor":35,"turns":4},{"damage":0,"enemies":"3 Shapes","floor":36,"turns":5},{"damage":0,"enemies":"Jaw Worm Horde","floor":39,"turns":3},{"damage":19,"enemies":"Nemesis","floor":40,"turns":5},{"damage":14,"enemies":"3 Darklings","floor":42,"turns":4},{"damage":0,"enemies":"Writhing Mass","floor":46,"turns":5},{"damage":0,"enemies":"Giant Head","floor":48,"turns":6},{"damage":38,"enemies":"Donu and Deca","floor":50,"turns":9},{"damage":24,"enemies":"Shield and Spear","floor":54,"turns":5},{"damage":76,"enemies":"The Heart","floor":55,"turns":3}],"seed_played":"7018103413832673293","potions_obtained":[{"floor":1,"key":"FearPotion"},{"floor":8,"key":"Strength Potion"},{"floor":13,"key":"SpeedPotion"},{"floor":18,"key":"AttackPotion"},{"floor":25,"key":"Block Potion"},{"floor":27,"key":"Strength Potion"},{"floor":35,"key":"Dexterity Potion"},{"floor":36,"key":"Explosive Potion"},{"floor":46,"key":"FearPotion"}],"is_trial":false,"path_per_floor":["M","M","M","$","?","E","R","M","T","?","R","$","E","M","R","B",null,"M","?","$","M","M","R","E","M","T","M","M","$","E","?","R","B",null,"M","M","?","?","M","E","R","M","T","?","$","M","?","E","R","B",null,"R","$","E","B"],"character_chosen":"THE_SILENT","items_purchased":["Footwork","Block Potion","Noxious Fumes+1","Poison Potion","EssenceOfSteel","Energy Potion","Footwork+1","Dodge and Roll","LiquidBronze"],"campfire_rested":1,"item_purchase_floors":[4,12,20,20,29,29,45,45,53],"current_hp_per_floor":[70,70,70,70,63,44,44,44,44,32,32,32,19,14,35,14,70,66,59,59,59,51,51,39,26,26,14,14,14,14,70,70,66,70,65,65,65,65,65,53,53,39,39,73,73,73,63,63,63,25,73,73,73,49,0],"gold":30,"neow_bonus":"TRANSFORM_CARD","is_prod":false,"is_daily":false,"chose_seed":false,"campfire_upgraded":6,"win_rate":0,"timestamp":1570646275,"path_taken":["M","M","M","?","?","E","R","?","T","?","R","$","E","M","R","BOSS","M","?","$","?","M","R","E","M","T","M","M","?","E","?","R","BOSS","M","?","?","?","M","E","R","?","T","?","$","?","?","E","R","BOSS","R","$","E","BOSS"],"build_version":"2019-10-08","purchased_purges":3,"victory":false,"max_hp_per_floor":[70,70,70,70,70,70,70,70,70,70,70,70,70,70,70,70,70,70,70,70,70,70,70,70,70,70,70,70,70,70,70,70,70,70,70,70,66,66,66,73,73,73,73,73,73,73,73,73,73,73,73,73,73,73,73],"card_choices":[{"not_picked":["Finisher","Reflex"],"picked":"Skewer","floor":1},{"not_picked":["Eviscerate","Poisoned Stab"],"picked":"Cloak And Dagger","floor":2},{"not_picked":["Poisoned Stab","Skewer"],"picked":"Catalyst","floor":3},{"not_picked":["Cloak And Dagger","Dagger Throw"],"picked":"Blur","floor":6},{"not_picked":["Tactician","Blade Dance"],"picked":"Catalyst","floor":8},{"not_picked":["Dagger Throw","Cloak And Dagger"],"picked":"Escape Plan","floor":13},{"not_picked":["Reflex","Slice"],"picked":"Dagger Spray","floor":14},{"not_picked":["Venomology","Grand Finale"],"picked":"Envenom+1","floor":16},{"not_picked":["Masterful Stab","Acrobatics"],"picked":"Dagger Spray+1","floor":18},{"not_picked":["Blade Dance","Crippling Poison"],"picked":"Noxious Fumes+1","floor":21},{"not_picked":["Reflex+1","Skewer","Poisoned Stab"],"picked":"SKIP","floor":22},{"not_picked":["Concentrate","Backstab"],"picked":"Tactician+1","floor":24},{"not_picked":["Terror","Flechettes","Predator"],"picked":"SKIP","floor":25},{"not_picked":["Underhanded Strike+1","Dash+1"],"picked":"Cloak And Dagger+1","floor":27},{"not_picked":["Dagger Spray","Underhanded Strike","All Out Attack+1"],"picked":"SKIP","floor":28},{"not_picked":["Prepared","Die Die Die"],"picked":"Acrobatics","floor":30},{"not_picked":["Bullet Time","Doppelganger"],"picked":"Burst","floor":33},{"not_picked":["Blade Dance","Leg Sweep"],"picked":"Cloak And Dagger+1","floor":35},{"not_picked":["Prepared","Blade Dance+1"],"picked":"Well Laid Plans+1","floor":36},{"not_picked":["Quick Slash+1","Dagger Spray+1","Caltrops+1"],"picked":"SKIP","floor":39},{"not_picked":["Deadly Poison","Sucker Punch","Dagger Spray+1"],"picked":"SKIP","floor":40},{"not_picked":["Finisher","Setup+1"],"picked":"Dash+1","floor":42},{"not_picked":["Accuracy+1","Die Die Die"],"picked":"Deadly Poison+1","floor":46},{"not_picked":["Trip","Finesse"],"picked":"Flash of Steel","floor":47},{"not_picked":["Purity","PanicButton"],"picked":"Blind","floor":47},{"not_picked":["Blind","Secret Technique"],"picked":"Impatience","floor":47},{"not_picked":["Dodge and Roll+1","Flying Knee"],"picked":"Blur+1","floor":48},{"not_picked":["Burst","Dash"],"picked":"Expertise","floor":54}],"player_experience":1627351,"relics_obtained":[{"floor":6,"key":"Akabeko"},{"floor":9,"key":"Potion Belt"},{"floor":13,"key":"Mercury Hourglass"},{"floor":24,"key":"Happy Flower"},{"floor":26,"key":"Pen Nib"},{"floor":30,"key":"MealTicket"},{"floor":40,"key":"Strawberry"},{"floor":48,"key":"Kunai"},{"floor":54,"key":"The Specimen"}],"event_choices":[{"damage_healed":0,"gold_gain":0,"player_choice":"Damaged","damage_taken":7,"max_hp_gain":0,"max_hp_loss":0,"event_name":"Wheel of Change","floor":5,"gold_loss":0},{"damage_healed":0,"gold_gain":0,"player_choice":"Success","damage_taken":12,"relics_obtained":["Frozen Egg 2"],"max_hp_gain":0,"max_hp_loss":0,"event_name":"Scrap Ooze","floor":10,"gold_loss":0},{"damage_healed":0,"gold_gain":75,"player_choice":"Touch","damage_taken":7,"max_hp_gain":0,"max_hp_loss":0,"event_name":"FaceTrader","floor":19,"gold_loss":0},{"cards_removed":["Escape Plan"],"damage_healed":56,"gold_gain":0,"player_choice":"Offered Uncommon","damage_taken":0,"max_hp_gain":0,"max_hp_loss":0,"event_name":"Bonfire Elementals","floor":31,"gold_loss":0},{"damage_healed":0,"gold_gain":0,"player_choice":"Max HP","damage_taken":0,"max_hp_gain":0,"max_hp_loss":4,"event_name":"Winding Halls","floor":37,"gold_loss":0},{"damage_healed":0,"gold_gain":0,"player_choice":"0 cards matched","damage_taken":0,"max_hp_gain":0,"max_hp_loss":0,"event_name":"Match and Keep!","floor":38,"gold_loss":0,"cards_obtained":[]},{"damage_healed":34,"gold_gain":0,"player_choice":"Full Heal","damage_taken":0,"max_hp_gain":0,"max_hp_loss":0,"event_name":"Wheel of Change","floor":44,"gold_loss":0},{"damage_healed":0,"gold_gain":0,"player_choice":"Memory 3","damage_taken":10,"max_hp_gain":0,"max_hp_loss":0,"event_name":"SensoryStone","floor":47,"gold_loss":0}],"is_beta":true,"boss_relics":[{"not_picked":["Fusion Hammer","Coffee Dripper"],"picked":"SacredBark"},{"not_picked":["Philosopher\u0027s Stone","SlaversCollar"],"picked":"Cursed Key"}],"items_purged_floors":[4,20,45],"is_endless":false,"potions_floor_spawned":[1,8,13,18,25,27,35,36,46],"killed_by":"The Heart","ascension_level":0}