{"gold_per_floor":[115,69,85,85,103,103,119,147,147,147,173,173,186,186,186,285,285,302,212,63,74,86,86,99,117,117,128,128,147,147,179,179,179],"floor_reached":33,"playtime":2248,"items_purged":["Strike_R"],"score":455,"play_id":"f8c21ef4-910a-49d1-addf-58295f1acb3c","local_time":"20191017222655","is_ascension_mode":true,"campfire_choices":[{"data":"Bash","floor":6.0,"key":"SMITH"},{"data":"Pommel Strike","floor":10.0,"key":"SMITH"},{"data":"Anger","floor":12.0,"key":"SMITH"},{"data":"Hemokinesis","floor":15.0,"key":"SMITH"},{"data":"Limit Break","floor":23.0,"key":"SMITH"},{"floor":28.0,"key":"REST"},{"data":"Heavy Blade","floor":30.0,"key":"SMITH"},{"floor":32.0,"key":"REST"}],"neow_cost":"PERCENT_DAMAGE","seed_source_timestamp":0,"circlet_count":0,"master_deck":["Strike_R","Defend_R","Defend_R","Defend_R","Defend_R","Bash+1","Pommel Strike+1","Anger+1","Dual Wield","Headbutt","Shrug It Off","Shrug It Off","Demon Form+1","Hemokinesis+1","Limit Break+1","Pummel","Flame Barrier","Battle Trance","Headbutt+1","Shockwave+1","Ghostly Armor","Impervious","Heavy Blade+1","Cleave+1"],"special_seed":0,"relics":["Burning Blood","Mercury Hourglass","Pear","Question Card","Bottled Flame","Empty Cage","Bronze Scales"],"potions_floor_usage":[33],"damage_taken":[{"damage":1.0,"enemies":"Cultist","floor":1.0,"turns":4.0},{"damage":0.0,"enemies":"Jaw Worm","floor":3.0,"turns":3.0},{"damage":0.0,"enemies":"Small Slimes","floor":5.0,"turns":3.0},{"damage":7.0,"enemies":"Looter","floor":7.0,"turns":3.0},{"damage":34.0,"enemies":"3 Sentries","floor":8.0,"turns":10.0},{"damage":24.0,"enemies":"Gremlin Nob","floor":11.0,"turns":4.0},{"damage":8.0,"enemies":"Blue Slaver","floor":13.0,"turns":3.0},{"damage":26.0,"enemies":"Hexaghost","floor":16.0,"turns":7.0},{"damage":20.0,"enemies":"2 Thieves","floor":18.0,"turns":4.0},{"damage":17.0,"enemies":"Spheric Guardian","floor":21.0,"turns":4.0},{"damage":34.0,"enemies":"Shelled Parasite and Fungi","floor":22.0,"turns":7.0},{"damage":27.0,"enemies":"Centurion and Healer","floor":24.0,"turns":5.0},{"damage":11.0,"enemies":"Sentry and Sphere","floor":25.0,"turns":5.0},{"damage":11.0,"enemies":"Shelled Parasite and Fungi","floor":27.0,"turns":9.0},{"damage":19.0,"enemies":"Centurion and Healer","floor":29.0,"turns":6.0},{"damage":39.0,"enemies":"Slavers","floor":31.0,"turns":7.0},{"damage":42,"enemies":"Collector","floor":33,"turns":7}],"seed_played":"-5887535975964093911","potions_obtained":[{"floor":1.0,"key":"Weak Potion"},{"floor":8.0,"key":"GamblersBrew"},{"floor":11.0,"key":"Block Potion"},{"floor":18.0,"key":"Poison Potion"},{"floor":27.0,"key":"Regen Potion"},{"floor":31.0,"key":"SpeedPotion"}],"is_trial":false,"path_per_floor":["M","$","M","?","M","R","M","E","T","R","E","R","M","T","R","B",null,"M","?","$","M","M","R","M","M","T","M","R","M","R","E","R","B"],"character_chosen":"IRONCLAD","items_purchased":["Anger","Flame Barrier"],"campfire_rested":2,"item_purchase_floors":[2,20],"current_hp_per_floor":[72,72,78,83,89,89,88,60,70,70,52,52,50,50,50,30,91,77,77,77,66,38,38,17,12,12,7,40,42,42,9,42,0],"gold":179,"neow_bonus":"TWENTY_PERCENT_HP_BONUS","is_prod":false,"is_daily":false,"chose_seed":false,"campfire_upgraded":6,"win_rate":0,"timestamp":1571376415,"path_taken":["M","?","M","?","M","R","M","E","T","R","E","R","M","?","R","BOSS","M","?","$","M","M","R","M","M","T","?","R","M","R","E","R","BOSS"],"build_version":"2019-07-17","purchased_purges":1,"victory":false,"max_hp_per_floor":[96,96,96,101,101,101,101,101,111,111,111,111,111,111,111,111,111,111,111,111,111,111,111,111,111,111,111,111,111,111,111,111,111],"card_choices":[{"not_picked":["Bloodletting","Heavy Blade"],"picked":"Pommel Strike","floor":1.0},{"not_picked":["Twin Strike","Combust"],"picked":"Dual Wield","floor":3.0},{"not_picked":["Burning Pact","Blood for Blood"],"picked":"Headbutt","floor":5.0},{"not_picked":["Thunderclap","True Grit"],"picked":"Shrug It Off","floor":7.0},{"not_picked":["Anger","Sentinel"],"picked":"Shrug It Off","floor":8.0},{"not_picked":["Cleave","Shrug It Off"],"picked":"Demon Form","floor":11.0},{"not_picked":["Perfected Strike","Wild Strike","Headbutt"],"picked":"Hemokinesis","floor":13.0},{"not_picked":["Offering","Feed","Impervious"],"picked":"Limit Break","floor":16.0},{"not_picked":["Thunderclap+1","Cleave","Sword Boomerang"],"picked":"Pummel","floor":18.0},{"not_picked":["Headbutt+1","Metallicize","Shrug It Off+1"],"picked":"Battle Trance","floor":21.0},{"not_picked":["Body Slam","Perfected Strike","Bludgeon"],"picked":"Headbutt+1","floor":22.0},{"not_picked":["Pommel Strike","Armaments+1","Heavy Blade"],"picked":"Shockwave+1","floor":24.0},{"not_picked":["Fire Breathing","Pommel Strike","Wild Strike"],"picked":"Ghostly Armor","floor":25.0},{"not_picked":["Flex","Pommel Strike+1","Headbutt+1"],"picked":"Impervious","floor":27.0},{"not_picked":["Shrug It Off+1","Rampage","Carnage"],"picked":"Heavy Blade","floor":29.0},{"not_picked":["Heavy Blade+1","Pommel Strike","Immolate"],"picked":"Cleave+1","floor":31.0}],"player_experience":366454,"relics_obtained":[{"floor":8.0,"key":"Mercury Hourglass"},{"floor":9.0,"key":"Pear"},{"floor":11.0,"key":"Question Card"},{"floor":14.0,"key":"Bottled Flame"},{"floor":31.0,"key":"Bronze Scales"}],"event_choices":[{"damage_healed":0.0,"max_hp_gain":5.0,"max_hp_loss":0.0,"gold_gain":0.0,"event_name":"Big Fish","player_choice":"Donut","floor":4.0,"gold_loss":0.0,"damage_taken":0.0},{"cards_removed":["Strike_R"],"damage_healed":0.0,"max_hp_gain":0.0,"max_hp_loss":0.0,"gold_gain":0.0,"event_name":"Designer","player_choice":"Upgrade and Remove","floor":19.0,"gold_loss":90.0,"damage_taken":0.0,"cards_upgraded":["Demon Form"]}],"is_beta":false,"boss_relics":[{"not_picked":["Eternal Feather","Lizard Tail"],"picked":"Empty Cage"}],"items_purged_floors":[20],"is_endless":false,"potions_floor_spawned":[1,8,11,18,27,31],"killed_by":"Collector","ascension_level":9}