{"gold_per_floor":[118,135,148,162,127,157,168,33,33,33,68,80,98,117,117,222,272,283,303,303,303,315,315,315,341,341,341,41,61,61,73,73,176,176,195,212,232,332,332,332,362,48,74,86,98,114,114,114,114,114],"floor_reached":51,"playtime":7834,"items_purged":[],"score":763,"play_id":"a5c48b55-59d0-463b-a8e5-ce77d4d246f4","local_time":"20190913230310","is_ascension_mode":false,"campfire_choices":[{"data":"Infinite Blades","floor":10.0,"key":"SMITH"},{"data":"After Image","floor":15.0,"key":"SMITH"},{"data":"A Thousand Cuts","floor":23.0,"key":"SMITH"},{"data":"Blade Dance","floor":27.0,"key":"SMITH"},{"data":"Tactician","floor":32,"key":"SMITH"},{"data":"Blade Dance","floor":40,"key":"SMITH"},{"floor":47,"key":"REST"},{"data":"Tactician","floor":49,"key":"SMITH"}],"neow_cost":"PERCENT_DAMAGE","seed_source_timestamp":0,"circlet_count":0,"master_deck":["Strike_G+1","Strike_G+1","Strike_G+1","Strike_G+1","Strike_G+1","Defend_G+1","Defend_G+1","Defend_G+1","Defend_G+1","Defend_G+1","Survivor+1","Neutralize","Blade Dance+1","Dagger Throw","Dodge and Roll","Bouncing Flask","Outmaneuver+1","Infinite Blades+1","After Image+1","Calculated Gamble+1","Poisoned Stab","Deflect","Tactician+1","A Thousand Cuts+1","Blade Dance+1","Underhanded Strike","Dodge and Roll+1","Noxious Fumes","Acrobatics","Slice","Infinite Blades","After Image+1","Calculated Gamble+1","Outmaneuver+1","Slice+1","Envenom+1","Distraction+1","Endless Agony+1","Deflect","Finisher+1","Crippling Poison+1","Caltrops","PiercingWail+1","Tactician+1","Prepared+1"],"special_seed":0,"relics":["Ring of the Snake","Thread and Needle","Blood Vial","Unceasing Top","Pocketwatch","Tiny House","Ornamental Fan","Kunai","DollysMirror","Runic Pyramid","FossilizedHelix","Gremlin Horn","War Paint","Orichalcum"],"potions_floor_usage":[33,35,41,41,45,45,50],"damage_taken":[{"damage":0.0,"enemies":"Cultist","floor":1.0,"turns":3.0},{"damage":0.0,"enemies":"Jaw Worm","floor":2.0,"turns":4.0},{"damage":0.0,"enemies":"2 Louse","floor":3.0,"turns":3.0},{"damage":0.0,"enemies":"2 Fungi Beasts","floor":4.0,"turns":5.0},{"damage":6.0,"enemies":"Gremlin Nob","floor":6.0,"turns":4.0},{"damage":0.0,"enemies":"Gremlin Gang","floor":7.0,"turns":6.0},{"damage":0.0,"enemies":"3 Sentries","floor":11.0,"turns":10.0},{"damage":3.0,"enemies":"Exordium Wildlife","floor":12.0,"turns":5.0},{"damage":0.0,"enemies":"Red Slaver","floor":13.0,"turns":4.0},{"damage":0.0,"enemies":"Looter","floor":14.0,"turns":3.0},{"damage":0.0,"enemies":"Hexaghost","floor":16.0,"turns":8.0},{"damage":0.0,"enemies":"Shell Parasite","floor":18.0,"turns":7.0},{"damage":1.0,"enemies":"3 Byrds","floor":19.0,"turns":6.0},{"damage":9.0,"enemies":"Snecko","floor":22.0,"turns":7.0},{"damage":10.0,"enemies":"Slavers","floor":25.0,"turns":5.0},{"damage":16.0,"enemies":"Chosen and Byrds","floor":29.0,"turns":7.0},{"damage":0.0,"enemies":"Sentry and Sphere","floor":31.0,"turns":8.0},{"damage":15,"enemies":"Automaton","floor":33,"turns":11},{"damage":12,"enemies":"3 Darklings","floor":35,"turns":5},{"damage":0,"enemies":"3 Shapes","floor":36,"turns":7},{"damage":4,"enemies":"Spire Growth","floor":37,"turns":6},{"damage":0,"enemies":"Mind Bloom Boss Battle","floor":38,"turns":7},{"damage":66,"enemies":"Reptomancer","floor":41,"turns":8},{"damage":12,"enemies":"3 Darklings","floor":44,"turns":6},{"damage":0,"enemies":"Writhing Mass","floor":45,"turns":6},{"damage":0,"enemies":"4 Shapes","floor":46,"turns":4},{"damage":17,"enemies":"Donu and Deca","floor":50,"turns":16}],"seed_played":"8820506177048856233","potions_obtained":[{"floor":1.0,"key":"Block Potion"},{"floor":7.0,"key":"Ancient Potion"},{"floor":12.0,"key":"LiquidBronze"},{"floor":13.0,"key":"FairyPotion"},{"floor":17.0,"key":"Ancient Potion"},{"floor":18.0,"key":"SpeedPotion"},{"floor":24.0,"key":"Energy Potion"},{"floor":25.0,"key":"Block Potion"},{"floor":31,"key":"Explosive Potion"},{"floor":35,"key":"LiquidBronze"},{"floor":36,"key":"GamblersBrew"},{"floor":46,"key":"FearPotion"}],"is_trial":false,"path_per_floor":["M","M","M","M","?","E","M","$","T","R","E","M","M","M","R","B",null,"M","M","?","?","M","R","?","E","T","R","$","M","?","M","R","B",null,"M","M","M","?","?","R","E","$","T","M","M","M","R","?","R","B",null],"character_chosen":"THE_SILENT","items_purchased":["After Image","Slice","Infinite Blades","DollysMirror","Caltrops","SpeedPotion","EssenceOfSteel","War Paint"],"campfire_rested":1,"item_purchase_floors":[8,28,28,28,42,42,42,42],"current_hp_per_floor":[49,49,49,49,66,60,62,62,62,62,64,63,65,67,67,69,75,75,74,74,74,66,66,66,58,58,58,58,44,44,46,46,33,75,63,65,63,65,65,65,1,1,1,6,8,10,32,66,66,49],"gold":114,"neow_bonus":"ONE_RARE_RELIC","is_prod":false,"is_daily":false,"chose_seed":false,"campfire_upgraded":7,"win_rate":0.0,"timestamp":1568440990,"path_taken":["M","M","M","M","?","E","M","$","T","R","E","M","M","M","R","BOSS","M","M","?","?","M","R","?","E","T","R","$","?","?","?","R","BOSS","M","M","M","?","?","R","E","$","T","?","M","M","R","?","R","BOSS"],"build_version":"2019-07-17","purchased_purges":0,"victory":true,"max_hp_per_floor":[70,70,70,70,70,70,70,70,70,70,70,70,70,70,70,70,75,75,75,75,75,75,75,75,75,75,75,75,75,75,75,75,75,75,75,75,75,75,75,75,75,75,75,75,75,75,75,66,66,66],"card_choices":[{"not_picked":["Leg Sweep","Skewer"],"picked":"Blade Dance","floor":1.0},{"not_picked":["Backflip","Deflect"],"picked":"Dagger Throw","floor":2.0},{"not_picked":["Riddle With Holes","Quick Slash"],"picked":"Dodge and Roll","floor":3.0},{"not_picked":["Escape Plan","Unload"],"picked":"Bouncing Flask","floor":4.0},{"not_picked":["Blade Dance","Dagger Throw"],"picked":"Outmaneuver","floor":6.0},{"not_picked":["Poisoned Stab","Backflip"],"picked":"Infinite Blades","floor":7.0},{"not_picked":["Sucker Punch","Quick Slash"],"picked":"Calculated Gamble","floor":11.0},{"not_picked":["PiercingWail","Flechettes"],"picked":"Poisoned Stab","floor":12.0},{"not_picked":["Dodge and Roll","Poisoned Stab"],"picked":"Deflect","floor":13.0},{"not_picked":["Well Laid Plans","Underhanded Strike"],"picked":"Tactician","floor":14.0},{"not_picked":["Phantasmal Killer","Adrenaline"],"picked":"A Thousand Cuts","floor":16.0},{"not_picked":["Deadly Poison","Dash"],"picked":"Blade Dance","floor":17.0},{"not_picked":["Bouncing Flask","Poisoned Stab+1"],"picked":"Underhanded Strike","floor":18.0},{"not_picked":["Crippling Poison","Choke"],"picked":"Dodge and Roll+1","floor":19.0},{"not_picked":["Footwork","Crippling Poison"],"picked":"Noxious Fumes","floor":22.0},{"not_picked":["Quick Slash","Riddle With Holes"],"picked":"Acrobatics","floor":25.0},{"not_picked":["Bouncing Flask","Flying Knee"],"picked":"Calculated Gamble+1","floor":29.0},{"not_picked":["Quick Slash","Bullet Time"],"picked":"Slice+1","floor":31},{"not_picked":["Doppelganger","Malaise"],"picked":"Envenom","floor":33},{"not_picked":["Outmaneuver","Dagger Throw+1"],"picked":"Distraction+1","floor":35},{"not_picked":["Flying Knee","Backflip+1"],"picked":"Endless Agony+1","floor":36},{"not_picked":["Blur","Calculated Gamble+1"],"picked":"Deflect","floor":37},{"not_picked":["Sucker Punch+1","Quick Slash+1"],"picked":"Finisher+1","floor":38},{"not_picked":["Backflip+1","Glass Knife"],"picked":"Crippling Poison+1","floor":41},{"not_picked":["Noxious Fumes+1","Dagger Spray"],"picked":"PiercingWail+1","floor":44},{"not_picked":["Prepared","Crippling Poison+1"],"picked":"Tactician","floor":45},{"not_picked":["Dagger Throw","Caltrops+1"],"picked":"Prepared+1","floor":46}],"player_experience":42021,"relics_obtained":[{"floor":6.0,"key":"Blood Vial"},{"floor":9.0,"key":"Unceasing Top"},{"floor":11.0,"key":"Pocketwatch"},{"floor":25.0,"key":"Ornamental Fan"},{"floor":26.0,"key":"Kunai"},{"floor":38,"key":"FossilizedHelix"},{"floor":41,"key":"Gremlin Horn"},{"floor":43,"key":"Orichalcum"}],"event_choices":[{"damage_healed":17.0,"max_hp_gain":0.0,"max_hp_loss":0.0,"gold_gain":0.0,"event_name":"The Cleric","player_choice":"Healed","floor":5.0,"gold_loss":35.0,"damage_taken":0.0},{"damage_healed":0.0,"max_hp_gain":0.0,"max_hp_loss":0.0,"gold_gain":0.0,"event_name":"Back to Basics","player_choice":"Simplicity","floor":20.0,"gold_loss":0.0,"damage_taken":0.0,"cards_upgraded":["Strike_G","Strike_G","Strike_G","Strike_G","Strike_G","Defend_G","Defend_G","Defend_G","Defend_G","Defend_G"]},{"damage_healed":0.0,"max_hp_gain":0.0,"max_hp_loss":0.0,"gold_gain":0.0,"event_name":"Ghosts","player_choice":"Ignored","floor":21.0,"gold_loss":0.0,"damage_taken":0.0},{"damage_healed":0.0,"max_hp_gain":0.0,"max_hp_loss":0.0,"gold_gain":0.0,"event_name":"Lab","player_choice":"Got Potions","floor":24.0,"gold_loss":0.0,"damage_taken":0.0},{"damage_healed":0.0,"max_hp_gain":0.0,"max_hp_loss":0.0,"gold_gain":0.0,"event_name":"Duplicator","player_choice":"Copied","floor":30.0,"gold_loss":0.0,"damage_taken":0.0,"cards_obtained":["Outmaneuver"]},{"damage_healed":0,"gold_gain":0,"player_choice":"Fight","damage_taken":0,"max_hp_gain":0,"max_hp_loss":0,"event_name":"MindBloom","floor":38,"gold_loss":0},{"damage_healed":0,"gold_gain":0,"player_choice":"Upgraded","damage_taken":0,"max_hp_gain":0,"max_hp_loss":0,"event_name":"Upgrade Shrine","floor":39,"gold_loss":0,"cards_upgraded":["Envenom"]},{"damage_healed":66,"gold_gain":0,"player_choice":"Heal","damage_taken":0,"max_hp_gain":0,"max_hp_loss":9,"event_name":"The Moai Head","floor":48,"gold_loss":0}],"is_beta":false,"boss_relics":[{"not_picked":["Fusion Hammer","Ring of the Serpent"],"picked":"Tiny House"},{"not_picked":["Astrolabe","Cursed Key"],"picked":"Runic Pyramid"}],"items_purged_floors":[],"is_endless":false,"potions_floor_spawned":[1,7,12,13,18,25,31,35,36,46],"ascension_level":0}