{"gold_per_floor":[360,15,15,26,26,59,109,109,109,109,12,40,52,82,82,181,181,192,208,307,56,56,56,90,90,90,104,104,130,140,14,14,112,162,175,38,38,58,74,74,109,109,184,215,215,233,247,67,67,67],"floor_reached":51,"playtime":1988,"items_purged":["Strike_B","Strike_B","Defend_B","Strike_B+1"],"score":1036,"play_id":"e3c34cd1-4af8-41ef-99e3-d22d01a2179f","local_time":"20190521173959","is_ascension_mode":true,"campfire_choices":[{"data":"Zap","floor":8,"key":"SMITH"},{"data":"Ball Lightning","floor":10,"key":"SMITH"},{"data":"Defragment","floor":15,"key":"SMITH"},{"data":"Beam Cell","floor":23,"key":"SMITH"},{"floor":28,"key":"REST"},{"data":"Capacitor","floor":32,"key":"SMITH"},{"data":"Coolheaded","floor":40,"key":"SMITH"},{"data":"Coolheaded","floor":42,"key":"SMITH"},{"floor":49,"key":"REST"}],"neow_cost":"TEN_PERCENT_HP_LOSS","seed_source_timestamp":25241695102360,"circlet_count":0,"master_deck":["Defend_B","Defend_B","Defend_B","Zap+1","Dualcast","Cold Snap","Flash of Steel","Ball Lightning+1","Steam","Defragment+1","Coolheaded+1","Gash","All For One","Ball Lightning","Fission+1","Capacitor+1","Beam Cell+1","Coolheaded+1","Skim","Cold Snap","Sweeping Beam","Hologram+1","Reinforced Body+1","Consume+1","Barrage+1","Go for the Eyes+1","Coolheaded+1","FTL","Master of Strategy+1","Steam+1","Hologram+1","Recycle+1","Steam Power+1","Recycle+1","Meteor Strike"],"relics":["Cracked Core","Shuriken","Ancient Tea Set","Omamori","Mummified Hand","Smiling Mask","Pear","Cursed Key","Bag of Preparation","Prayer Wheel","Mercury Hourglass","Toxic Egg 2","Tiny House","Darkstone Periapt","Blue Candle","Du-Vu Doll"],"potions_floor_usage":[6,14,19,24,25,35,41,46,47,50,50],"damage_taken":[{"damage":4,"enemies":"2 Louse","floor":1,"turns":2},{"damage":5,"enemies":"Jaw Worm","floor":4,"turns":3},{"damage":16,"enemies":"Gremlin Nob","floor":6,"turns":3},{"damage":14,"enemies":"Lagavulin","floor":12,"turns":4},{"damage":0,"enemies":"Small Slimes","floor":13,"turns":3},{"damage":4,"enemies":"Gremlin Nob","floor":14,"turns":3},{"damage":6,"enemies":"The Guardian","floor":16,"turns":10},{"damage":0,"enemies":"Chosen","floor":18,"turns":3},{"damage":5,"enemies":"Spheric Guardian","floor":19,"turns":4},{"damage":14,"enemies":"Book of Stabbing","floor":24,"turns":4},{"damage":6,"enemies":"Colosseum Slavers","floor":25,"turns":2},{"damage":1,"enemies":"Centurion and Healer","floor":27,"turns":3},{"damage":0,"enemies":"Gremlin Leader","floor":29,"turns":3},{"damage":0,"enemies":"Chosen and Byrds","floor":30,"turns":3},{"damage":2,"enemies":"Automaton","floor":33,"turns":8},{"damage":5,"enemies":"3 Darklings","floor":35,"turns":5},{"damage":0,"enemies":"3 Shapes","floor":38,"turns":2},{"damage":0,"enemies":"Spire Growth","floor":39,"turns":3},{"damage":0,"enemies":"Giant Head","floor":41,"turns":3},{"damage":21,"enemies":"Reptomancer","floor":44,"turns":4},{"damage":4,"enemies":"4 Shapes","floor":46,"turns":2},{"damage":0,"enemies":"3 Darklings","floor":47,"turns":2},{"damage":6,"enemies":"Time Eater","floor":50,"turns":7}],"seed_played":"6378948379458383376","potions_obtained":[{"floor":1,"key":"Poison Potion"},{"floor":12,"key":"GamblersBrew"},{"floor":14,"key":"Weak Potion"},{"floor":18,"key":"SkillPotion"},{"floor":24,"key":"AttackPotion"},{"floor":27,"key":"FairyPotion"},{"floor":33,"key":"SkillPotion"},{"floor":34,"key":"SkillPotion"},{"floor":35,"key":"Energy Potion"},{"floor":41,"key":"Fruit Juice"},{"floor":47,"key":"Fruit Juice"}],"is_trial":false,"path_per_floor":["M","$","?","M","?","E","T","R","T","R","$","E","M","E","R","B",null,"M","M","?","$","?","R","E","?","T","M","R","E","M","$","R","B",null,"M","$","?","M","M","R","E","R","T","E","?","M","M","$","R","B",null],"character_chosen":"DEFECT","items_purchased":["Shuriken","Flash of Steel","Defragment","Coolheaded","Bag of Preparation","Beam Cell","Consume+1","FTL","Block Potion","LiquidBronze","Poison Potion"],"campfire_rested":2,"item_purchase_floors":[2,2,11,11,21,21,31,36,36,48,48],"current_hp_per_floor":[64,64,69,64,57,41,41,41,41,41,41,27,27,33,33,27,83,83,78,78,78,62,62,48,42,42,41,67,67,67,67,67,65,93,88,88,88,88,88,88,93,93,93,72,72,68,73,73,103,97],"gold":67,"neow_bonus":"TWO_FIFTY_GOLD","is_prod":false,"is_daily":false,"chose_seed":false,"campfire_upgraded":7,"win_rate":0,"timestamp":1558456799,"path_taken":["M","$","?","M","?","E","?","R","T","R","?","E","M","E","R","BOSS","M","M","?","$","?","R","E","?","T","M","R","E","M","$","R","BOSS","M","$","?","M","M","R","E","R","T","E","?","M","M","$","R","BOSS"],"build_version":"2019-01-23","purchased_purges":4,"victory":true,"max_hp_per_floor":[68,68,73,73,73,73,73,73,73,73,73,73,73,83,83,83,83,83,83,83,83,88,88,88,88,88,88,88,88,88,88,88,88,93,93,93,93,93,93,93,98,98,98,98,98,98,103,103,103,103],"card_choices":[{"not_picked":["Double Energy","Fusion"],"picked":"Cold Snap","floor":1},{"not_picked":["Aggregate","Auto Shields"],"picked":"Ball Lightning","floor":4},{"not_picked":["Blizzard","Streamline"],"picked":"Steam","floor":6},{"not_picked":["Aggregate","Barrage"],"picked":"Gash","floor":12},{"not_picked":["Double Energy","Cold Snap"],"picked":"All For One","floor":13},{"not_picked":["Self Repair","Auto Shields"],"picked":"Ball Lightning","floor":14},{"not_picked":["Thunder Strike","Meteor Strike"],"picked":"Fission","floor":16},{"not_picked":["Compile Driver","Go for the Eyes"],"picked":"Capacitor","floor":18},{"not_picked":["Redo","Loop","Streamline"],"picked":"SKIP","floor":19},{"not_picked":["Barrage","Ball Lightning"],"picked":"Coolheaded","floor":24},{"not_picked":["Sweeping Beam","Darkness"],"picked":"Skim","floor":27},{"not_picked":["Turbo","Steam"],"picked":"Cold Snap","floor":27},{"not_picked":["Sweeping Beam","Storm","Hello World"],"picked":"SKIP","floor":29},{"not_picked":["Storm","Hello World"],"picked":"Sweeping Beam","floor":29},{"not_picked":["Coolheaded+1","Sunder"],"picked":"Hologram+1","floor":30},{"not_picked":["Sweeping Beam","Fusion+1"],"picked":"Reinforced Body+1","floor":30},{"not_picked":["Rebound","Gash"],"picked":"Barrage+1","floor":34},{"not_picked":["Genetic Algorithm+1","Redo+1"],"picked":"Go for the Eyes+1","floor":35},{"not_picked":["Go for the Eyes","Machine Learning"],"picked":"Coolheaded+1","floor":35},{"not_picked":["Dark Shackles+1","Swift Strike"],"picked":"Master of Strategy+1","floor":37},{"not_picked":["Conserve Battery+1","Double Energy+1"],"picked":"Steam+1","floor":38},{"not_picked":["Rebound","Doom and Gloom+1","Rip and Tear"],"picked":"SKIP","floor":38},{"not_picked":["Steam+1","Conserve Battery+1","Melter"],"picked":"SKIP","floor":39},{"not_picked":["Steam+1","Rebound+1","Force Field+1"],"picked":"SKIP","floor":39},{"not_picked":["BootSequence+1","Redo+1"],"picked":"Hologram+1","floor":41},{"not_picked":["Sweeping Beam+1","Cold Snap"],"picked":"Recycle+1","floor":44},{"not_picked":["Stack+1","Barrage+1"],"picked":"Steam Power+1","floor":46},{"not_picked":["Beam Cell+1","Gash"],"picked":"Recycle+1","floor":46},{"not_picked":["Reinforced Body+1","Gash+1"],"picked":"Meteor Strike","floor":47},{"not_picked":["Darkness+1","Sweeping Beam+1","Lockon+1"],"picked":"SKIP","floor":47}],"player_experience":1465447,"relics_obtained":[{"floor":6,"key":"Ancient Tea Set"},{"floor":7,"key":"Omamori"},{"floor":9,"key":"Mummified Hand"},{"floor":12,"key":"Smiling Mask"},{"floor":14,"key":"Pear"},{"floor":24,"key":"Prayer Wheel"},{"floor":26,"key":"Mercury Hourglass"},{"floor":29,"key":"Toxic Egg 2"},{"floor":41,"key":"Darkstone Periapt"},{"floor":43,"key":"Blue Candle"},{"floor":44,"key":"Du-Vu Doll"}],"event_choices":[{"damage_healed":0,"gold_gain":0,"player_choice":"Donut","damage_taken":0,"max_hp_gain":5,"max_hp_loss":0,"event_name":"Big Fish","floor":3,"gold_loss":0},{"cards_removed":["Strike_B"],"damage_healed":0,"gold_gain":0,"player_choice":"Card Removal","damage_taken":7,"max_hp_gain":0,"max_hp_loss":0,"event_name":"Golden Wing","floor":5,"gold_loss":0},{"damage_healed":0,"gold_gain":99,"player_choice":"Stole From Cult","damage_taken":0,"max_hp_gain":0,"max_hp_loss":0,"event_name":"Nest","floor":20,"gold_loss":0},{"damage_healed":0,"gold_gain":0,"player_choice":"Shed Blood","damage_taken":21,"max_hp_gain":5,"max_hp_loss":0,"event_name":"Forgotten Altar","floor":22,"gold_loss":0},{"damage_healed":0,"gold_gain":0,"player_choice":"Fight","damage_taken":0,"max_hp_gain":0,"max_hp_loss":0,"event_name":"Colosseum","floor":25,"gold_loss":0},{"damage_healed":0,"gold_gain":0,"player_choice":"Fled From Nobs","damage_taken":0,"max_hp_gain":0,"max_hp_loss":0,"event_name":"Colosseum","floor":25,"gold_loss":0},{"damage_healed":0,"gold_gain":0,"player_choice":"Memory 1","damage_taken":0,"max_hp_gain":0,"max_hp_loss":0,"event_name":"SensoryStone","floor":37,"gold_loss":0},{"damage_healed":0,"gold_gain":0,"player_choice":"Upgraded","damage_taken":0,"max_hp_gain":0,"max_hp_loss":0,"event_name":"Upgrade Shrine","floor":45,"gold_loss":0,"cards_upgraded":["Fission"]}],"is_beta":false,"boss_relics":[{"not_picked":["White Beast Statue","Eternal Feather"],"picked":"Cursed Key"},{"not_picked":["Fusion Hammer","Calling Bell"],"picked":"Tiny House"}],"items_purged_floors":[21,31,36,48],"is_endless":false,"potions_floor_spawned":[1,12,14,18,24,27,33,35,41,47],"ascension_level":4}