{"gold_per_floor":[110,110,185,185,185,211,211,237,237,267,284,300,23,23,23,123,123,138,138,155,155,171,171,206,206,277,277,294,294,304,316,316,415,415,429,483,493,241,241,241,241],"floor_reached":41,"playtime":2614,"items_purged":["Regret","Sweeping Beam"],"score":693,"play_id":"4ce4387f-7a71-4ff5-8da3-5c5b351328e2","local_time":"20191016175552","is_ascension_mode":true,"campfire_choices":[{"data":"Sweeping Beam","floor":7,"key":"SMITH"},{"floor":15,"key":"REST"},{"data":"Defragment","floor":25,"key":"SMITH"},{"data":"Coolheaded","floor":27,"key":"SMITH"},{"data":"Hologram","floor":29,"key":"SMITH"},{"data":"Conserve Battery","floor":32,"key":"SMITH"},{"data":"Hologram","floor":40,"key":"SMITH"}],"neow_cost":"NONE","seed_source_timestamp":511585746656200,"circlet_count":0,"master_deck":["Zap+1","Dualcast","Sweeping Beam+1","Hologram+1","Ball Lightning","Defragment+1","Coolheaded+1","Electrodynamics","Skim","Bite","Bite","Bite","Bite","Bite","Ball Lightning+1","Compile Driver","RitualDagger","Seek","Conserve Battery+1","Undo","Static Discharge","Recycle","Capacitor","Core Surge","Coolheaded+1","Undo+1","Chill+1","Hologram+1"],"relics":["Cracked Core","NeowsBlessing","Ginger","Bottled Flame","StoneCalendar","Happy Flower","Omamori","DataDisk","Coffee Dripper","Girya","Pantograph","Pandora\u0027s Box","Turnip"],"potions_floor_usage":[18,20,22,24,31,33,37,37,41,41,41,41],"damage_taken":[{"damage":0,"enemies":"Jaw Worm","floor":1,"turns":1},{"damage":0,"enemies":"Gremlin Nob","floor":6,"turns":1},{"damage":0,"enemies":"3 Sentries","floor":8,"turns":1},{"damage":19,"enemies":"Gremlin Nob","floor":10,"turns":4},{"damage":4,"enemies":"2 Louse","floor":11,"turns":2},{"damage":3,"enemies":"Small Slimes","floor":12,"turns":2},{"damage":3,"enemies":"The Guardian","floor":16,"turns":10},{"damage":0,"enemies":"3 Byrds","floor":18,"turns":2},{"damage":12,"enemies":"2 Thieves","floor":20,"turns":2},{"damage":21,"enemies":"Shelled Parasite and Fungi","floor":22,"turns":7},{"damage":10,"enemies":"Gremlin Leader","floor":24,"turns":5},{"damage":25,"enemies":"Snake Plant","floor":28,"turns":3},{"damage":2,"enemies":"Centurion and Healer","floor":30,"turns":5},{"damage":6,"enemies":"Cultist and Chosen","floor":31,"turns":5},{"damage":5,"enemies":"Collector","floor":33,"turns":6},{"damage":14,"enemies":"Orb Walker","floor":35,"turns":4},{"damage":45,"enemies":"2 Orb Walkers","floor":36,"turns":4},{"damage":5,"enemies":"3 Darklings","floor":37,"turns":5},{"damage":64,"enemies":"Giant Head","floor":41,"turns":8}],"seed_played":"5158094001111347176","potions_obtained":[{"floor":8,"key":"SkillPotion"},{"floor":16,"key":"AttackPotion"},{"floor":18,"key":"PowerPotion"},{"floor":20,"key":"FocusPotion"},{"floor":22,"key":"Poison Potion"},{"floor":28,"key":"Block Potion"},{"floor":36,"key":"Block Potion"},{"floor":37,"key":"GamblersBrew"}],"is_trial":false,"path_per_floor":["M","?","?","?","?","E","R","E","T","E","M","M","$","?","R","B",null,"M","?","M","?","M","?","E","R","T","R","M","R","M","M","R","B",null,"M","?","M","$","?","R","E"],"character_chosen":"DEFECT","items_purchased":["DataDisk","AttackPotion","EntropicBrew","Hologram"],"campfire_rested":1,"item_purchase_floors":[13,13,38,38],"current_hp_per_floor":[68,68,57,57,42,42,42,42,42,23,19,16,16,9,31,28,63,63,52,42,34,37,31,37,37,37,37,18,18,26,24,24,52,56,45,4,11,11,25,25,0],"gold":241,"neow_bonus":"THREE_ENEMY_KILL","is_prod":false,"is_daily":false,"chose_seed":false,"campfire_upgraded":6,"win_rate":0,"timestamp":1571273752,"path_taken":["M","?","?","?","?","E","R","E","T","E","M","M","$","?","R","BOSS","M","?","M","?","M","?","E","R","T","R","M","R","?","M","R","BOSS","M","?","M","$","?","R","E"],"build_version":"2019-07-17","purchased_purges":2,"victory":false,"max_hp_per_floor":[75,75,75,75,75,75,75,75,75,75,75,75,75,75,75,75,75,75,52,52,57,57,57,57,57,57,57,57,57,57,57,57,57,57,57,57,57,57,57,57,57],"card_choices":[{"not_picked":["Turbo","Beam Cell"],"picked":"Sweeping Beam","floor":1},{"not_picked":["Aggregate","Leap"],"picked":"Hologram","floor":6},{"not_picked":["Lockon","Conserve Battery"],"picked":"Ball Lightning","floor":8},{"not_picked":["Hologram","Go for the Eyes"],"picked":"Defragment","floor":10},{"not_picked":["Tempest","Lockon"],"picked":"Coolheaded","floor":11},{"not_picked":["Chaos","Rip and Tear","Barrage"],"picked":"SKIP","floor":12},{"not_picked":["Machine Learning","Amplify"],"picked":"Electrodynamics","floor":16},{"not_picked":["Turbo","Blizzard+1"],"picked":"Skim","floor":18},{"not_picked":["Aggregate","Conserve Battery"],"picked":"Ball Lightning+1","floor":20},{"not_picked":["Sunder","Chaos+1"],"picked":"Compile Driver","floor":22},{"not_picked":["Leap","Steam Power"],"picked":"Seek","floor":24},{"not_picked":["Gash","Skim"],"picked":"Conserve Battery","floor":28},{"not_picked":["Sunder","Compile Driver+1"],"picked":"Undo","floor":30},{"not_picked":["Conserve Battery","Ball Lightning+1"],"picked":"Static Discharge","floor":31},{"not_picked":["Rip and Tear","Steam+1"],"picked":"Coolheaded+1","floor":35},{"not_picked":["Gash","Cold Snap+1"],"picked":"Undo+1","floor":36},{"not_picked":["Genetic Algorithm","Barrage"],"picked":"Chill+1","floor":37}],"player_experience":352411,"relics_obtained":[{"floor":6,"key":"Bottled Flame"},{"floor":8,"key":"StoneCalendar"},{"floor":9,"key":"Happy Flower"},{"floor":10,"key":"Omamori"},{"floor":24,"key":"Girya"},{"floor":26,"key":"Pantograph"},{"floor":36,"key":"Turnip"}],"event_choices":[{"damage_healed":0,"gold_gain":0,"player_choice":"Box","damage_taken":0,"relics_obtained":["Ginger"],"max_hp_gain":0,"max_hp_loss":0,"event_name":"Big Fish","floor":2,"gold_loss":0,"cards_obtained":["Regret"]},{"damage_healed":0,"gold_gain":75,"player_choice":"Gather Gold","damage_taken":11,"max_hp_gain":0,"max_hp_loss":0,"event_name":"World of Goop","floor":3,"gold_loss":0},{"damage_healed":0,"gold_gain":0,"player_choice":"Ignored","damage_taken":0,"max_hp_gain":0,"max_hp_loss":0,"event_name":"Liars Game","floor":4,"gold_loss":0},{"damage_healed":0,"gold_gain":0,"player_choice":"Entered Light","damage_taken":15,"max_hp_gain":0,"max_hp_loss":0,"event_name":"Shining Light","floor":5,"gold_loss":0,"cards_upgraded":["Zap","Defend_B"]},{"cards_removed":["Strike_B"],"damage_healed":0,"gold_gain":0,"player_choice":"Card Removal","damage_taken":7,"max_hp_gain":0,"max_hp_loss":0,"event_name":"Golden Wing","floor":14,"gold_loss":0},{"damage_healed":0,"gold_gain":0,"player_choice":"Became a vampire","damage_taken":0,"max_hp_gain":0,"max_hp_loss":23,"event_name":"Vampires","floor":19,"gold_loss":0,"cards_obtained":["Bite","Bite","Bite","Bite","Bite"]},{"damage_healed":0,"gold_gain":0,"player_choice":"Shed Blood","damage_taken":13,"max_hp_gain":5,"max_hp_loss":0,"event_name":"Forgotten Altar","floor":21,"gold_loss":0},{"damage_healed":0,"gold_gain":0,"player_choice":"Joined the Cult","damage_taken":6,"max_hp_gain":0,"max_hp_loss":0,"event_name":"Nest","floor":23,"gold_loss":0,"cards_obtained":["RitualDagger"]},{"damage_healed":0,"gold_gain":0,"player_choice":"Fight","damage_taken":0,"max_hp_gain":0,"max_hp_loss":0,"event_name":"Mysterious Sphere","floor":36,"gold_loss":0},{"damage_healed":14,"gold_gain":0,"player_choice":"Writhe","damage_taken":0,"max_hp_gain":0,"max_hp_loss":0,"event_name":"Winding Halls","floor":39,"gold_loss":0,"cards_obtained":["Writhe"]}],"is_beta":false,"boss_relics":[{"not_picked":["FrozenCore","Eternal Feather"],"picked":"Coffee Dripper"},{"not_picked":["Orrery","Fusion Hammer"],"picked":"Pandora\u0027s Box"}],"items_purged_floors":[13,38],"is_endless":false,"potions_floor_spawned":[8,16,18,20,22,28,36,37],"killed_by":"Giant Head","ascension_level":8}