{"gold_per_floor":[116,126,126,126,141,166,166,126,206,222,222,256,274,300,300,395,395,408,408,408],"floor_reached":20,"playtime":642,"items_purged":[],"score":192,"play_id":"bd2d040c-fe02-4079-ac19-91401de76bcb","local_time":"20190708190427","is_ascension_mode":false,"campfire_choices":[{"data":"Armaments","floor":7,"key":"SMITH"},{"data":"Spot Weakness","floor":11,"key":"SMITH"},{"data":"Iron Wave","floor":15,"key":"SMITH"}],"neow_cost":"NONE","seed_source_timestamp":190307797079671,"circlet_count":0,"master_deck":["Strike_R","Strike_R+1","Strike_R+1","Strike_R","Strike_R","Defend_R","Defend_R","Defend_R","Defend_R","Bash+1","Iron Wave+1","Iron Wave","Carnage","Armaments+1","Spot Weakness+1","Anger","Headbutt","Reaper","Barricade","Flame Barrier+1","Shrug It Off+1"],"relics":["Burning Blood","Bag of Preparation","Shuriken","Juzu Bracelet","Dream Catcher","Orrery"],"potions_floor_usage":[6,14,18,20],"damage_taken":[{"damage":0,"enemies":"Small Slimes","floor":1,"turns":3},{"damage":6,"enemies":"Jaw Worm","floor":2,"turns":3},{"damage":0,"enemies":"Cultist","floor":5,"turns":2},{"damage":23,"enemies":"3 Sentries","floor":6,"turns":6},{"damage":0,"enemies":"Red Slaver","floor":10,"turns":3},{"damage":1,"enemies":"Gremlin Nob","floor":12,"turns":4},{"damage":3,"enemies":"Exordium Wildlife","floor":13,"turns":3},{"damage":13,"enemies":"Lagavulin","floor":14,"turns":5},{"damage":54,"enemies":"The Guardian","floor":16,"turns":9},{"damage":13,"enemies":"Shell Parasite","floor":18,"turns":6},{"damage":41,"enemies":"Masked Bandits","floor":20,"turns":4}],"seed_played":"2913905434728605146","potions_obtained":[{"floor":1,"key":"AttackPotion"},{"floor":6,"key":"Explosive Potion"},{"floor":8,"key":"Dexterity Potion"},{"floor":8,"key":"Weak Potion"},{"floor":10,"key":"Strength Potion"},{"floor":18,"key":"Explosive Potion"}],"is_trial":false,"path_per_floor":["M","M","?","?","M","E","R","?","T","M","R","E","M","E","R","B",null,"M","?","?"],"character_chosen":"IRONCLAD","items_purchased":[],"campfire_rested":0,"item_purchase_floors":[],"current_hp_per_floor":[80,80,64,69,75,58,58,58,58,64,64,69,72,65,65,36,85,78,78,37],"gold":408,"neow_bonus":"UPGRADE_CARD","is_prod":false,"is_daily":false,"chose_seed":false,"campfire_upgraded":3,"win_rate":0,"timestamp":1562609067,"path_taken":["M","M","?","?","M","E","R","?","T","M","R","E","M","E","R","BOSS","M","?","?"],"build_version":"2019-07-05","purchased_purges":0,"victory":false,"max_hp_per_floor":[80,80,80,85,85,85,85,85,85,85,85,85,85,85,85,85,85,85,85,85],"card_choices":[{"not_picked":["Metallicize","Wild Strike"],"picked":"Iron Wave","floor":1},{"not_picked":["Corruption","Clash"],"picked":"Iron Wave","floor":2},{"not_picked":["Havoc","Sentinel"],"picked":"Carnage","floor":5},{"not_picked":["Hemokinesis","Heavy Blade"],"picked":"Armaments","floor":6},{"not_picked":["Sword Boomerang","Clothesline"],"picked":"Spot Weakness","floor":10},{"not_picked":["Armaments","Cleave"],"picked":"Anger","floor":12},{"not_picked":["Dark Embrace","Hemokinesis"],"picked":"Headbutt","floor":13},{"not_picked":["Anger","True Grit"],"picked":"Reaper","floor":14},{"not_picked":["Fiend Fire","Double Tap"],"picked":"Barricade","floor":16},{"not_picked":["Clothesline","Pommel Strike"],"picked":"Flame Barrier","floor":17},{"not_picked":["Dual Wield","Thunderclap"],"picked":"Shrug It Off+1","floor":18}],"player_experience":1685621,"relics_obtained":[{"floor":6,"key":"Bag of Preparation"},{"floor":9,"key":"Shuriken"},{"floor":12,"key":"Juzu Bracelet"},{"floor":14,"key":"Dream Catcher"}],"event_choices":[{"damage_healed":0,"gold_gain":0,"player_choice":"Entered Light","damage_taken":16,"max_hp_gain":0,"max_hp_loss":0,"event_name":"Shining Light","floor":3,"gold_loss":0,"cards_upgraded":["Strike_R","Strike_R"]},{"damage_healed":0,"gold_gain":0,"player_choice":"Donut","damage_taken":0,"max_hp_gain":5,"max_hp_loss":0,"event_name":"Big Fish","floor":4,"gold_loss":0},{"damage_healed":0,"gold_gain":0,"player_choice":"Bought 3 Potions","damage_taken":0,"max_hp_gain":0,"max_hp_loss":0,"event_name":"The Woman in Blue","floor":8,"gold_loss":0},{"damage_healed":0,"gold_gain":0,"player_choice":"Upgraded","damage_taken":0,"max_hp_gain":0,"max_hp_loss":0,"event_name":"Upgrade Shrine","floor":19,"gold_loss":0,"cards_upgraded":["Flame Barrier"]},{"damage_healed":0,"gold_gain":0,"player_choice":"Fought Bandits","damage_taken":0,"max_hp_gain":0,"max_hp_loss":0,"event_name":"Masked Bandits","floor":20,"gold_loss":0}],"is_beta":false,"boss_relics":[{"not_picked":["Lizard Tail","White Beast Statue"],"picked":"Orrery"}],"items_purged_floors":[],"is_endless":false,"potions_floor_spawned":[1,6,10,18],"killed_by":"Masked Bandits","ascension_level":0}