{"gold_per_floor":[119,138,88,88,263,263,274,289,289,318,318,50,65,84,84,84],"floor_reached":16,"playtime":460,"items_purged":["Doubt"],"score":142,"play_id":"d1846092-e7d4-4378-8c05-fc1a1f9cf71d","local_time":"20190419143533","is_ascension_mode":true,"campfire_choices":[{"data":"Clash","floor":6,"key":"SMITH"},{"floor":11,"key":"REST"},{"floor":15,"key":"REST"}],"neow_cost":"PERCENT_DAMAGE","seed_source_timestamp":2319733271686100,"circlet_count":0,"master_deck":["Strike_R","Strike_R","Strike_R","Strike_R","Defend_R","Defend_R","Defend_R","Defend_R","Bash","Clash+1","Inflame","Armaments","Dagger Throw"],"relics":["Burning Blood","Singing Bowl","Orichalcum","Blue Candle","PrismaticShard"],"potions_floor_usage":[7,10,10,16,16],"damage_taken":[{"damage":10,"enemies":"2 Louse","floor":1,"turns":4},{"damage":2,"enemies":"Jaw Worm","floor":2,"turns":3},{"damage":1,"enemies":"Cultist","floor":7,"turns":4},{"damage":12,"enemies":"3 Louse","floor":8,"turns":5},{"damage":47,"enemies":"Lagavulin","floor":10,"turns":7},{"damage":8,"enemies":"Blue Slaver","floor":13,"turns":4},{"damage":6,"enemies":"Looter","floor":14,"turns":3},{"damage":76,"enemies":"The Guardian","floor":16,"turns":12}],"seed_played":"99806454357622599","potions_obtained":[{"floor":2,"key":"EntropicBrew"},{"floor":7,"key":"Regen Potion"},{"floor":10,"key":"Swift Potion"}],"is_trial":false,"path_per_floor":["M","M","?","?","?","R","M","M","T","E","R","$","M","M","R","B"],"character_chosen":"IRONCLAD","items_purchased":["PrismaticShard"],"campfire_rested":2,"item_purchase_floors":[12],"current_hp_per_floor":[68,72,72,39,39,39,46,40,40,14,43,43,41,43,73,0],"gold":84,"neow_bonus":"TWENTY_PERCENT_HP_BONUS","is_prod":false,"is_daily":false,"chose_seed":false,"campfire_upgraded":1,"win_rate":0,"timestamp":1555673733,"path_taken":["M","M","?","?","?","R","M","?","T","E","R","$","M","M","R","BOSS"],"build_version":"2019-01-23","purchased_purges":1,"victory":false,"max_hp_per_floor":[96,96,96,96,96,96,98,98,98,98,98,98,98,100,100,100],"card_choices":[{"not_picked":["Havoc","Power Through"],"picked":"Clash","floor":1},{"not_picked":["Power Through","Havoc","Anger"],"picked":"SKIP","floor":2},{"not_picked":["Thunderclap","Body Slam","Corruption"],"picked":"Singing Bowl","floor":7},{"not_picked":["Shrug It Off","Anger"],"picked":"Inflame","floor":8},{"not_picked":["Perfected Strike","Immolate"],"picked":"Armaments","floor":10},{"not_picked":["Hologram","Armaments"],"picked":"Dagger Throw","floor":13},{"not_picked":["Slice","Chaos","Evolve"],"picked":"Singing Bowl","floor":14}],"player_experience":327184,"relics_obtained":[{"floor":9,"key":"Orichalcum"},{"floor":10,"key":"Blue Candle"}],"event_choices":[{"cards_removed":["Strike_R"],"damage_healed":0,"gold_gain":0,"player_choice":"Card Removal","damage_taken":0,"max_hp_gain":0,"max_hp_loss":0,"event_name":"The Cleric","floor":3,"gold_loss":50},{"damage_healed":0,"gold_gain":0,"player_choice":"Success","damage_taken":33,"relics_obtained":["Singing Bowl"],"max_hp_gain":0,"max_hp_loss":0,"event_name":"Scrap Ooze","floor":4,"gold_loss":0},{"damage_healed":0,"gold_gain":175,"player_choice":"AGREE","damage_taken":0,"max_hp_gain":0,"max_hp_loss":0,"event_name":"Liars Game","floor":5,"gold_loss":0,"cards_obtained":["Doubt"]}],"is_beta":false,"boss_relics":[],"items_purged_floors":[12],"is_endless":false,"potions_floor_spawned":[2,7,10],"killed_by":"The Guardian","ascension_level":3}