{"gold_per_floor":[115,115,135,149,160,188,188,207,233,262,262,262],"floor_reached":12,"playtime":619,"items_purged":[],"score":140,"play_id":"a6839689-5f00-4f6d-9b0a-9f4eb39d68dd","local_time":"20191024221702","is_ascension_mode":true,"campfire_choices":[{"floor":7,"key":"REST"},{"floor":11,"key":"REST"}],"neow_cost":"NONE","seed_source_timestamp":621344820680900,"circlet_count":0,"master_deck":["AscendersBane","Strike_R","Strike_R","Strike_R","Strike_R","Strike_R","Defend_R","Defend_R","Defend_R","Defend_R","Bash","Evolve","Fire Breathing","Clothesline","Thunderclap","Pommel Strike","Shrug It Off","Flame Barrier"],"relics":["Burning Blood","Oddly Smooth Stone","Bag of Marbles","Dream Catcher"],"potions_floor_usage":[6,10],"damage_taken":[{"damage":12,"enemies":"Small Slimes","floor":1,"turns":4},{"damage":6,"enemies":"Cultist","floor":3,"turns":4},{"damage":13,"enemies":"Jaw Worm","floor":4,"turns":5},{"damage":25,"enemies":"Exordium Thugs","floor":5,"turns":8},{"damage":37,"enemies":"Lagavulin","floor":6,"turns":10},{"damage":10,"enemies":"Looter","floor":8,"turns":4},{"damage":23,"enemies":"Gremlin Nob","floor":10,"turns":4},{"damage":41,"enemies":"3 Sentries","floor":12,"turns":7}],"seed_played":"-9128254097562967859","potions_obtained":[{"floor":0,"key":"Explosive Potion"},{"floor":0,"key":"Weak Potion"}],"is_trial":false,"path_per_floor":["M","?","M","M","M","E","R","M","T","E","R","E"],"character_chosen":"IRONCLAD","items_purchased":[],"campfire_rested":2,"item_purchase_floors":[],"current_hp_per_floor":[66,66,66,59,40,9,33,29,29,12,36,0],"gold":262,"neow_bonus":"THREE_SMALL_POTIONS","is_prod":false,"is_daily":false,"chose_seed":false,"campfire_upgraded":0,"win_rate":0,"timestamp":1571980622,"path_taken":["M","?","M","M","M","E","R","M","T","E","R","E"],"build_version":"2019-07-17","purchased_purges":0,"victory":false,"max_hp_per_floor":[80,80,80,80,80,80,80,80,80,80,80,80],"card_choices":[{"not_picked":["Sword Boomerang","True Grit"],"picked":"Evolve","floor":1},{"not_picked":["Ghostly Armor","Seeing Red"],"picked":"Fire Breathing","floor":3},{"not_picked":["Sword Boomerang","Clash"],"picked":"Clothesline","floor":4},{"not_picked":["Warcry","Flex"],"picked":"Thunderclap","floor":5},{"not_picked":["Warcry","Fiend Fire"],"picked":"Pommel Strike","floor":6},{"not_picked":["Sword Boomerang","Body Slam"],"picked":"Shrug It Off","floor":8},{"not_picked":["Cleave","True Grit"],"picked":"Flame Barrier","floor":10}],"player_experience":443148,"relics_obtained":[{"floor":6,"key":"Oddly Smooth Stone"},{"floor":9,"key":"Bag of Marbles"},{"floor":10,"key":"Dream Catcher"}],"event_choices":[{"damage_healed":0,"gold_gain":0,"player_choice":"Bought 0 Potions","damage_taken":0,"max_hp_gain":0,"max_hp_loss":0,"event_name":"The Woman in Blue","floor":2,"gold_loss":0}],"is_beta":false,"boss_relics":[],"items_purged_floors":[],"is_endless":false,"potions_floor_spawned":[3,4],"killed_by":"3 Sentries","ascension_level":11}