{"gold_per_floor":[215,215,236,17,31,74,74,90,144,214,228,228,266,291,291,415,415,436,46,32,32,42,42,77,77,77,77,77,103,121,136,136,240,240,257,257,257],"floor_reached":37,"playtime":1649,"items_purged":["Strike_G","Strike_G"],"score":444,"play_id":"38f4b80a-de8d-43d0-89cf-507bf57152cc","local_time":"20190630122029","is_ascension_mode":false,"campfire_choices":[{"data":"Deadly Poison","floor":7,"key":"SMITH"},{"data":"Catalyst","floor":12,"key":"SMITH"},{"floor":15,"key":"REST"},{"floor":23,"key":"REST"},{"floor":25,"key":"REST"},{"data":"Deadly Poison","floor":27,"key":"SMITH"},{"data":"Noxious Fumes","floor":32,"key":"SMITH"}],"neow_cost":"NONE","seed_source_timestamp":142682556558970,"circlet_count":0,"master_deck":["Defend_G","Defend_G","Defend_G","Defend_G","Defend_G","Strike_G","Strike_G","Strike_G","Survivor","Neutralize","Deadly Poison+1","Poisoned Stab","Catalyst+1","Footwork","Dagger Spray","Escape Plan","Cloak And Dagger","After Image","Malaise","Catalyst+1","Deadly Poison+1","Twin Strike","Backstab","Noxious Fumes+1","After Image","Prepared+1"],"relics":["Ring of the Snake","Bloody Idol","Blue Candle","Oddly Smooth Stone","Tiny Chest","Odd Mushroom","Sozu","Pocketwatch","Shuriken","The Courier","Anchor","Black Star"],"potions_floor_usage":[6,13,14,16],"damage_taken":[{"damage":0,"enemies":"Small Slimes","floor":1,"turns":3},{"damage":0,"enemies":"2 Louse","floor":3,"turns":3},{"damage":0,"enemies":"Jaw Worm","floor":5,"turns":5},{"damage":4,"enemies":"Lagavulin","floor":6,"turns":9},{"damage":7,"enemies":"Lots of Slimes","floor":8,"turns":5},{"damage":15,"enemies":"3 Sentries","floor":10,"turns":10},{"damage":2,"enemies":"2 Fungi Beasts","floor":11,"turns":3},{"damage":12,"enemies":"The Mushroom Lair","floor":13,"turns":4},{"damage":0,"enemies":"Gremlin Gang","floor":14,"turns":5},{"damage":1,"enemies":"Slime Boss","floor":16,"turns":13},{"damage":11,"enemies":"Chosen","floor":18,"turns":5},{"damage":2,"enemies":"2 Thieves","floor":20,"turns":5},{"damage":29,"enemies":"3 Cultists","floor":22,"turns":6},{"damage":50,"enemies":"Slavers","floor":24,"turns":10},{"damage":5,"enemies":"Gremlin Leader","floor":29,"turns":6},{"damage":0,"enemies":"Shelled Parasite and Fungi","floor":30,"turns":5},{"damage":9,"enemies":"Snake Plant","floor":31,"turns":3},{"damage":10,"enemies":"Champ","floor":33,"turns":7},{"damage":8,"enemies":"Orb Walker","floor":35,"turns":4},{"damage":20,"enemies":"3 Darklings","floor":37,"turns":4}],"seed_played":"1731063852851907740","potions_obtained":[{"floor":5,"key":"SkillPotion"},{"floor":10,"key":"EssenceOfSteel"},{"floor":11,"key":"Energy Potion"},{"floor":14,"key":"GhostInAJar"}],"is_trial":false,"path_per_floor":["M","?","M","$","M","E","R","M","T","E","M","R","?","M","R","B",null,"M","$","M","?","M","R","E","R","T","R","?","E","M","M","R","B",null,"M","?","M"],"character_chosen":"THE_SILENT","items_purchased":["Catalyst","Footwork","Pocketwatch"],"campfire_rested":3,"item_purchase_floors":[4,4,19],"current_hp_per_floor":[70,53,53,53,53,49,49,42,42,27,25,25,13,13,34,33,70,59,59,57,57,33,54,9,30,30,30,30,30,35,31,31,26,70,67,67,47],"gold":257,"neow_bonus":"HUNDRED_GOLD","is_prod":false,"is_daily":false,"chose_seed":false,"campfire_upgraded":4,"win_rate":0,"timestamp":1561893629,"path_taken":["M","?","M","$","M","E","R","M","T","E","M","R","?","M","R","BOSS","M","$","M","?","M","R","E","R","T","R","?","E","?","M","R","BOSS","M","?","M"],"build_version":"2019-01-23","purchased_purges":2,"victory":false,"max_hp_per_floor":[70,70,70,70,70,70,70,70,70,70,70,70,70,70,70,70,70,70,70,70,70,70,70,70,70,70,70,70,70,70,70,70,70,70,70,70,70],"card_choices":[{"not_picked":["Endless Agony","Slice"],"picked":"Deadly Poison","floor":1},{"not_picked":["Bane","Deadly Poison"],"picked":"Poisoned Stab","floor":3},{"not_picked":["Heel Hook","Cloak And Dagger"],"picked":"Dagger Spray","floor":5},{"not_picked":["Quick Slash","Reflex"],"picked":"Escape Plan","floor":6},{"not_picked":["PiercingWail","Eviscerate"],"picked":"Sucker Punch","floor":8},{"not_picked":["Reflex","Blade Dance","Slice"],"picked":"SKIP","floor":10},{"not_picked":["Underhanded Strike","Outmaneuver"],"picked":"Cloak And Dagger","floor":11},{"not_picked":["Deflect","Calculated Gamble"],"picked":"After Image","floor":13},{"not_picked":["Sucker Punch","Dagger Throw","Cloak And Dagger"],"picked":"SKIP","floor":14},{"not_picked":["Phantasmal Killer","Tools of the Trade"],"picked":"Malaise","floor":16},{"not_picked":["Finisher+1","Blade Dance","Underhanded Strike"],"picked":"SKIP","floor":18},{"not_picked":["All Out Attack","Riddle With Holes+1","Underhanded Strike"],"picked":"SKIP","floor":20},{"not_picked":["PiercingWail","Dagger Spray"],"picked":"Catalyst+1","floor":22},{"not_picked":["Poisoned Stab","Backflip+1"],"picked":"Deadly Poison","floor":24},{"not_picked":["Distraction+1","Predator"],"picked":"Backstab","floor":29},{"not_picked":["Leg Sweep","Heel Hook+1"],"picked":"Noxious Fumes","floor":30},{"not_picked":["Concentrate","Finisher","Deadly Poison"],"picked":"SKIP","floor":31},{"not_picked":["Tools of the Trade","Burst"],"picked":"After Image","floor":33},{"not_picked":["Bane","Poisoned Stab"],"picked":"Prepared+1","floor":35}],"player_experience":1653955,"relics_obtained":[{"floor":6,"key":"Blue Candle"},{"floor":9,"key":"Oddly Smooth Stone"},{"floor":10,"key":"Tiny Chest"},{"floor":13,"key":"Odd Mushroom"},{"floor":24,"key":"Shuriken"},{"floor":26,"key":"The Courier"},{"floor":29,"key":"Anchor"}],"event_choices":[{"damage_healed":0,"gold_gain":0,"player_choice":"Take Damage","damage_taken":17,"relics_obtained":["Golden Idol"],"max_hp_gain":0,"max_hp_loss":0,"event_name":"Golden Idol","floor":2,"gold_loss":0},{"damage_healed":0,"gold_gain":0,"player_choice":"Fought Mushrooms","damage_taken":0,"max_hp_gain":0,"max_hp_loss":0,"event_name":"Mushrooms","floor":13,"gold_loss":0},{"damage_healed":0,"gold_gain":0,"player_choice":"Gave Idol","damage_taken":0,"relics_obtained":["Bloody Idol"],"max_hp_gain":0,"max_hp_loss":0,"event_name":"Forgotten Altar","floor":21,"relics_lost":["Golden Idol"],"gold_loss":0},{"cards_removed":["Sucker Punch"],"damage_healed":0,"gold_gain":0,"player_choice":"Took Card","damage_taken":0,"max_hp_gain":0,"max_hp_loss":0,"event_name":"NoteForYourself","floor":28,"gold_loss":0,"cards_obtained":["Twin Strike"]},{"damage_healed":0,"gold_gain":0,"player_choice":"Ignored","damage_taken":0,"max_hp_gain":0,"max_hp_loss":0,"event_name":"Tomb of Lord Red Mask","floor":36,"gold_loss":0}],"is_beta":false,"boss_relics":[{"not_picked":["Ectoplasm","Velvet Choker"],"picked":"Sozu"},{"not_picked":["Runic Dome","Busted Crown"],"picked":"Black Star"}],"items_purged_floors":[4,19],"is_endless":false,"potions_floor_spawned":[5,10,11,14,20,29,30],"killed_by":"3 Darklings","ascension_level":0}