{"gold_per_floor":[112,112,66,141,158,188,188,188,270,283,283,93,112,141,141,239,239,259,174,174,174,99,99,76,76,76,89,124,124,124,124],"floor_reached":31,"playtime":992,"items_purged":["Strike_R"],"score":270,"play_id":"bd447776-0fe2-4ea6-9e34-d14d16066e88","local_time":"20181002175907","is_ascension_mode":true,"campfire_choices":[{"floor":8,"key":"REST"},{"data":"Double Tap","floor":11,"key":"SMITH"},{"floor":15,"key":"REST"},{"data":"Metamorphosis","floor":23,"key":"SMITH"},{"data":"True Grit","floor":25,"key":"SMITH"}],"neow_cost":"PERCENT_DAMAGE","seed_source_timestamp":248617844129928,"circlet_count":0,"master_deck":["Strike_R+1","Strike_R+1","Defend_R","Defend_R","Defend_R","Defend_R","Bash","Flex","Cleave","Ghostly Armor","Headbutt","Double Tap+1","Metamorphosis+1","Clothesline","Reaper","Shrug It Off+1","True Grit+1","Havoc","Battle Trance+1"],"relics":["Burning Blood","Unceasing Top","Ginger","Shuriken","Peace Pipe","Mark of Pain","Juzu Bracelet","Dream Catcher","Smiling Mask"],"potions_floor_usage":[14,16,16],"damage_taken":[{"damage":1,"enemies":"Cultist","floor":1,"turns":3},{"damage":6,"enemies":"Jaw Worm","floor":5,"turns":2},{"damage":32,"enemies":"Gremlin Nob","floor":6,"turns":5},{"damage":0,"enemies":"2 Louse","floor":10,"turns":2},{"damage":6,"enemies":"2 Fungi Beasts","floor":13,"turns":2},{"damage":21,"enemies":"Lagavulin","floor":14,"turns":5},{"damage":39,"enemies":"The Guardian","floor":16,"turns":9},{"damage":21,"enemies":"3 Byrds","floor":18,"turns":5},{"damage":5,"enemies":"Chosen","floor":27,"turns":5},{"damage":77,"enemies":"Gremlin Leader","floor":28,"turns":6},{"damage":28,"enemies":"Colosseum Slavers","floor":29,"turns":6},{"damage":56,"enemies":"Slavers","floor":31,"turns":3}],"seed_played":"7015722591807694846","potions_obtained":[{"floor":10,"key":"Poison Potion"},{"floor":14,"key":"SkillPotion"},{"floor":16,"key":"Fruit Juice"},{"floor":27,"key":"SneckoOil"}],"is_trial":false,"path_per_floor":["M","?","$","?","M","E","?","R","T","M","R","$","M","E","R","B",null,"M","?","?","?","$","R","$","R","T","M","E","?","?"],"character_chosen":"IRONCLAD","items_purchased":["Cleave","Metamorphosis","True Grit"],"campfire_rested":2,"item_purchase_floors":[3,12,24],"current_hp_per_floor":[61,45,45,34,34,8,8,32,32,38,38,38,38,23,47,19,85,78,78,78,78,78,78,78,78,78,85,55,33,33,0],"gold":124,"neow_bonus":"ONE_RARE_RELIC","is_prod":false,"is_daily":false,"chose_seed":false,"campfire_upgraded":3,"win_rate":0,"timestamp":1538492347,"path_taken":["M","?","?","?","?","E","?","R","T","M","R","$","?","E","R","BOSS","M","?","?","?","$","R","$","R","T","M","E","?","?","E"],"build_version":"2018-09-27","purchased_purges":1,"victory":false,"max_hp_per_floor":[80,80,80,80,80,80,80,80,80,80,80,80,80,80,80,85,85,85,85,85,85,85,85,85,85,85,85,85,85,85,85],"card_choices":[{"not_picked":["Heavy Blade","Infernal Blade"],"picked":"Flex","floor":1},{"not_picked":["Dropkick","Reckless Charge"],"picked":"Ghostly Armor","floor":5},{"not_picked":["Wild Strike","Heavy Blade"],"picked":"Headbutt","floor":6},{"not_picked":["Body Slam","Dropkick"],"picked":"Double Tap","floor":10},{"not_picked":["Fire Breathing","Wild Strike","Anger"],"picked":"SKIP","floor":13},{"not_picked":["Clash","Second Wind"],"picked":"Clothesline","floor":14},{"not_picked":["Offering","Dark Embrace"],"picked":"Reaper","floor":16},{"not_picked":["Headbutt","Reckless Charge"],"picked":"Shrug It Off+1","floor":18},{"not_picked":["Headbutt","Perfected Strike+1"],"picked":"Havoc","floor":27},{"not_picked":["Clothesline","True Grit"],"picked":"Battle Trance+1","floor":28}],"player_experience":227923,"relics_obtained":[{"floor":6,"key":"Ginger"},{"floor":9,"key":"Shuriken"},{"floor":14,"key":"Peace Pipe"},{"floor":26,"key":"Dream Catcher"},{"floor":28,"key":"Smiling Mask"}],"event_choices":[{"event_name":"Shining Light","player_choice":"Entered Light","floor":2,"damage_taken":0},{"event_name":"World of Goop","player_choice":"Gather Gold","floor":4,"damage_taken":0},{"event_name":"Bonfire Elementals","player_choice":"BASIC","floor":7,"damage_taken":0},{"event_name":"Addict","player_choice":"Obtained Relic","floor":19,"damage_taken":0},{"event_name":"Ghosts","player_choice":"Ignored","floor":20,"damage_taken":0},{"event_name":"Purifier","player_choice":"One Purge","floor":21,"damage_taken":0},{"event_name":"Colosseum","player_choice":"Fight","floor":29,"damage_taken":0},{"event_name":"Colosseum","player_choice":"Fled From Nobs","floor":29,"damage_taken":0},{"event_name":"Vampires","player_choice":"Ignored","floor":30,"damage_taken":0}],"is_beta":false,"boss_relics":[{"not_picked":["Calling Bell","Fusion Hammer"],"picked":"Mark of Pain"}],"items_purged_floors":[22],"is_endless":false,"potions_floor_spawned":[10,14,16,27,29],"killed_by":"Slavers","ascension_level":1}