{"gold_per_floor":[113,38,49,64,64,64,93,107,107,57,85,35,48,64,64,167,167,183,18,30,47,59,9,24,53,80,93,103,115,146,166,166,262,262,281,231,245,41,54,85,85,101,101,115,115,145,145,176,176,176,176,176,126,157,157],"floor_reached":56,"playtime":7015,"items_purged":["Injury","Strike_B","Strike_B","Strike_B","Defend_B","Defend_B","Defend_B"],"score":1372,"play_id":"35f3c7e1-b081-40ea-83c2-f913485d8020","local_time":"20190914223854","is_ascension_mode":true,"campfire_choices":[{"data":"Seek","floor":6,"key":"SMITH"},{"data":"Go for the Eyes","floor":15,"key":"SMITH"},{"data":"Capacitor","floor":32,"key":"SMITH"},{"data":"Skim","floor":41,"key":"SMITH"},{"data":"Zap","floor":45,"key":"SMITH"},{"floor":49,"key":"RECALL"},{"data":"Defend_B","floor":52,"key":"PURGE"}],"neow_cost":"CURSE","seed_source_timestamp":770774794770100,"circlet_count":0,"master_deck":["Zap+1","Dualcast","Seek+1","Gash","Gash","Beam Cell","Go for the Eyes+1","Glacier","Reinforced Body","Chill","Electrodynamics","All For One","Gash","Capacitor+1","Double Energy","Genetic Algorithm","Streamline+1","Hologram","Consume+1","Conserve Battery+1","Lockon+1","Glacier","Conserve Battery","Core Surge","Skim+1","Turbo+1","Gash+1","Recycle+1","Hologram+1","Steam+1","Decay"],"relics":["Cracked Core","Smiling Mask","Gremlin Horn","Peace Pipe","Nuclear Battery","Cables","PreservedInsect","Bronze Scales","Coffee Dripper","Runic Capacitor","Molten Egg 2","StoneCalendar","Lantern","Boot"],"potions_floor_usage":[48,55,55,55],"damage_taken":[{"damage":2,"enemies":"2 Louse","floor":1,"turns":3},{"damage":0,"enemies":"Cultist","floor":3,"turns":3},{"damage":0,"enemies":"Small Slimes","floor":4,"turns":3},{"damage":16,"enemies":"3 Sentries","floor":7,"turns":7},{"damage":11,"enemies":"Red Slaver","floor":8,"turns":4},{"damage":7,"enemies":"Lagavulin","floor":11,"turns":7},{"damage":2,"enemies":"Blue Slaver","floor":13,"turns":3},{"damage":4,"enemies":"Gremlin Gang","floor":14,"turns":4},{"damage":7,"enemies":"The Guardian","floor":16,"turns":12},{"damage":0,"enemies":"Chosen","floor":18,"turns":3},{"damage":1,"enemies":"2 Thieves","floor":20,"turns":3},{"damage":0,"enemies":"Cultist and Chosen","floor":21,"turns":5},{"damage":0,"enemies":"Snecko","floor":22,"turns":5},{"damage":15,"enemies":"Sentry and Sphere","floor":24,"turns":6},{"damage":9,"enemies":"Slavers","floor":25,"turns":5},{"damage":1,"enemies":"Snake Plant","floor":27,"turns":4},{"damage":0,"enemies":"Snecko","floor":28,"turns":4},{"damage":0,"enemies":"Centurion and Healer","floor":29,"turns":4},{"damage":0,"enemies":"Gremlin Leader","floor":30,"turns":5},{"damage":0,"enemies":"Cultist and Chosen","floor":31,"turns":4},{"damage":30,"enemies":"Automaton","floor":33,"turns":13},{"damage":0,"enemies":"3 Shapes","floor":35,"turns":4},{"damage":0,"enemies":"3 Darklings","floor":37,"turns":4},{"damage":0,"enemies":"Jaw Worm Horde","floor":39,"turns":4},{"damage":0,"enemies":"Reptomancer","floor":40,"turns":3},{"damage":0,"enemies":"Sphere and 2 Shapes","floor":42,"turns":4},{"damage":9,"enemies":"Maw","floor":44,"turns":6},{"damage":0,"enemies":"Giant Head","floor":46,"turns":5},{"damage":18,"enemies":"Nemesis","floor":48,"turns":5},{"damage":40,"enemies":"Time Eater","floor":50,"turns":9},{"damage":23,"enemies":"Shield and Spear","floor":54,"turns":5},{"damage":24,"enemies":"The Heart","floor":55,"turns":8}],"seed_played":"3233794473289440806","potions_obtained":[{"floor":3,"key":"FearPotion"},{"floor":4,"key":"Ancient Potion"},{"floor":8,"key":"Regen Potion"},{"floor":14,"key":"Regen Potion"},{"floor":16,"key":"SpeedPotion"},{"floor":25,"key":"Block Potion"},{"floor":54,"key":"Swift Potion"}],"is_trial":false,"path_per_floor":["M","$","M","M","?","R","E","M","T","$","E","$","M","M","R","B",null,"M","$","M","M","M","$","M","E","T","M","M","M","E","M","R","B",null,"M","$","M","$","M","E","R","M","T","M","R","E","?","E","R","B",null,"R","$","E","B",null],"character_chosen":"DEFECT","items_purchased":["Capacitor","Double Energy","Runic Capacitor"],"campfire_rested":0,"item_purchase_floors":[19,19,38],"current_hp_per_floor":[73,73,73,73,73,73,57,46,46,46,39,39,37,33,33,26,75,75,75,74,74,74,74,59,50,50,49,49,49,49,49,49,19,75,75,75,75,75,75,75,75,75,75,66,66,66,66,48,48,8,75,75,75,52,73],"gold":157,"neow_bonus":"THREE_RARE_CARDS","is_prod":false,"is_daily":false,"chose_seed":false,"campfire_upgraded":5,"win_rate":0,"timestamp":1568493534,"path_taken":["M","$","M","M","?","R","E","M","T","$","E","?","?","M","R","BOSS","M","$","M","M","M","$","M","E","T","M","?","M","E","M","R","BOSS","M","$","M","$","M","E","R","M","T","M","R","E","?","E","R","BOSS","R","$","E","BOSS"],"build_version":"2019-07-17","purchased_purges":7,"victory":true,"max_hp_per_floor":[75,75,75,75,75,75,75,75,75,75,75,75,75,75,75,75,75,75,75,75,75,75,75,75,75,75,75,75,75,75,75,75,75,75,75,75,75,75,75,75,75,75,75,75,75,75,75,75,75,75,75,75,75,75,75],"card_choices":[{"not_picked":["Creative AI","Buffer"],"picked":"Seek","floor":0},{"not_picked":["Turbo","Chaos"],"picked":"Gash","floor":1},{"not_picked":["Stack","Blizzard"],"picked":"Gash","floor":3},{"not_picked":["Rebound","Cold Snap"],"picked":"Beam Cell","floor":4},{"not_picked":["Steam","Barrage","Rebound"],"picked":"SKIP","floor":7},{"not_picked":["FTL","Streamline"],"picked":"Glacier","floor":8},{"not_picked":["Ball Lightning","Undo"],"picked":"Reinforced Body","floor":11},{"not_picked":["Sweeping Beam","Stack"],"picked":"Chill","floor":13},{"not_picked":["Hologram","Darkness"],"picked":"Electrodynamics","floor":14},{"not_picked":["Biased Cognition","Rainbow"],"picked":"All For One","floor":16},{"not_picked":["Conserve Battery","Cold Snap"],"picked":"Gash","floor":18},{"not_picked":["Chaos","Fusion"],"picked":"Genetic Algorithm","floor":20},{"not_picked":["Rebound","Coolheaded"],"picked":"Streamline+1","floor":21},{"not_picked":["Sweeping Beam","Rebound"],"picked":"Hologram","floor":22},{"not_picked":["Beam Cell","Hyperbeam"],"picked":"Consume+1","floor":24},{"not_picked":["Leap+1","Streamline"],"picked":"Conserve Battery+1","floor":25},{"not_picked":["Aggregate","Static Discharge+1"],"picked":"Lockon+1","floor":27},{"not_picked":["Go for the Eyes","Redo","Hologram"],"picked":"SKIP","floor":28},{"not_picked":["Aggregate","Beam Cell"],"picked":"Glacier","floor":29},{"not_picked":["Go for the Eyes","Cold Snap+1","Redo"],"picked":"SKIP","floor":30},{"not_picked":["Steam Power","Sweeping Beam"],"picked":"Conserve Battery","floor":31},{"not_picked":["All For One","Electrodynamics"],"picked":"Core Surge","floor":33},{"not_picked":["Defragment","Turbo+1"],"picked":"Skim","floor":35},{"not_picked":["Double Energy+1","Rip and Tear"],"picked":"Turbo+1","floor":37},{"not_picked":["Ball Lightning+1","Reinforced Body+1"],"picked":"Gash+1","floor":39},{"not_picked":["Steam","Redo+1"],"picked":"Recycle+1","floor":40},{"not_picked":["Streamline+1","Sunder+1"],"picked":"Hologram+1","floor":42},{"not_picked":["Melter+1","Go for the Eyes+1"],"picked":"Steam+1","floor":44},{"not_picked":["Doom and Gloom+1","Loop+1","Rebound+1"],"picked":"SKIP","floor":46},{"not_picked":["Storm","Rebound+1","Streamline+1"],"picked":"SKIP","floor":48},{"not_picked":["Beam Cell+1","Barrage+1","Heatsinks"],"picked":"SKIP","floor":54}],"player_experience":104963,"relics_obtained":[{"floor":7,"key":"Smiling Mask"},{"floor":9,"key":"Gremlin Horn"},{"floor":11,"key":"Peace Pipe"},{"floor":25,"key":"Cables"},{"floor":26,"key":"PreservedInsect"},{"floor":30,"key":"Bronze Scales"},{"floor":40,"key":"Molten Egg 2"},{"floor":46,"key":"StoneCalendar"},{"floor":48,"key":"Lantern"},{"floor":54,"key":"Boot"}],"event_choices":[{"damage_healed":0,"gold_gain":0,"cards_transformed":["Strike_B"],"player_choice":"Transformed","damage_taken":0,"max_hp_gain":0,"max_hp_loss":0,"event_name":"Transmorgrifier","floor":5,"gold_loss":0,"cards_obtained":["Go for the Eyes"]},{"damage_healed":0,"gold_gain":0,"player_choice":"Cursed","damage_taken":0,"max_hp_gain":0,"max_hp_loss":0,"event_name":"Wheel of Change","floor":47,"gold_loss":0,"cards_obtained":["Decay"]}],"is_beta":false,"boss_relics":[{"not_picked":["Runic Dome","Tiny House"],"picked":"Nuclear Battery"},{"not_picked":["FrozenCore","Eternal Feather"],"picked":"Coffee Dripper"}],"items_purged_floors":[2,10,12,19,23,36,53],"is_endless":false,"potions_floor_spawned":[3,4,8,14,16,20,22,25,27,30,35,40,42,44,46,54],"ascension_level":1}