{"gold_per_floor":[115,115,80,97,116,116,141,141,218,218,228,9,9,24,24,122,122,136,136,47,47,47,72,82,107,107,107],"floor_reached":27,"playtime":1623,"items_purged":[],"score":274,"play_id":"7ee44d54-932e-4efa-9ecc-5aa144c05936","local_time":"20190912233740","is_ascension_mode":false,"campfire_choices":[{"data":"Inflame","floor":6,"key":"SMITH"},{"data":"Twin Strike","floor":8,"key":"SMITH"},{"data":"Headbutt","floor":10,"key":"SMITH"},{"data":"Perfected Strike","floor":13,"key":"SMITH"},{"data":"Spot Weakness","floor":15,"key":"SMITH"}],"neow_cost":"PERCENT_DAMAGE","seed_source_timestamp":53208774065400,"circlet_count":0,"master_deck":["Strike_R","Strike_R","Strike_R","Strike_R","Strike_R","Defend_R","Defend_R","Defend_R","Bash","Inflame+1","Twin Strike+1","Headbutt+1","Impervious","Spot Weakness+1","Perfected Strike+1","Demon Form","Flex","Perfected Strike+1","Wild Strike","Power Through","Reckless Charge","Flex","Warcry"],"relics":["Burning Blood","Mango","Strawberry","Mummified Hand","HandDrill","Black Star","Pen Nib","Darkstone Periapt","Self Forming Clay","StoneCalendar","Thread and Needle"],"potions_floor_usage":[16,16,23,25,25],"damage_taken":[{"damage":4,"enemies":"Small Slimes","floor":1,"turns":4},{"damage":9,"enemies":"Jaw Worm","floor":4,"turns":4},{"damage":1,"enemies":"Cultist","floor":5,"turns":3},{"damage":15,"enemies":"Gremlin Nob","floor":7,"turns":4},{"damage":0,"enemies":"2 Fungi Beasts","floor":11,"turns":2},{"damage":14,"enemies":"Exordium Thugs","floor":14,"turns":4},{"damage":32,"enemies":"Slime Boss","floor":16,"turns":7},{"damage":36,"enemies":"3 Byrds","floor":18,"turns":5},{"damage":43,"enemies":"Book of Stabbing","floor":23,"turns":5},{"damage":10,"enemies":"Spheric Guardian","floor":24,"turns":3},{"damage":24,"enemies":"Gremlin Leader","floor":25,"turns":6},{"damage":15,"enemies":"Centurion and Healer","floor":27,"turns":3}],"seed_played":"-7959780897337729325","potions_obtained":[{"floor":1,"key":"Weak Potion"},{"floor":4,"key":"SmokeBomb"},{"floor":11,"key":"FearPotion"},{"floor":14,"key":"Strength Potion"},{"floor":18,"key":"Energy Potion"},{"floor":24,"key":"Dexterity Potion"},{"floor":25,"key":"Swift Potion"}],"is_trial":false,"path_per_floor":["M","?","?","M","M","R","E","R","T","R","M","$","R","M","R","B",null,"M","?","$","$","?","E","M","E","T","M"],"character_chosen":"IRONCLAD","items_purchased":["HandDrill","Perfected Strike","Wild Strike","Power Through"],"campfire_rested":0,"item_purchase_floors":[12,12,20,20],"current_hp_per_floor":[72,65,88,85,90,90,88,88,88,88,94,94,94,86,86,60,101,71,71,71,71,71,34,30,12,12,0],"gold":107,"neow_bonus":"ONE_RARE_RELIC","is_prod":false,"is_daily":false,"chose_seed":false,"campfire_upgraded":5,"win_rate":0.0,"timestamp":1568356660,"path_taken":["M","?","?","M","M","R","E","R","T","R","?","?","R","M","R","BOSS","M","?","?","$","?","E","M","E","T","?"],"build_version":"2019-07-17","purchased_purges":0,"victory":false,"max_hp_per_floor":[94,94,94,94,94,94,101,101,101,101,101,101,101,101,101,101,101,101,101,101,101,101,101,101,101,101,101],"card_choices":[{"not_picked":["Intimidate","Body Slam"],"picked":"Inflame","floor":1},{"not_picked":["Sword Boomerang","Reckless Charge"],"picked":"Twin Strike","floor":4},{"not_picked":["Entrench","Wild Strike"],"picked":"Headbutt","floor":5},{"not_picked":["Pommel Strike","Inflame"],"picked":"Impervious","floor":7},{"not_picked":["Shrug It Off","Feel No Pain"],"picked":"Spot Weakness","floor":11},{"not_picked":["Power Through","Shrug It Off"],"picked":"Feel No Pain","floor":14},{"not_picked":["Immolate","Brutality"],"picked":"Demon Form","floor":16},{"not_picked":["Pommel Strike","Armaments"],"picked":"Flex","floor":18},{"not_picked":["Hemokinesis","Searing Blow"],"picked":"Reckless Charge","floor":23},{"not_picked":["Iron Wave","Second Wind"],"picked":"Flex","floor":24},{"not_picked":["Thunderclap","Entrench"],"picked":"Warcry","floor":25}],"player_experience":33146,"relics_obtained":[{"floor":7,"key":"Strawberry"},{"floor":9,"key":"Mummified Hand"},{"floor":23,"key":"Pen Nib"},{"floor":23,"key":"Darkstone Periapt"},{"floor":25,"key":"Self Forming Clay"},{"floor":25,"key":"StoneCalendar"},{"floor":26,"key":"Thread and Needle"}],"event_choices":[{"cards_removed":["Defend_R"],"damage_healed":0,"gold_gain":0,"player_choice":"Card Removal","damage_taken":7,"max_hp_gain":0,"max_hp_loss":0,"event_name":"Golden Wing","floor":2,"gold_loss":0},{"damage_healed":23,"gold_gain":0,"player_choice":"Healed","damage_taken":0,"max_hp_gain":0,"max_hp_loss":0,"event_name":"The Cleric","floor":3,"gold_loss":35},{"damage_healed":0,"gold_gain":0,"player_choice":"Copied","damage_taken":0,"max_hp_gain":0,"max_hp_loss":0,"event_name":"Duplicator","floor":19,"gold_loss":0,"cards_obtained":["Perfected Strike"]},{"cards_removed":["Feel No Pain"],"damage_healed":0,"gold_gain":0,"player_choice":"Purged","damage_taken":0,"max_hp_gain":0,"max_hp_loss":0,"event_name":"Purifier","floor":22,"gold_loss":0}],"is_beta":false,"boss_relics":[{"not_picked":["Ectoplasm","Tiny House"],"picked":"Black Star"}],"items_purged_floors":[],"is_endless":false,"potions_floor_spawned":[1,4,11,14,18,24,25],"killed_by":"Centurion and Healer","ascension_level":0}