{"gold_per_floor":[115,40,40,115,132,164,164,190,241,241,241,53,64,89,89,184,184,195,120,131,146,161,188,188,220,220,220,22,42,70,84,84,185,185,203,203,223,242,242,271,271,305,350,2,27,45,80,80,80,80,80,80,2,32,32],"floor_reached":56,"playtime":5178,"items_purged":["Strike_G","Strike_G","Shame"],"score":1951,"play_id":"b16ba292-230e-44ff-8e0b-cd591d8193e5","local_time":"20191025110833","is_ascension_mode":true,"campfire_choices":[{"floor":7.0,"key":"REST"},{"floor":10.0,"key":"REST"},{"data":"Skewer","floor":15.0,"key":"SMITH"},{"floor":24.0,"key":"REST"},{"floor":32.0,"key":"REST"},{"floor":41.0,"key":"REST"},{"floor":49.0,"key":"RECALL"},{"data":"1","floor":52,"key":"LIFT"}],"neow_cost":"NONE","seed_source_timestamp":0,"circlet_count":0,"master_deck":["AscendersBane","Strike_G+1","Defend_G","Defend_G","Defend_G","Defend_G","Defend_G","Survivor","Neutralize","Dagger Throw","Endless Agony","Dodge and Roll","Skewer+1","Dagger Spray+1","Footwork","PiercingWail","Night Terror","Malaise","Cloak And Dagger","PiercingWail","Backflip+1","Envenom","Deadly Poison","Skewer","Backflip+1","Caltrops","Corpse Explosion","Backflip+1","PiercingWail","Finisher+1","Footwork+1","Burst","Escape Plan+1","Skewer","PiercingWail+1","Backstab","Well Laid Plans","Infinite Blades+1","Bandage Up","Setup+1"],"special_seed":0,"relics":["Ring of the Snake","Anchor","PreservedInsect","Bag of Marbles","Meat on the Bone","Dream Catcher","Spirit Poop","Pear","Fusion Hammer","Orichalcum","Ninja Scroll","Pantograph","Blood Vial","Chemical X","The Specimen","Orrery","Whetstone","Girya","Snake Skull","Bottled Lightning","Bottled Tornado","Centennial Puzzle"],"potions_floor_usage":[55,55],"damage_taken":[{"damage":11.0,"enemies":"Jaw Worm","floor":1.0,"turns":5.0},{"damage":0.0,"enemies":"2 Louse","floor":5.0,"turns":2.0},{"damage":37.0,"enemies":"3 Sentries","floor":6.0,"turns":17.0},{"damage":15.0,"enemies":"Lagavulin","floor":8.0,"turns":7.0},{"damage":0.0,"enemies":"Cultist","floor":13.0,"turns":3.0},{"damage":10.0,"enemies":"3 Sentries","floor":14.0,"turns":8.0},{"damage":30.0,"enemies":"The Guardian","floor":16.0,"turns":19.0},{"damage":18.0,"enemies":"Spheric Guardian","floor":18.0,"turns":6.0},{"damage":0.0,"enemies":"Chosen","floor":20.0,"turns":8.0},{"damage":12.0,"enemies":"Snecko","floor":21.0,"turns":8.0},{"damage":14.0,"enemies":"Shelled Parasite and Fungi","floor":22.0,"turns":11.0},{"damage":41.0,"enemies":"Gremlin Leader","floor":23.0,"turns":10.0},{"damage":14.0,"enemies":"Book of Stabbing","floor":25.0,"turns":6.0},{"damage":0.0,"enemies":"Centurion and Healer","floor":29.0,"turns":6.0},{"damage":0.0,"enemies":"Gremlin Leader","floor":30.0,"turns":5.0},{"damage":0.0,"enemies":"3 Cultists","floor":31.0,"turns":5.0},{"damage":45.0,"enemies":"Collector","floor":33.0,"turns":12.0},{"damage":1.0,"enemies":"3 Darklings","floor":35.0,"turns":4.0},{"damage":2.0,"enemies":"3 Shapes","floor":37.0,"turns":3.0},{"damage":19.0,"enemies":"Writhing Mass","floor":38.0,"turns":6.0},{"damage":23.0,"enemies":"Nemesis","floor":40.0,"turns":7.0},{"damage":12.0,"enemies":"Giant Head","floor":42.0,"turns":6.0},{"damage":0.0,"enemies":"Nemesis","floor":45.0,"turns":7.0},{"damage":15.0,"enemies":"Transient","floor":46.0,"turns":5.0},{"damage":7.0,"enemies":"Reptomancer","floor":47.0,"turns":5.0},{"damage":19,"enemies":"Time Eater","floor":50,"turns":15},{"damage":6,"enemies":"Shield and Spear","floor":54,"turns":4},{"damage":51,"enemies":"The Heart","floor":55,"turns":9}],"seed_played":"995806596232793307","potions_obtained":[{"floor":5.0,"key":"PowerPotion"},{"floor":6.0,"key":"SneckoOil"},{"floor":14.0,"key":"SpeedPotion"},{"floor":16.0,"key":"Dexterity Potion"},{"floor":18.0,"key":"Strength Potion"},{"floor":33.0,"key":"LiquidBronze"},{"floor":35.0,"key":"Block Potion"},{"floor":42.0,"key":"SpeedPotion"}],"is_trial":false,"path_per_floor":["M","$","?","?","M","E","R","E","T","R","?","$","M","E","R","B",null,"M","?","M","M","M","E","R","E","T","?","$","M","E","M","R","B",null,"M","?","M","M","?","E","R","E","T","$","E","M","E","?","R","B",null,"R","$","E","B",null],"character_chosen":"THE_SILENT","items_purchased":["Footwork","Weak Potion","Chemical X","Snake Skull","Well Laid Plans","GhostInAJar"],"campfire_rested":5,"item_purchase_floors":[12,12,28,44,44,53],"current_hp_per_floor":[52,52,52,41,41,4,25,10,10,31,31,31,43,55,55,37,69,51,51,51,51,49,20,44,42,42,42,42,44,46,48,72,47,72,73,73,73,56,56,47,71,61,61,61,63,50,45,45,45,57,74,74,74,74,43],"gold":32,"neow_bonus":"RANDOM_COMMON_RELIC","is_prod":false,"is_daily":false,"chose_seed":false,"campfire_upgraded":1,"win_rate":0,"timestamp":1572026913,"path_taken":["M","$","?","?","M","E","R","E","T","R","?","$","?","E","R","BOSS","M","?","M","M","M","E","R","E","T","?","$","M","E","M","R","BOSS","M","?","M","M","?","E","R","E","T","$","E","M","E","?","R","BOSS","R","$","E","BOSS"],"build_version":"2019-07-17","purchased_purges":3,"victory":true,"max_hp_per_floor":[70,70,70,70,70,70,70,70,70,70,70,70,70,80,80,80,80,80,80,80,80,80,80,80,80,80,80,80,80,80,80,80,80,80,80,80,80,80,80,80,80,80,80,80,80,80,80,80,80,80,80,80,80,80,80],"card_choices":[{"not_picked":["PiercingWail","Setup"],"picked":"Dagger Throw","floor":1.0},{"not_picked":["Slice","Underhanded Strike"],"picked":"Endless Agony","floor":5.0},{"not_picked":["Dagger Throw","Accuracy"],"picked":"Dodge and Roll","floor":6.0},{"not_picked":["Flechettes","Quick Slash"],"picked":"Skewer","floor":8.0},{"not_picked":["Dagger Throw","Concentrate"],"picked":"Dagger Spray","floor":10.0},{"not_picked":["Flechettes","Poisoned Stab"],"picked":"PiercingWail","floor":13.0},{"not_picked":["Terror","Skewer"],"picked":"Night Terror","floor":14.0},{"not_picked":["Die Die Die","Unload"],"picked":"Malaise","floor":16.0},{"not_picked":["Terror","Infinite Blades","Outmaneuver"],"picked":"SKIP","floor":18.0},{"not_picked":["Endless Agony","Choke+1"],"picked":"Cloak And Dagger","floor":20.0},{"not_picked":["Quick Slash+1","Distraction+1"],"picked":"PiercingWail","floor":21.0},{"not_picked":["Flying Knee","Outmaneuver+1"],"picked":"Backflip+1","floor":22.0},{"not_picked":["Choke","Bane"],"picked":"Envenom","floor":23.0},{"not_picked":["Cloak And Dagger","Prepared+1"],"picked":"Deadly Poison","floor":25.0},{"not_picked":["Backflip","Grand Finale"],"picked":"Skewer","floor":29.0},{"not_picked":["Distraction+1","Concentrate","Endless Agony+1"],"picked":"SKIP","floor":30.0},{"not_picked":["Slice","Outmaneuver+1"],"picked":"Backflip+1","floor":31.0},{"not_picked":["Dash","Blade Dance"],"picked":"Caltrops","floor":32.0},{"not_picked":["Grand Finale","Burst"],"picked":"Corpse Explosion","floor":33.0},{"not_picked":["Deadly Poison+1","Infinite Blades"],"picked":"Backflip+1","floor":34.0},{"not_picked":["Poisoned Stab","Underhanded Strike"],"picked":"PiercingWail","floor":34.0},{"not_picked":["Sucker Punch","Flying Knee"],"picked":"Finisher+1","floor":34.0},{"not_picked":["Prepared","Backstab"],"picked":"Footwork+1","floor":34.0},{"not_picked":["Tactician+1","Sucker Punch+1"],"picked":"Burst","floor":35.0},{"not_picked":["Riddle With Holes","Deflect+1"],"picked":"Escape Plan+1","floor":37.0},{"not_picked":["Prepared","Acrobatics"],"picked":"Skewer","floor":38.0},{"not_picked":["Tactician","Quick Slash+1"],"picked":"PiercingWail+1","floor":40.0},{"not_picked":["Deadly Poison+1","Terror"],"picked":"Backstab","floor":41.0},{"not_picked":["Grand Finale","Slice+1","Sucker Punch"],"picked":"SKIP","floor":42.0},{"not_picked":["Sucker Punch","Terror"],"picked":"Infinite Blades+1","floor":45.0},{"not_picked":["Escape Plan","Finisher+1","Dash"],"picked":"SKIP","floor":46.0},{"not_picked":["Dodge and Roll","Flying Knee","Finisher"],"picked":"SKIP","floor":47.0},{"not_picked":["Violence","Jack Of All Trades"],"picked":"Bandage Up","floor":48.0},{"not_picked":["Heel Hook","Predator+1"],"picked":"Setup+1","floor":54}],"player_experience":449821,"relics_obtained":[{"floor":6.0,"key":"Bag of Marbles"},{"floor":8.0,"key":"Meat on the Bone"},{"floor":9.0,"key":"Dream Catcher"},{"floor":14.0,"key":"Pear"},{"floor":23.0,"key":"Orichalcum"},{"floor":25.0,"key":"Ninja Scroll"},{"floor":26.0,"key":"Pantograph"},{"floor":30.0,"key":"The Specimen"},{"floor":40.0,"key":"Whetstone"},{"floor":42.0,"key":"Girya"},{"floor":45.0,"key":"Bottled Lightning"},{"floor":47.0,"key":"Bottled Tornado"},{"floor":54,"key":"Centennial Puzzle"}],"event_choices":[{"damage_healed":0.0,"max_hp_gain":0.0,"max_hp_loss":0.0,"gold_gain":0.0,"event_name":"Big Fish","player_choice":"Box","floor":3.0,"gold_loss":0.0,"damage_taken":0.0,"relics_obtained":["PreservedInsect"],"cards_obtained":["Regret"]},{"damage_healed":0.0,"max_hp_gain":0.0,"max_hp_loss":0.0,"gold_gain":75.0,"event_name":"World of Goop","player_choice":"Gather Gold","floor":4.0,"gold_loss":0.0,"damage_taken":11.0},{"cards_removed":["Regret"],"damage_healed":0.0,"max_hp_gain":0.0,"max_hp_loss":0.0,"gold_gain":0.0,"event_name":"Bonfire Elementals","player_choice":"Offered Curse","floor":11.0,"gold_loss":0.0,"damage_taken":0.0,"relics_obtained":["Spirit Poop"]},{"cards_removed":["Strike_G"],"damage_healed":0.0,"max_hp_gain":0.0,"max_hp_loss":0.0,"gold_gain":0.0,"event_name":"Beggar","player_choice":"Gave Gold","floor":19.0,"gold_loss":75.0,"damage_taken":0.0},{"damage_healed":0.0,"max_hp_gain":0.0,"max_hp_loss":0.0,"gold_gain":0.0,"event_name":"Addict","player_choice":"Stole Relic","floor":27.0,"gold_loss":0.0,"damage_taken":0.0,"relics_obtained":["Blood Vial"],"cards_obtained":["Shame"]},{"cards_removed":["Strike_G"],"damage_healed":0.0,"max_hp_gain":0.0,"max_hp_loss":0.0,"gold_gain":0.0,"event_name":"Falling","player_choice":"Removed Attack","floor":36.0,"gold_loss":0.0,"damage_taken":0.0},{"damage_healed":0.0,"max_hp_gain":0.0,"max_hp_loss":0.0,"gold_gain":0.0,"event_name":"Tomb of Lord Red Mask","player_choice":"Ignored","floor":39.0,"gold_loss":0.0,"damage_taken":0.0},{"damage_healed":0.0,"max_hp_gain":0.0,"max_hp_loss":0.0,"gold_gain":0.0,"event_name":"SensoryStone","player_choice":"Memory 1","floor":48.0,"gold_loss":0.0,"damage_taken":0.0}],"is_beta":false,"boss_relics":[{"not_picked":["Tiny House","White Beast Statue"],"picked":"Fusion Hammer"},{"not_picked":["Runic Pyramid","Calling Bell"],"picked":"Orrery"}],"items_purged_floors":[2,12,44],"is_endless":false,"potions_floor_spawned":[5,6,14,16,18,21,30,33,35,37,42,45,54],"ascension_level":11}