{"gold_per_floor":[118,138,17,35,35,69,89,106,175,208,208,208,219,219,219,321,321,331,351,368,368,378,378,404,404,427,427,482,482,502,171,171,276,276,289,306,24,24,41,71,84,113,195,195,228,245,245,276,276,276,276,276,15,40,40],"floor_reached":55,"playtime":2945,"items_purged":["Strike_B","Defend_B","Parasite"],"score":892,"play_id":"b08e8c5e-8781-45c6-a37f-23807fb4b96c","local_time":"20190716182613","is_ascension_mode":false,"campfire_choices":[{"data":"Defend_B","floor":11,"key":"PURGE"},{"data":"Beam Cell","floor":15,"key":"SMITH"},{"data":"Strike_B","floor":23,"key":"PURGE"},{"data":"Multi-Cast","floor":25,"key":"SMITH"},{"data":"Dualcast","floor":27,"key":"PURGE"},{"floor":29,"key":"REST"},{"data":"Consume","floor":32,"key":"SMITH"},{"data":"Normality","floor":44,"key":"PURGE"},{"floor":49,"key":"RECALL"},{"data":"Capacitor","floor":52,"key":"SMITH"}],"neow_cost":"NONE","seed_source_timestamp":515736935345388,"circlet_count":0,"master_deck":["Zap","Core Surge","Hologram","Cold Snap","Beam Cell+1","Doom and Gloom","Melter","Reinforced Body+1","BootSequence","Gash","Multi-Cast+1","Melter+1","Capacitor+1","Skim","Seek","Steam+1","Consume+1","Gash","Cold Snap","Leap+1","Glacier+1","Coolheaded+1","Gash+1","Ball Lightning+1","Gash","Biased Cognition","Recycle","Capacitor+1"],"relics":["Cracked Core","Pear","Shuriken","Peace Pipe","DataDisk","Empty Cage","Regal Pillow","Strawberry","Tiny Chest","Bag of Preparation","Cursed Key","Membership Card","War Paint","Boot","Unceasing Top","NlothsMask","Meat on the Bone","Orichalcum","Centennial Puzzle","Blood Vial"],"potions_floor_usage":[6,16,20,20,28,33,41,55,55,55],"damage_taken":[{"damage":0,"enemies":"Cultist","floor":1,"turns":3},{"damage":0,"enemies":"2 Louse","floor":2,"turns":2},{"damage":1,"enemies":"Jaw Worm","floor":4,"turns":3},{"damage":4,"enemies":"Gremlin Nob","floor":6,"turns":3},{"damage":2,"enemies":"Exordium Wildlife","floor":7,"turns":3},{"damage":6,"enemies":"Lots of Slimes","floor":8,"turns":3},{"damage":11,"enemies":"Lagavulin","floor":10,"turns":6},{"damage":0,"enemies":"Red Slaver","floor":13,"turns":2},{"damage":0,"enemies":"Slime Boss","floor":16,"turns":6},{"damage":0,"enemies":"Chosen","floor":18,"turns":3},{"damage":7,"enemies":"Shell Parasite","floor":19,"turns":4},{"damage":9,"enemies":"Snake Plant","floor":20,"turns":3},{"damage":26,"enemies":"3 Cultists","floor":22,"turns":5},{"damage":24,"enemies":"Book of Stabbing","floor":28,"turns":5},{"damage":0,"enemies":"Centurion and Healer","floor":30,"turns":5},{"damage":34,"enemies":"Champ","floor":33,"turns":10},{"damage":0,"enemies":"3 Shapes","floor":35,"turns":4},{"damage":24,"enemies":"3 Darklings","floor":36,"turns":5},{"damage":0,"enemies":"Maw","floor":39,"turns":8},{"damage":5,"enemies":"Nemesis","floor":40,"turns":9},{"damage":0,"enemies":"Jaw Worm Horde","floor":41,"turns":6},{"damage":13,"enemies":"Reptomancer","floor":42,"turns":7},{"damage":16,"enemies":"Giant Head","floor":45,"turns":9},{"damage":0,"enemies":"Writhing Mass","floor":46,"turns":4},{"damage":18,"enemies":"Nemesis","floor":48,"turns":7},{"damage":0,"enemies":"Time Eater","floor":50,"turns":14},{"damage":21,"enemies":"Shield and Spear","floor":54,"turns":9},{"damage":74,"enemies":"The Heart","floor":55,"turns":8}],"seed_played":"1956977919035040280","potions_obtained":[{"floor":2,"key":"AttackPotion"},{"floor":4,"key":"SpeedPotion"},{"floor":8,"key":"Energy Potion"},{"floor":16,"key":"Swift Potion"},{"floor":19,"key":"Block Potion"},{"floor":20,"key":"Weak Potion"},{"floor":28,"key":"Regen Potion"},{"floor":36,"key":"Strength Potion"},{"floor":42,"key":"Fire Potion"},{"floor":45,"key":"Dexterity Potion"}],"is_trial":false,"path_per_floor":["M","M","$","M","$","E","M","M","T","E","R","?","M","?","R","B",null,"M","M","M","?","M","R","T","R","T","R","E","R","M","$","R","B",null,"M","M","$","?","M","E","M","E","T","R","E","M","?","E","R","B",null,"R","$","E","B"],"character_chosen":"DEFECT","items_purchased":["Beam Cell","Consume","Bag of Preparation","FocusPotion","Gash","Membership Card","Glacier","Orichalcum","Recycle","Centennial Puzzle"],"campfire_rested":1,"item_purchase_floors":[3,31,31,31,31,37,37,53,53,53],"current_hp_per_floor":[75,75,75,74,74,80,78,72,72,61,61,43,43,35,35,35,85,85,78,69,69,43,43,43,43,50,50,26,68,68,68,68,34,92,92,68,68,68,68,63,78,65,65,65,49,49,49,31,31,43,92,92,89,68,0],"gold":40,"neow_bonus":"ONE_RANDOM_RARE_CARD","is_prod":false,"is_daily":false,"chose_seed":false,"campfire_upgraded":4,"win_rate":0,"timestamp":1563297973,"path_taken":["M","M","$","M","?","E","M","M","T","E","R","?","M","?","R","BOSS","M","M","?","?","M","R","?","R","T","R","E","R","?","?","R","BOSS","M","?","$","?","M","E","M","E","T","R","E","M","?","E","R","BOSS","R","$","E","BOSS"],"build_version":"2019-07-05","purchased_purges":3,"victory":false,"max_hp_per_floor":[75,75,75,75,75,85,85,85,85,85,85,85,85,85,85,85,85,85,85,85,85,85,85,85,85,92,92,92,92,92,92,92,92,92,92,92,92,92,92,92,92,92,92,92,92,92,92,92,92,92,92,92,89,89,89],"card_choices":[{"not_picked":["Stack","Chaos"],"picked":"Hologram","floor":1},{"not_picked":["Leap","Auto Shields"],"picked":"Cold Snap","floor":2},{"not_picked":["Hologram","Redo"],"picked":"Doom and Gloom","floor":4},{"not_picked":["Aggregate","Chill"],"picked":"Melter","floor":6},{"not_picked":["Skim","Auto Shields"],"picked":"Reinforced Body","floor":7},{"not_picked":["Double Energy","Undo"],"picked":"BootSequence","floor":8},{"not_picked":["Force Field","Consume","Reinforced Body"],"picked":"SKIP","floor":10},{"not_picked":["Stack","Auto Shields"],"picked":"Gash","floor":13},{"not_picked":["Amplify","Rainbow"],"picked":"Multi-Cast","floor":16},{"not_picked":["Conserve Battery","Leap"],"picked":"Melter+1","floor":18},{"not_picked":["Beam Cell+1","Sunder+1"],"picked":"Capacitor","floor":19},{"not_picked":["Streamline","Cold Snap","Go for the Eyes"],"picked":"SKIP","floor":20},{"not_picked":["Sweeping Beam","Conserve Battery"],"picked":"Skim","floor":22},{"not_picked":["Aggregate","Sweeping Beam"],"picked":"Seek","floor":28},{"not_picked":["Doom and Gloom+1","Rebound+1"],"picked":"Steam+1","floor":30},{"not_picked":["Steam","Fusion+1"],"picked":"Cold Snap","floor":35},{"not_picked":["Undo","White Noise"],"picked":"Leap+1","floor":36},{"not_picked":["Conserve Battery+1","Stack"],"picked":"Coolheaded+1","floor":39},{"not_picked":["Buffer","Doom and Gloom"],"picked":"Gash+1","floor":40},{"not_picked":["Cold Snap+1","Turbo+1"],"picked":"Ball Lightning+1","floor":41},{"not_picked":["Streamline+1","Double Energy"],"picked":"Gash","floor":42},{"not_picked":["Hello World","Rip and Tear","Genetic Algorithm+1"],"picked":"SKIP","floor":45},{"not_picked":["Melter+1","Hologram","Beam Cell+1"],"picked":"SKIP","floor":46},{"not_picked":["Sweeping Beam","Steam+1"],"picked":"Biased Cognition","floor":48},{"not_picked":["Fusion","Compile Driver+1"],"picked":"Capacitor+1","floor":54}],"player_experience":1703863,"relics_obtained":[{"floor":6,"key":"Pear"},{"floor":9,"key":"Shuriken"},{"floor":10,"key":"Peace Pipe"},{"floor":24,"key":"Regal Pillow"},{"floor":26,"key":"Strawberry"},{"floor":28,"key":"Tiny Chest"},{"floor":40,"key":"War Paint"},{"floor":42,"key":"Boot"},{"floor":45,"key":"Unceasing Top"},{"floor":48,"key":"Meat on the Bone"},{"floor":54,"key":"Blood Vial"}],"event_choices":[{"damage_healed":0,"gold_gain":0,"player_choice":"Success","damage_taken":18,"relics_obtained":["DataDisk"],"max_hp_gain":0,"max_hp_loss":0,"event_name":"Scrap Ooze","floor":12,"gold_loss":0},{"damage_healed":0,"gold_gain":0,"player_choice":"Damaged","damage_taken":8,"max_hp_gain":0,"max_hp_loss":0,"event_name":"Wheel of Change","floor":14,"gold_loss":0},{"cards_removed":["Strike_B"],"damage_healed":0,"gold_gain":0,"player_choice":"Elegance","damage_taken":0,"max_hp_gain":0,"max_hp_loss":0,"event_name":"Back to Basics","floor":21,"gold_loss":0},{"cards_removed":["Defend_B"],"damage_healed":0,"gold_gain":0,"player_choice":"Removed Skill","damage_taken":0,"max_hp_gain":0,"max_hp_loss":0,"event_name":"Falling","floor":38,"gold_loss":0},{"damage_healed":0,"gold_gain":0,"player_choice":"Trade","damage_taken":0,"relics_obtained":["NlothsMask"],"max_hp_gain":0,"max_hp_loss":0,"event_name":"FaceTrader","floor":47,"gold_loss":0}],"is_beta":false,"boss_relics":[{"not_picked":["FrozenCore","Busted Crown"],"picked":"Empty Cage"},{"not_picked":["Fusion Hammer","Astrolabe"],"picked":"Cursed Key"}],"items_purged_floors":[3,37,53],"is_endless":false,"potions_floor_spawned":[2,4,8,16,19,20,28,36,40,42,45,48],"killed_by":"The Heart","ascension_level":0}