{"gold_per_floor":[114,126,141,157,82,82,115,126,151,226,126,141,141,162,162,261,261,272,371,168,168,168,168,196,212,212,226,238,257,257,288,288,383,383,398,410,235,246,44,44,54,84,84,96,121,121,131,131,131,131,131,131,43,77,77],"floor_reached":55,"playtime":11659,"items_purged":["Strike_B","Strike_B","Defend_B","Strike_B"],"score":780,"play_id":"9203ccdf-68e9-41b0-8b7e-8cceab875bb4","local_time":"20191026093349","is_ascension_mode":true,"campfire_choices":[{"floor":6.0,"key":"REST"},{"data":"Dualcast","floor":13.0,"key":"SMITH"},{"floor":15.0,"key":"REST"},{"data":"Defragment","floor":23.0,"key":"SMITH"},{"floor":30.0,"key":"REST"},{"data":"Defragment","floor":32.0,"key":"SMITH"},{"data":"Buffer","floor":40.0,"key":"SMITH"},{"floor":46,"key":"RECALL"},{"floor":49,"key":"REST"},{"data":"Madness","floor":52,"key":"SMITH"}],"neow_cost":"NONE","seed_source_timestamp":0,"circlet_count":0,"master_deck":["Defend_B","Zap+1","Dualcast+1","Ball Lightning","Hologram+1","Self Repair","Cold Snap","Hologram","Buffer+1","Coolheaded","BootSequence","Defragment+1","Force Field","Barrage","Defragment+1","Reinforced Body+1","Double Energy","Hello World+1","Go for the Eyes+1","Go for the Eyes","Machine Learning","Leap+1","Storm","Go for the Eyes","Glacier+1","Cold Snap","Cold Snap+1","Cold Snap+1","Parasite","Storm","Madness+1","Madness","Blind","Barrage+1"],"special_seed":0,"relics":["Cracked Core","PreservedInsect","War Paint","Odd Mushroom","Orrery","Art of War","Happy Flower","Velvet Choker","DataDisk","Incense Burner","Question Card","Vajra","Emotion Chip"],"potions_floor_usage":[45],"damage_taken":[{"damage":2.0,"enemies":"Small Slimes","floor":1.0,"turns":3.0},{"damage":6.0,"enemies":"Jaw Worm","floor":2.0,"turns":2.0},{"damage":4.0,"enemies":"2 Louse","floor":3.0,"turns":3.0},{"damage":5.0,"enemies":"Looter","floor":4.0,"turns":3.0},{"damage":17.0,"enemies":"3 Sentries","floor":7.0,"turns":6.0},{"damage":17.0,"enemies":"2 Fungi Beasts","floor":8.0,"turns":5.0},{"damage":4.0,"enemies":"Gremlin Gang","floor":12.0,"turns":5.0},{"damage":0.0,"enemies":"The Mushroom Lair","floor":14.0,"turns":3.0},{"damage":20.0,"enemies":"Slime Boss","floor":16.0,"turns":11.0},{"damage":0.0,"enemies":"Shell Parasite","floor":18.0,"turns":6.0},{"damage":36.0,"enemies":"Gremlin Leader","floor":24.0,"turns":10.0},{"damage":0.0,"enemies":"Chosen","floor":25.0,"turns":4.0},{"damage":6.0,"enemies":"Centurion and Healer","floor":27.0,"turns":7.0},{"damage":2.0,"enemies":"Snecko","floor":28.0,"turns":6.0},{"damage":12.0,"enemies":"3 Cultists","floor":29.0,"turns":5.0},{"damage":8.0,"enemies":"Book of Stabbing","floor":31.0,"turns":5.0},{"damage":2.0,"enemies":"Champ","floor":33.0,"turns":18.0},{"damage":0.0,"enemies":"3 Shapes","floor":35.0,"turns":6.0},{"damage":5.0,"enemies":"Orb Walker","floor":36.0,"turns":4.0},{"damage":10.0,"enemies":"Sphere and 2 Shapes","floor":38.0,"turns":4.0},{"damage":10.0,"enemies":"3 Darklings","floor":41.0,"turns":7.0},{"damage":1.0,"enemies":"Nemesis","floor":42.0,"turns":7.0},{"damage":1.0,"enemies":"Maw","floor":44.0,"turns":9.0},{"damage":5,"enemies":"Reptomancer","floor":45,"turns":5},{"damage":0,"enemies":"Writhing Mass","floor":47,"turns":8},{"damage":20,"enemies":"Time Eater","floor":50,"turns":17},{"damage":73,"enemies":"Shield and Spear","floor":54,"turns":9},{"damage":38,"enemies":"The Heart","floor":55,"turns":2}],"seed_played":"-5711518537647496575","potions_obtained":[{"floor":1.0,"key":"Swift Potion"},{"floor":3.0,"key":"Swift Potion"},{"floor":7.0,"key":"Weak Potion"},{"floor":24.0,"key":"LiquidBronze"},{"floor":25.0,"key":"FocusPotion"},{"floor":28.0,"key":"SpeedPotion"},{"floor":41.0,"key":"LiquidBronze"},{"floor":42.0,"key":"SteroidPotion"},{"floor":44.0,"key":"PowerPotion"}],"is_trial":false,"path_per_floor":["M","M","M","M","$","R","E","M","T","?","$","M","R","?","R","B",null,"M","?","$","?","?","R","E","M","T","M","M","M","R","E","R","B",null,"M","M","$","M","$","R","M","E","T","M","E","R","M","?","R","B",null,"R","$","E","B"],"character_chosen":"DEFECT","items_purchased":["Defragment","Go for the Eyes","DataDisk","Cold Snap","Blind"],"campfire_rested":4,"item_purchase_floors":[20,37,39,39,53],"current_hp_per_floor":[73,67,63,58,58,75,58,48,48,37,37,40,40,47,69,56,75,75,75,75,75,75,75,46,46,46,47,45,40,62,61,61,66,75,75,75,75,72,72,72,69,68,68,74,75,75,75,66,75,62,75,75,75,9,0],"gold":77,"neow_bonus":"REMOVE_CARD","is_prod":false,"is_daily":false,"chose_seed":false,"campfire_upgraded":5,"win_rate":0,"timestamp":1572104029,"path_taken":["M","M","M","M","$","R","E","M","T","?","$","M","R","?","R","BOSS","M","?","$","?","?","R","E","M","T","M","M","M","R","E","R","BOSS","M","M","$","M","$","R","M","E","T","M","E","R","?","?","R","BOSS","R","$","E","BOSS"],"build_version":"2019-07-17","purchased_purges":4,"victory":false,"max_hp_per_floor":[75,75,75,75,75,75,75,75,75,75,75,75,75,75,75,75,75,75,75,75,75,75,75,75,75,75,75,75,75,75,75,75,75,75,75,75,75,75,75,75,75,75,75,75,75,75,75,75,75,75,75,75,75,75,75],"card_choices":[{"not_picked":["Streamline","Rip and Tear"],"picked":"Ball Lightning","floor":1.0},{"not_picked":["Coolheaded","Conserve Battery"],"picked":"Hologram","floor":2.0},{"not_picked":["Chaos","Gash","Steam"],"picked":"SKIP","floor":3.0},{"not_picked":["Auto Shields","Redo","Beam Cell"],"picked":"SKIP","floor":4.0},{"not_picked":["Gash","Meteor Strike"],"picked":"Self Repair","floor":7.0},{"not_picked":["Steam","Ball Lightning","Streamline"],"picked":"SKIP","floor":8.0},{"not_picked":["Loop","Auto Shields"],"picked":"Cold Snap","floor":12.0},{"not_picked":["Sweeping Beam","Rebound"],"picked":"Hologram","floor":14.0},{"not_picked":["Thunder Strike","Multi-Cast"],"picked":"Buffer","floor":16.0},{"not_picked":["Turbo","Sweeping Beam"],"picked":"Coolheaded","floor":17.0},{"not_picked":["Leap","Redo"],"picked":"BootSequence","floor":17.0},{"not_picked":["Core Surge","Hello World"],"picked":"Defragment","floor":17.0},{"not_picked":["Tempest","Barrage"],"picked":"Force Field","floor":17.0},{"not_picked":["Stack","Turbo"],"picked":"Barrage","floor":17.0},{"not_picked":["Redo+1","Leap","Beam Cell+1"],"picked":"SKIP","floor":18.0},{"not_picked":["Static Discharge+1","Coolheaded"],"picked":"Reinforced Body+1","floor":24.0},{"not_picked":["Aggregate","Steam+1"],"picked":"Double Energy","floor":25.0},{"not_picked":["Steam","Streamline"],"picked":"Hello World+1","floor":27.0},{"not_picked":["Leap","Steam","Compile Driver"],"picked":"SKIP","floor":28.0},{"not_picked":["Creative AI","Steam"],"picked":"Go for the Eyes+1","floor":29.0},{"not_picked":["Auto Shields","Turbo"],"picked":"Go for the Eyes","floor":31.0},{"not_picked":["Hyperbeam","Thunder Strike"],"picked":"Machine Learning","floor":33.0},{"not_picked":["Rebound+1","Recycle"],"picked":"Leap+1","floor":35.0},{"not_picked":["Go for the Eyes","Ball Lightning"],"picked":"Storm","floor":36.0},{"not_picked":["Go for the Eyes","Coolheaded+1"],"picked":"Glacier+1","floor":38.0},{"not_picked":["Lockon+1","Redo","Creative AI"],"picked":"SKIP","floor":41.0},{"not_picked":["Skim","Stack+1"],"picked":"Cold Snap+1","floor":42.0},{"not_picked":["Beam Cell","Chill+1","Go for the Eyes"],"picked":"Cold Snap+1","floor":44.0},{"not_picked":["Core Surge","Rebound+1","Leap+1","Streamline"],"picked":"SKIP","floor":45},{"not_picked":["Redo","Steam Power+1","Conserve Battery+1"],"picked":"Storm","floor":47},{"not_picked":["Beam Cell","Skim","Rainbow"],"picked":"Barrage+1","floor":54}],"player_experience":502266,"relics_obtained":[{"floor":7.0,"key":"PreservedInsect"},{"floor":9.0,"key":"War Paint"},{"floor":14.0,"key":"Odd Mushroom"},{"floor":24.0,"key":"Art of War"},{"floor":31.0,"key":"Happy Flower"},{"floor":42.0,"key":"Incense Burner"},{"floor":43.0,"key":"Question Card"},{"floor":45,"key":"Vajra"},{"floor":54,"key":"Emotion Chip"}],"event_choices":[{"damage_healed":0.0,"max_hp_gain":0.0,"max_hp_loss":0.0,"gold_gain":75.0,"event_name":"World of Goop","player_choice":"Gather Gold","floor":10.0,"gold_loss":0.0,"damage_taken":11.0},{"damage_healed":0.0,"max_hp_gain":0.0,"max_hp_loss":0.0,"gold_gain":0.0,"event_name":"Mushrooms","player_choice":"Fought Mushrooms","floor":14.0,"gold_loss":0.0,"damage_taken":0.0},{"damage_healed":0.0,"max_hp_gain":0.0,"max_hp_loss":0.0,"gold_gain":99.0,"event_name":"Nest","player_choice":"Stole From Cult","floor":19.0,"gold_loss":0.0,"damage_taken":0.0},{"cards_removed":["Defend_B"],"damage_healed":0.0,"max_hp_gain":0.0,"max_hp_loss":0.0,"gold_gain":0.0,"event_name":"Back to Basics","player_choice":"Elegance","floor":21.0,"gold_loss":0.0,"damage_taken":0.0},{"cards_removed":["Defend_B"],"damage_healed":0.0,"max_hp_gain":0.0,"max_hp_loss":0.0,"gold_gain":0.0,"event_name":"Bonfire Elementals","player_choice":"Offered Basic","floor":22.0,"gold_loss":0.0,"damage_taken":0.0},{"damage_healed":0,"gold_gain":0,"player_choice":"Embrace Madness","damage_taken":9,"max_hp_gain":0,"max_hp_loss":0,"event_name":"Winding Halls","floor":48,"gold_loss":0,"cards_obtained":["Madness","Madness"]}],"is_beta":false,"boss_relics":[{"not_picked":["Snecko Eye","Lizard Tail"],"picked":"Orrery"},{"not_picked":["Calling Bell","Tiny House"],"picked":"Velvet Choker"}],"items_purged_floors":[5,11,20,37],"is_endless":false,"potions_floor_spawned":[1,3,7,24,25,28,38,41,42,44],"killed_by":"The Heart","ascension_level":1}