{"gold_per_floor":[366,316,316,316,335,335,335,209,209,70,70,95,114,67,67,67],"floor_reached":16,"playtime":497,"items_purged":["Regret","Defend_R"],"score":86,"play_id":"759779db-2935-4c51-abf0-36973d315658","local_time":"20180721103144","is_ascension_mode":false,"campfire_choices":[{"floor":6,"key":"REST"},{"data":"True Grit","floor":11,"key":"SMITH"},{"floor":15,"key":"REST"}],"neow_cost":"FIFTY_PERCENT_DAMAGE","seed_source_timestamp":589869740069376,"circlet_count":0,"master_deck":["Strike_R","Strike_R","Strike_R","Strike_R","Strike_R","Defend_R","Defend_R","Bash","Sentinel","Headbutt","Wild Strike","True Grit+1","Second Wind","Battle Trance","Spot Weakness","True Grit"],"relics":["Burning Blood","Centennial Puzzle","Red Skull","Odd Mushroom"],"potions_floor_usage":[],"damage_taken":[{"damage":9,"enemies":"2 Louse","floor":1,"turns":3},{"damage":11,"enemies":"Jaw Worm","floor":5,"turns":4},{"damage":38,"floor":12,"turns":7},{"damage":0,"enemies":"Cultist","floor":13,"turns":2},{"damage":60,"enemies":"The Guardian","floor":16,"turns":8}],"seed_played":"4592620479366064197","potions_obtained":[{"floor":1,"key":"Swift Potion"}],"is_trial":false,"path_per_floor":["M","?","?","?","M","R","?","$","T","$","R","?","M","$","R"],"character_chosen":"IRONCLAD","items_purchased":["True Grit","Second Wind","True Grit"],"campfire_rested":2,"item_purchase_floors":[8,10,14],"current_hp_per_floor":[37,37,37,37,32,56,56,56,56,56,56,24,30,30,54,0],"gold":67,"neow_bonus":"TWO_FIFTY_GOLD","is_prod":false,"is_daily":false,"chose_seed":false,"campfire_upgraded":1,"win_rate":0.0,"timestamp":1532158304,"path_taken":["M","?","?","?","?","R","?","$","T","$","R","?","M","$","R","BOSS"],"build_version":"2018-07-19v2","purchased_purges":2,"victory":false,"max_hp_per_floor":[80,80,80,80,80,80,80,80,80,80,80,80,80,80,80,80],"card_choices":[{"not_picked":["Second Wind","Dual Wield"],"picked":"Sentinel","floor":1},{"not_picked":["Ghostly Armor","Havoc"],"picked":"Wild Strike","floor":5},{"not_picked":["Dropkick","Shockwave"],"picked":"Battle Trance","floor":12},{"not_picked":["Heavy Blade","Bloodletting"],"picked":"Spot Weakness","floor":13}],"player_experience":125319,"relics_obtained":[{"floor":9,"key":"Red Skull"},{"floor":12,"key":"Odd Mushroom"}],"event_choices":[{"event_name":"The Cleric","player_choice":"Card Removal","floor":2,"damage_taken":0},{"event_name":"Match and Keep!","player_choice":"2 cards matched","floor":3,"damage_taken":0},{"event_name":"Wheel of Change","player_choice":"Card Removal","floor":4,"damage_taken":0},{"event_name":"Big Fish","player_choice":"Box","floor":7,"damage_taken":0},{"event_name":"Mushrooms","player_choice":"Fought Mushrooms","floor":12,"damage_taken":0}],"is_beta":false,"boss_relics":[],"items_purged_floors":[8,10],"is_endless":false,"potions_floor_spawned":[1],"killed_by":"The Guardian","ascension_level":0}