{"gold_per_floor":[110,110,127,127,227,227,239,239,239,5,16,46,46,56,56,156,156,170,269,269,284,30,30,42,42,116,147,165,165,175,175,175,271,271,288,300,300,202,202,202,202,215,215,250,250,584,584,407,407,407],"floor_reached":50,"playtime":3495,"items_purged":["Decay","Strike_G"],"score":734,"play_id":"cad834bc-a7fd-42b9-af28-b09d461abf77","local_time":"20190919230023","is_ascension_mode":true,"campfire_choices":[{"data":"Neutralize","floor":6,"key":"SMITH"},{"data":"Noxious Fumes","floor":8,"key":"SMITH"},{"floor":13,"key":"REST"},{"data":"Prepared","floor":15,"key":"SMITH"},{"data":"Deflect","floor":23,"key":"SMITH"},{"floor":25,"key":"REST"},{"data":"Sucker Punch","floor":29,"key":"SMITH"},{"floor":32,"key":"REST"},{"floor":40,"key":"RECALL"},{"floor":45,"key":"REST"},{"floor":47,"key":"REST"},{"floor":49,"key":"REST"}],"neow_cost":"NONE","seed_source_timestamp":272241212480700,"circlet_count":0,"master_deck":["Strike_G","Strike_G","Strike_G","Defend_G+1","Defend_G","Defend_G","Defend_G","Survivor+1","Neutralize+1","Noxious Fumes+1","Dagger Throw","Tactician","Grand Finale","Well Laid Plans","Deflect+1","Dagger Throw","Prepared+1","Endless Agony","Deflect+1","Dagger Throw+1","Sucker Punch+1","Malaise","Grand Finale","Acrobatics","Terror","Prepared","Setup"],"relics":["Ring of the Snake","PreservedInsect","Tingsha","War Paint","Pen Nib","Black Star","Paper Crane","Question Card","Lantern","The Courier","Fusion Hammer","Dodecahedron","Snake Skull","Old Coin","Happy Flower"],"potions_floor_usage":[27,28,30,33,33,33,33,50,50,50],"damage_taken":[{"damage":2,"enemies":"Jaw Worm","floor":1,"turns":6},{"damage":3,"enemies":"Cultist","floor":3,"turns":4},{"damage":1,"enemies":"2 Louse","floor":7,"turns":3},{"damage":35,"enemies":"Gremlin Gang","floor":11,"turns":6},{"damage":2,"enemies":"Gremlin Nob","floor":12,"turns":3},{"damage":1,"enemies":"2 Fungi Beasts","floor":14,"turns":3},{"damage":9,"enemies":"Hexaghost","floor":16,"turns":8},{"damage":19,"enemies":"3 Byrds","floor":18,"turns":3},{"damage":19,"enemies":"Chosen","floor":21,"turns":5},{"damage":10,"enemies":"Sentry and Sphere","floor":24,"turns":4},{"damage":1,"enemies":"Book of Stabbing","floor":27,"turns":4},{"damage":7,"enemies":"3 Cultists","floor":28,"turns":5},{"damage":22,"enemies":"Cultist and Chosen","floor":30,"turns":6},{"damage":0,"enemies":"Collector","floor":33,"turns":6},{"damage":6,"enemies":"3 Darklings","floor":35,"turns":4},{"damage":9,"enemies":"3 Shapes","floor":36,"turns":5},{"damage":22,"enemies":"Jaw Worm Horde","floor":42,"turns":4},{"damage":30,"enemies":"Nemesis","floor":44,"turns":7},{"damage":21,"enemies":"Giant Head","floor":46,"turns":8},{"damage":54,"enemies":"Time Eater","floor":50,"turns":5}],"seed_played":"-2673676521023967572","potions_obtained":[{"floor":1,"key":"SteroidPotion"},{"floor":12,"key":"PowerPotion"},{"floor":20,"key":"EntropicBrew"},{"floor":20,"key":"Dexterity Potion"},{"floor":27,"key":"Weak Potion"},{"floor":28,"key":"SteroidPotion"},{"floor":44,"key":"Dexterity Potion"}],"is_trial":false,"path_per_floor":["M","?","M","?","?","R","M","R","T","$","M","E","R","M","R","B",null,"M","?","?","M","$","R","M","R","T","E","M","R","M","?","R","B",null,"M","M","?","$","?","R","?","M","T","E","R","E","R","$","R","B"],"character_chosen":"THE_SILENT","items_purchased":["Grand Finale","Well Laid Plans","Deflect","Paper Crane","Acrobatics","SkillPotion","Setup"],"campfire_rested":6,"item_purchase_floors":[10,10,10,22,38,48,48],"current_hp_per_floor":[68,68,65,58,58,58,57,57,57,57,22,20,41,40,40,31,70,51,51,51,32,32,32,22,43,43,42,35,35,13,13,34,34,70,64,55,55,55,55,55,55,33,33,3,22,1,20,20,39,0],"gold":407,"neow_bonus":"RANDOM_COMMON_RELIC","is_prod":false,"is_daily":false,"chose_seed":false,"campfire_upgraded":5,"win_rate":0,"timestamp":1568959223,"path_taken":["M","?","?","?","?","R","M","R","T","$","?","E","R","M","R","BOSS","M","?","?","M","$","R","?","R","T","E","M","R","?","?","R","BOSS","M","M","?","$","?","R","?","M","T","E","R","E","R","?","R","BOSS"],"build_version":"2019-07-17","purchased_purges":2,"victory":false,"max_hp_per_floor":[70,70,70,70,70,70,70,70,70,70,70,70,70,70,70,70,70,70,70,70,70,70,70,70,70,70,70,70,70,70,70,70,70,70,70,70,70,70,70,70,66,66,66,66,66,66,66,66,66,66],"card_choices":[{"not_picked":["Slice","Bane"],"picked":"Noxious Fumes","floor":1},{"not_picked":["Prepared","Underhanded Strike"],"picked":"Dagger Throw","floor":3},{"not_picked":["Calculated Gamble","Cloak And Dagger"],"picked":"Tactician","floor":7},{"not_picked":["Eviscerate","Accuracy"],"picked":"Dagger Throw","floor":11},{"not_picked":["Dodge and Roll","Dagger Spray","Outmaneuver"],"picked":"SKIP","floor":12},{"not_picked":["Accuracy","Deflect"],"picked":"Prepared","floor":14},{"not_picked":["Dagger Throw","Slice+1"],"picked":"Endless Agony","floor":18},{"not_picked":["Bane","Outmaneuver"],"picked":"Deflect+1","floor":21},{"not_picked":["All Out Attack","Catalyst","Bouncing Flask+1"],"picked":"SKIP","floor":24},{"not_picked":["Storm of Steel","Deflect","Flying Knee"],"picked":"Dagger Throw+1","floor":27},{"not_picked":["Dodge and Roll","Blade Dance","Dagger Spray"],"picked":"Sucker Punch","floor":28},{"not_picked":["Blade Dance","Setup","Quick Slash+1"],"picked":"Malaise","floor":30},{"not_picked":["Corpse Explosion","Malaise","Doppelganger"],"picked":"Grand Finale","floor":33},{"not_picked":["Escape Plan","Tactician","Quick Slash+1","Finisher"],"picked":"SKIP","floor":35},{"not_picked":["Underhanded Strike+1","Flying Knee+1","Finisher+1","Distraction+1"],"picked":"SKIP","floor":36},{"not_picked":["Blade Dance","Deflect+1","Poisoned Stab+1"],"picked":"Terror","floor":42},{"not_picked":["Envenom","Terror","Underhanded Strike+1"],"picked":"Prepared","floor":44},{"not_picked":["Crippling Poison+1","Bane+1","Dodge and Roll","Deadly Poison+1"],"picked":"SKIP","floor":46}],"player_experience":135306,"relics_obtained":[{"floor":9,"key":"War Paint"},{"floor":12,"key":"Pen Nib"},{"floor":26,"key":"Question Card"},{"floor":27,"key":"Lantern"},{"floor":27,"key":"The Courier"},{"floor":44,"key":"Dodecahedron"},{"floor":44,"key":"Snake Skull"},{"floor":46,"key":"Old Coin"},{"floor":46,"key":"Happy Flower"}],"event_choices":[{"damage_healed":0,"gold_gain":0,"player_choice":"Gave Potion","damage_taken":0,"relics_obtained":["Tingsha"],"max_hp_gain":0,"max_hp_loss":0,"event_name":"WeMeetAgain","floor":2,"gold_loss":0},{"cards_removed":["Strike_G"],"damage_healed":0,"gold_gain":0,"player_choice":"Card Removal","damage_taken":7,"max_hp_gain":0,"max_hp_loss":0,"event_name":"Golden Wing","floor":4,"gold_loss":0},{"damage_healed":0,"gold_gain":100,"player_choice":"Pray","damage_taken":0,"max_hp_gain":0,"max_hp_loss":0,"event_name":"Golden Shrine","floor":5,"gold_loss":0},{"damage_healed":0,"gold_gain":99,"player_choice":"Stole From Cult","damage_taken":0,"max_hp_gain":0,"max_hp_loss":0,"event_name":"Nest","floor":19,"gold_loss":0},{"damage_healed":0,"gold_gain":0,"player_choice":"Got Potions","damage_taken":0,"max_hp_gain":0,"max_hp_loss":0,"event_name":"Lab","floor":20,"gold_loss":0},{"damage_healed":0,"gold_gain":0,"player_choice":"Smashed Altar","damage_taken":0,"max_hp_gain":0,"max_hp_loss":0,"event_name":"Forgotten Altar","floor":31,"gold_loss":0,"cards_obtained":["Decay"]},{"damage_healed":0,"gold_gain":0,"player_choice":"Ignored","damage_taken":0,"max_hp_gain":0,"max_hp_loss":0,"event_name":"Tomb of Lord Red Mask","floor":37,"gold_loss":0},{"cards_removed":["Defend_G"],"damage_healed":0,"gold_gain":0,"player_choice":"Removed Skill","damage_taken":0,"max_hp_gain":0,"max_hp_loss":0,"event_name":"Falling","floor":39,"gold_loss":0},{"damage_healed":0,"gold_gain":0,"player_choice":"Max HP","damage_taken":0,"max_hp_gain":0,"max_hp_loss":4,"event_name":"Winding Halls","floor":41,"gold_loss":0}],"is_beta":false,"boss_relics":[{"not_picked":["WristBlade","Coffee Dripper"],"picked":"Black Star"},{"not_picked":["Snecko Eye","Cursed Key"],"picked":"Fusion Hammer"}],"items_purged_floors":[38,48],"is_endless":false,"potions_floor_spawned":[1,12,21,27,28,44],"killed_by":"Time Eater","ascension_level":4}