{"gold_per_floor":[213,223,223,34,50,84,84,99,151,151,166,49,124,142,142,245,245,234,249,268,42,42,42,42,52,52,79,95,95,60,60,60,164,164,174,174,174],"floor_reached":37,"playtime":1404,"items_purged":[],"score":505,"play_id":"1f8d9de4-76ae-43ca-bdc4-6d3e71a70560","local_time":"20191005135746","is_ascension_mode":true,"campfire_choices":[{"data":"Bash","floor":7.0,"key":"SMITH"},{"floor":10.0,"key":"REST"},{"floor":15.0,"key":"REST"},{"data":"Barricade","floor":23.0,"key":"SMITH"},{"data":"Inflame","floor":29.0,"key":"SMITH"},{"data":"Power Through","floor":32.0,"key":"SMITH"}],"neow_cost":"NONE","seed_source_timestamp":1975934349901800,"circlet_count":0,"master_deck":["Bash+1","Clothesline","Twin Strike","Metallicize","Carnage","Flame Barrier","Metallicize","Metallicize","Anger","Juggernaut","Iron Wave","Barricade+1","Inflame+1","Shrug It Off","Warcry","Feel No Pain","Power Through+1","Demon Form","Iron Wave","Immolate","Heavy Blade","Wild Strike","Immolate","Barricade","Spot Weakness","Searing Blow","Armaments","Dark Shackles"],"special_seed":0,"relics":["Burning Blood","Medical Kit","Paper Frog","Happy Flower","Coffee Dripper","Lee\u0027s Waffle","Bronze Scales","Spirit Poop","Sundial","Champion Belt","Pandora\u0027s Box"],"potions_floor_usage":[33,37,37],"damage_taken":[{"damage":4.0,"enemies":"Small Slimes","floor":1.0,"turns":4.0},{"damage":4.0,"enemies":"Cultist","floor":2.0,"turns":3.0},{"damage":13.0,"enemies":"2 Louse","floor":5.0,"turns":4.0},{"damage":41.0,"enemies":"Lagavulin","floor":6.0,"turns":7.0},{"damage":27.0,"enemies":"2 Fungi Beasts","floor":8.0,"turns":4.0},{"damage":6.0,"enemies":"Looter","floor":11.0,"turns":3.0},{"damage":0.0,"enemies":"Lots of Slimes","floor":14.0,"turns":1.0},{"damage":6.0,"enemies":"Hexaghost","floor":16.0,"turns":9.0},{"damage":19.0,"enemies":"2 Thieves","floor":18.0,"turns":4.0},{"damage":6.0,"enemies":"Spheric Guardian","floor":19.0,"turns":4.0},{"damage":25.0,"enemies":"Snake Plant","floor":20.0,"turns":6.0},{"damage":16.0,"enemies":"Centurion and Healer","floor":25.0,"turns":7.0},{"damage":39.0,"enemies":"Book of Stabbing","floor":27.0,"turns":5.0},{"damage":5.0,"enemies":"Chosen and Byrds","floor":28.0,"turns":8.0},{"damage":53,"enemies":"Automaton","floor":33,"turns":12},{"damage":26,"enemies":"3 Shapes","floor":35,"turns":4},{"damage":54,"enemies":"2 Orb Walkers","floor":37,"turns":4}],"seed_played":"-1720457440971775117","potions_obtained":[{"floor":2.0,"key":"SkillPotion"},{"floor":5.0,"key":"Strength Potion"},{"floor":6.0,"key":"AttackPotion"},{"floor":11.0,"key":"Explosive Potion"},{"floor":20.0,"key":"Explosive Potion"},{"floor":25.0,"key":"ElixirPotion"},{"floor":27.0,"key":"FairyPotion"},{"floor":33,"key":"Weak Potion"}],"is_trial":false,"path_per_floor":["M","M","?","$","M","E","R","M","T","R","M","$","?","M","R","B",null,"M","M","M","$","?","R","?","M","T","E","M","R","$","?","R","B",null,"M","?","?"],"character_chosen":"IRONCLAD","items_purchased":["Medical Kit","Twin Strike","Metallicize","Anger","Lee\u0027s Waffle","Inflame","Feel No Pain"],"campfire_rested":2,"item_purchase_floors":[4,4,12,12,21,21,30],"current_hp_per_floor":[74,76,76,76,69,34,34,13,13,37,37,37,26,32,56,56,74,61,61,42,87,87,87,87,77,77,44,45,45,45,45,45,32,73,53,53,0],"gold":174,"neow_bonus":"HUNDRED_GOLD","is_prod":false,"is_daily":false,"chose_seed":false,"campfire_upgraded":4,"win_rate":0,"timestamp":1570273066,"path_taken":["M","M","?","$","M","E","R","?","T","R","M","$","?","M","R","BOSS","M","M","M","$","?","R","?","M","T","E","?","R","?","?","R","BOSS","M","?","?"],"build_version":"2019-10-04","purchased_purges":0,"victory":false,"max_hp_per_floor":[80,80,80,80,80,80,80,80,80,80,80,80,80,80,80,80,80,80,80,80,87,87,87,87,87,87,87,87,87,87,87,87,87,87,87,87,87],"card_choices":[{"not_picked":["Thunderclap","Shrug It Off"],"picked":"Clothesline","floor":1.0},{"not_picked":["Heavy Blade","Intimidate","Sentinel"],"picked":"SKIP","floor":2.0},{"not_picked":["Clash","Clothesline"],"picked":"Metallicize","floor":5.0},{"not_picked":["True Grit","Burning Pact"],"picked":"Carnage","floor":6.0},{"not_picked":["Flex","Sword Boomerang"],"picked":"Flame Barrier","floor":8.0},{"not_picked":["Heavy Blade","Sentinel"],"picked":"Metallicize","floor":11.0},{"not_picked":["Infernal Blade","Anger","Rage"],"picked":"SKIP","floor":14.0},{"not_picked":["Brutality","Bludgeon"],"picked":"Juggernaut","floor":16.0},{"not_picked":["Clash","Flex"],"picked":"Iron Wave","floor":18.0},{"not_picked":["Thunderclap","Rupture+1","Sword Boomerang+1"],"picked":"SKIP","floor":19.0},{"not_picked":["Clash+1","Headbutt"],"picked":"Barricade","floor":20.0},{"not_picked":["Sword Boomerang+1","Burning Pact"],"picked":"Shrug It Off","floor":25.0},{"not_picked":["Wild Strike","Juggernaut","Clothesline"],"picked":"SKIP","floor":27.0},{"not_picked":["Iron Wave+1","Corruption"],"picked":"Warcry","floor":28.0},{"not_picked":["Limit Break","Fiend Fire"],"picked":"Demon Form","floor":33},{"not_picked":["True Grit","Rupture","Armaments"],"picked":"SKIP","floor":35},{"not_picked":["True Grit","Rupture"],"picked":"Armaments","floor":35},{"not_picked":["Impatience","Swift Strike"],"picked":"Dark Shackles","floor":36}],"player_experience":369655,"relics_obtained":[{"floor":6.0,"key":"Paper Frog"},{"floor":9.0,"key":"Happy Flower"},{"floor":26.0,"key":"Sundial"},{"floor":27.0,"key":"Champion Belt"}],"event_choices":[{"cards_removed":["Strike_R"],"damage_healed":0.0,"max_hp_gain":0.0,"max_hp_loss":0.0,"gold_gain":0.0,"event_name":"Wheel of Change","player_choice":"Card Removal","floor":3.0,"gold_loss":0.0,"damage_taken":0.0},{"damage_healed":0.0,"max_hp_gain":0.0,"max_hp_loss":0.0,"gold_gain":75.0,"event_name":"World of Goop","player_choice":"Gather Gold","floor":13.0,"gold_loss":0.0,"damage_taken":11.0},{"damage_healed":0.0,"max_hp_gain":0.0,"max_hp_loss":0.0,"gold_gain":0.0,"event_name":"Addict","player_choice":"Stole Relic","floor":22.0,"gold_loss":0.0,"damage_taken":0.0,"relics_obtained":["Bronze Scales"],"cards_obtained":["Shame"]},{"cards_removed":["Shame"],"damage_healed":0.0,"max_hp_gain":0.0,"max_hp_loss":0.0,"gold_gain":0.0,"event_name":"Bonfire Elementals","player_choice":"Offered Curse","floor":24.0,"gold_loss":0.0,"damage_taken":0.0,"relics_obtained":["Spirit Poop"]},{"damage_healed":0.0,"max_hp_gain":0.0,"max_hp_loss":0.0,"gold_gain":0.0,"event_name":"The Library","player_choice":"Read","floor":31.0,"gold_loss":0.0,"damage_taken":0.0,"cards_obtained":["Power Through"]},{"damage_healed":0,"gold_gain":0,"player_choice":"Memory 1","damage_taken":0,"max_hp_gain":0,"max_hp_loss":0,"event_name":"SensoryStone","floor":36,"gold_loss":0},{"damage_healed":0,"gold_gain":0,"player_choice":"Fight","damage_taken":0,"max_hp_gain":0,"max_hp_loss":0,"event_name":"Mysterious Sphere","floor":37,"gold_loss":0}],"is_beta":true,"boss_relics":[{"not_picked":["Ectoplasm","Cursed Key"],"picked":"Coffee Dripper"},{"not_picked":["Philosopher\u0027s Stone","Black Star"],"picked":"Pandora\u0027s Box"}],"items_purged_floors":[],"is_endless":false,"potions_floor_spawned":[2,5,6,11,20,25,27,33],"killed_by":"2 Orb Walkers","ascension_level":6}