{"gold_per_floor":[117,117,117,132,146,146,71,71,95,95,112,138,158,433,433,433],"floor_reached":16,"playtime":384,"items_purged":["Strike_R"],"score":115,"play_id":"1fccd2e4-21d2-4edf-b313-4680aaf7f0b5","local_time":"20190419133308","is_ascension_mode":true,"campfire_choices":[{"data":"Normality","floor":6,"key":"PURGE"},{"data":"Defend_R","floor":8,"key":"PURGE"},{"floor":15,"key":"REST"}],"neow_cost":"CURSE","seed_source_timestamp":2316064445270100,"circlet_count":0,"master_deck":["Strike_R","Strike_R","Strike_R","Defend_R","Defend_R+1","Defend_R+1","Bash","Madness","PanicButton","Thunderclap","Headbutt","Shrug It Off","Cleave","Power Through","Regret"],"relics":["Burning Blood","Boot","Peace Pipe","War Paint","Bag of Marbles"],"potions_floor_usage":[12,13],"damage_taken":[{"damage":9,"enemies":"2 Louse","floor":1,"turns":4},{"damage":19,"enemies":"Jaw Worm","floor":4,"turns":5},{"damage":0,"enemies":"Small Slimes","floor":5,"turns":3},{"damage":8,"enemies":"Blue Slaver","floor":11,"turns":3},{"damage":37,"enemies":"Lagavulin","floor":12,"turns":6},{"damage":18,"enemies":"Large Slime","floor":13,"turns":7},{"damage":39,"enemies":"Hexaghost","floor":16,"turns":9}],"seed_played":"3774336151526215295","potions_obtained":[{"floor":11,"key":"SkillPotion"},{"floor":12,"key":"LiquidBronze"}],"is_trial":false,"path_per_floor":["M","?","T","M","M","R","$","R","T","?","M","E","M","?","R","B"],"character_chosen":"IRONCLAD","items_purchased":[],"campfire_rested":1,"item_purchase_floors":[],"current_hp_per_floor":[77,74,74,61,67,67,67,67,67,60,58,27,15,15,39,0],"gold":433,"neow_bonus":"RANDOM_COLORLESS_2","is_prod":false,"is_daily":false,"chose_seed":false,"campfire_upgraded":0,"win_rate":0,"timestamp":1555669988,"path_taken":["M","?","?","M","M","R","$","R","T","?","?","E","M","?","R","BOSS"],"build_version":"2019-01-23","purchased_purges":1,"victory":false,"max_hp_per_floor":[80,80,80,80,80,80,80,80,80,80,80,80,80,80,80,80],"card_choices":[{"not_picked":["Heavy Blade","Power Through"],"picked":"Thunderclap","floor":1},{"not_picked":["Evolve","Hemokinesis"],"picked":"Headbutt","floor":4},{"not_picked":["Wild Strike","Pommel Strike"],"picked":"Shrug It Off","floor":5},{"not_picked":["Clothesline","Flex"],"picked":"Cleave","floor":11},{"not_picked":["True Grit","Rupture"],"picked":"Power Through","floor":12},{"not_picked":["Hemokinesis","Anger","Battle Trance"],"picked":"SKIP","floor":13}],"player_experience":323566,"relics_obtained":[{"floor":3,"key":"Peace Pipe"},{"floor":9,"key":"War Paint"},{"floor":12,"key":"Bag of Marbles"}],"event_choices":[{"damage_healed":0,"gold_gain":0,"player_choice":"Success","damage_taken":3,"relics_obtained":["Boot"],"max_hp_gain":0,"max_hp_loss":0,"event_name":"Scrap Ooze","floor":2,"gold_loss":0},{"cards_removed":["Strike_R"],"damage_healed":0,"gold_gain":0,"player_choice":"Card Removal","damage_taken":7,"max_hp_gain":0,"max_hp_loss":0,"event_name":"Golden Wing","floor":10,"gold_loss":0},{"damage_healed":0,"gold_gain":275,"player_choice":"Desecrate","damage_taken":0,"max_hp_gain":0,"max_hp_loss":0,"event_name":"Golden Shrine","floor":14,"gold_loss":0,"cards_obtained":["Regret"]}],"is_beta":false,"boss_relics":[],"items_purged_floors":[7],"is_endless":false,"potions_floor_spawned":[11,12],"killed_by":"Hexaghost","ascension_level":3}