{"gold_per_floor":[19,19,39,49,14,47,222,222,222,241,241,241,241,260,260,260],"floor_reached":16,"playtime":443,"items_purged":[],"score":115,"play_id":"e9ecdc27-d58b-42c8-82f1-0aee7d7d82d0","local_time":"20190421215128","is_ascension_mode":true,"campfire_choices":[{"floor":8,"key":"REST"},{"data":"True Grit","floor":12,"key":"SMITH"},{"floor":15,"key":"REST"}],"neow_cost":"NO_GOLD","seed_source_timestamp":2518705556967700,"circlet_count":0,"master_deck":["Strike_R","Strike_R","Strike_R","Defend_R","Defend_R","Defend_R","Defend_R","Bash","Flex","Exhume","Dramatic Entrance","True Grit+1","Burning Pact","Ghostly Armor","Wild Strike","Iron Wave"],"relics":["Burning Blood","Bird Faced Urn","Pocketwatch","Bronze Scales"],"potions_floor_usage":[],"damage_taken":[{"damage":10,"enemies":"Small Slimes","floor":1,"turns":4},{"damage":0,"enemies":"Cultist","floor":3,"turns":4},{"damage":3,"enemies":"Jaw Worm","floor":4,"turns":4},{"damage":56,"enemies":"Lagavulin","floor":6,"turns":8},{"damage":13,"enemies":"3 Louse","floor":10,"turns":2},{"damage":10,"enemies":"2 Fungi Beasts","floor":14,"turns":2},{"damage":63,"enemies":"Hexaghost","floor":16,"turns":14}],"seed_played":"1464420084634319422","potions_obtained":[{"floor":6,"key":"GamblersBrew"}],"is_trial":false,"path_per_floor":["M","?","M","M","?","E","?","R","T","M","?","R","?","M","R","B"],"character_chosen":"IRONCLAD","items_purchased":[],"campfire_rested":2,"item_purchase_floors":[],"current_hp_per_floor":[76,76,80,80,80,30,30,54,54,47,40,40,40,36,60,0],"gold":260,"neow_bonus":"REMOVE_TWO","is_prod":false,"is_daily":false,"chose_seed":false,"campfire_upgraded":1,"win_rate":0,"timestamp":1555872688,"path_taken":["M","?","M","?","?","E","?","R","T","M","?","R","?","?","R","BOSS"],"build_version":"2019-01-23","purchased_purges":0,"victory":false,"max_hp_per_floor":[80,80,80,80,80,80,80,80,80,80,80,80,80,80,80,80],"card_choices":[{"not_picked":["Headbutt","Clash"],"picked":"Flex","floor":1},{"not_picked":["Thunderclap","Battle Trance"],"picked":"True Grit","floor":3},{"not_picked":["Anger","Twin Strike"],"picked":"Burning Pact","floor":4},{"not_picked":["Rage","Clothesline"],"picked":"Ghostly Armor","floor":6},{"not_picked":["Body Slam","Clash"],"picked":"Wild Strike","floor":10},{"not_picked":["Burning Pact","Evolve"],"picked":"Iron Wave","floor":14}],"player_experience":330246,"relics_obtained":[{"floor":6,"key":"Bird Faced Urn"},{"floor":9,"key":"Pocketwatch"}],"event_choices":[{"damage_healed":0,"gold_gain":0,"player_choice":"2 cards matched","damage_taken":0,"max_hp_gain":0,"max_hp_loss":0,"event_name":"Match and Keep!","floor":2,"gold_loss":0,"cards_obtained":["Exhume","Dramatic Entrance"]},{"damage_healed":20,"gold_gain":0,"player_choice":"Healed","damage_taken":0,"max_hp_gain":0,"max_hp_loss":0,"event_name":"The Cleric","floor":5,"gold_loss":35},{"damage_healed":0,"gold_gain":175,"player_choice":"AGREE","damage_taken":0,"max_hp_gain":0,"max_hp_loss":0,"event_name":"Liars Game","floor":7,"gold_loss":0,"cards_obtained":["Doubt"]},{"cards_removed":["Doubt"],"damage_healed":0,"gold_gain":0,"player_choice":"Card Removal","damage_taken":7,"max_hp_gain":0,"max_hp_loss":0,"event_name":"Golden Wing","floor":11,"gold_loss":0},{"damage_healed":0,"gold_gain":0,"player_choice":"Gave Potion","damage_taken":0,"relics_obtained":["Bronze Scales"],"max_hp_gain":0,"max_hp_loss":0,"event_name":"WeMeetAgain","floor":13,"gold_loss":0}],"is_beta":false,"boss_relics":[],"items_purged_floors":[],"is_endless":false,"potions_floor_spawned":[6],"killed_by":"Hexaghost","ascension_level":3}