{"gold_per_floor":[111,111,111,111,61,61,88,102,102,112,112,126,2,102,102,102],"floor_reached":16,"playtime":327,"items_purged":["Strike_R"],"score":132,"play_id":"b96c5855-160d-4012-98ae-c142b597ed4a","local_time":"20191012163742","is_ascension_mode":true,"campfire_choices":[{"data":"Bash","floor":6,"key":"SMITH"},{"data":"Armaments","floor":11,"key":"SMITH"},{"floor":15,"key":"REST"}],"neow_cost":"NONE","seed_source_timestamp":532283851953599,"circlet_count":0,"master_deck":["Strike_R","Defend_R","Defend_R","Defend_R","Bash+1","Armaments+1","Carnage","Offering","Demon Form","Disarm","Rampage","Shrug It Off"],"relics":["Burning Blood","Centennial Puzzle","Boot","Ornamental Fan"],"potions_floor_usage":[12],"damage_taken":[{"damage":4,"enemies":"Small Slimes","floor":1,"turns":4},{"damage":30,"enemies":"Gremlin Nob","floor":7,"turns":4},{"damage":6,"enemies":"Jaw Worm","floor":8,"turns":1},{"damage":6,"enemies":"2 Louse","floor":10,"turns":3},{"damage":8,"enemies":"Blue Slaver","floor":12,"turns":5},{"damage":54,"enemies":"Slime Boss","floor":16,"turns":8}],"seed_played":"9092323616386304966","potions_obtained":[{"floor":1,"key":"Block Potion"},{"floor":7,"key":"SteroidPotion"},{"floor":10,"key":"DuplicationPotion"}],"is_trial":false,"path_per_floor":["M","?","?","?","?","R","E","M","T","M","R","M","$","?","R","B"],"character_chosen":"IRONCLAD","items_purchased":["Shrug It Off"],"campfire_rested":1,"item_purchase_floors":[13],"current_hp_per_floor":[74,62,62,55,55,55,31,31,31,31,31,29,29,29,53,0],"gold":102,"neow_bonus":"TRANSFORM_CARD","is_prod":false,"is_daily":false,"chose_seed":false,"campfire_upgraded":2,"win_rate":0,"timestamp":1570887462,"path_taken":["M","?","?","?","?","R","E","?","T","M","R","M","$","?","R","BOSS"],"build_version":"2019-10-11","purchased_purges":1,"victory":false,"max_hp_per_floor":[80,80,80,80,80,80,80,80,80,80,80,80,80,80,80,80],"card_choices":[{"not_picked":["Intimidate","Body Slam"],"picked":"Carnage","floor":1},{"not_picked":["Metallicize","Fiend Fire"],"picked":"Demon Form","floor":7},{"not_picked":["Havoc","Flex"],"picked":"Disarm","floor":8},{"not_picked":["Combust","Flex","Warcry"],"picked":"SKIP","floor":10},{"not_picked":["Perfected Strike","Rage"],"picked":"Rampage","floor":12}],"player_experience":380042,"relics_obtained":[{"floor":7,"key":"Boot"},{"floor":9,"key":"Ornamental Fan"}],"event_choices":[{"damage_healed":0,"gold_gain":0,"player_choice":"Success","damage_taken":12,"relics_obtained":["Centennial Puzzle"],"max_hp_gain":0,"max_hp_loss":0,"event_name":"Scrap Ooze","floor":2,"gold_loss":0},{"damage_healed":0,"gold_gain":0,"cards_transformed":["Strike_R"],"player_choice":"Change","damage_taken":0,"max_hp_gain":0,"max_hp_loss":0,"event_name":"Living Wall","floor":3,"gold_loss":0,"cards_obtained":["Offering"]},{"cards_removed":["Strike_R"],"damage_healed":0,"gold_gain":0,"player_choice":"Card Removal","damage_taken":7,"max_hp_gain":0,"max_hp_loss":0,"event_name":"Golden Wing","floor":4,"gold_loss":0},{"cards_removed":["Defend_R"],"damage_healed":0,"gold_gain":0,"player_choice":"Card Removal","damage_taken":0,"max_hp_gain":0,"max_hp_loss":0,"event_name":"The Cleric","floor":5,"gold_loss":50},{"damage_healed":0,"gold_gain":100,"player_choice":"Pray","damage_taken":0,"max_hp_gain":0,"max_hp_loss":0,"event_name":"Golden Shrine","floor":14,"gold_loss":0}],"is_beta":true,"boss_relics":[],"items_purged_floors":[13],"is_endless":false,"potions_floor_spawned":[1,7,10],"killed_by":"Slime Boss","ascension_level":7}