{"gold_per_floor":[20,68,87,187,201,201,227,246,246,256,284,62,62,82,82,185,185,200,210,220,4,19,52,52,52,105,105,139,156,183,195,195,195],"floor_reached":33,"playtime":1212,"items_purged":["Strike_R"],"score":412,"play_id":"5803e4c1-8225-44d4-b0bb-616a0c36d06c","local_time":"20191006125941","is_ascension_mode":true,"campfire_choices":[{"data":"Whirlwind","floor":6,"key":"SMITH"},{"data":"Demon Form","floor":13,"key":"SMITH"},{"data":"True Grit","floor":15,"key":"SMITH"},{"data":"Disarm","floor":24,"key":"SMITH"},{"floor":32,"key":"REST"}],"neow_cost":"NO_GOLD","seed_source_timestamp":185198735087700,"circlet_count":0,"master_deck":["Strike_R","Strike_R","Defend_R","Defend_R","Defend_R","Defend_R","Bash","Demon Form+1","Sentinel","Whirlwind+1","Anger","Heavy Blade","True Grit+1","Sword Boomerang","Disarm+1","Feed","Offering","Master of Strategy","Headbutt+1","Decay","Ghostly Armor","Metallicize+1"],"relics":["Burning Blood","Dream Catcher","StrikeDummy","PreservedInsect","Pen Nib","Busted Crown","Smiling Mask","Orichalcum","Happy Flower","Frozen Egg 2"],"potions_floor_usage":[16,20,22,23,30,33],"damage_taken":[{"damage":3,"enemies":"Cultist","floor":1,"turns":5},{"damage":6,"enemies":"2 Louse","floor":3,"turns":3},{"damage":1,"enemies":"Jaw Worm","floor":5,"turns":3},{"damage":13,"enemies":"3 Sentries","floor":7,"turns":6},{"damage":0,"enemies":"3 Louse","floor":8,"turns":1},{"damage":8,"enemies":"Red Slaver","floor":10,"turns":4},{"damage":12,"enemies":"Lagavulin","floor":11,"turns":6},{"damage":0,"enemies":"2 Fungi Beasts","floor":14,"turns":2},{"damage":0,"enemies":"Slime Boss","floor":16,"turns":4},{"damage":0,"enemies":"3 Byrds","floor":18,"turns":1},{"damage":16,"enemies":"2 Thieves","floor":19,"turns":3},{"damage":15,"enemies":"Snake Plant","floor":20,"turns":4},{"damage":12,"enemies":"Centurion and Healer","floor":22,"turns":4},{"damage":15,"enemies":"Slavers","floor":23,"turns":2},{"damage":18,"enemies":"Book of Stabbing","floor":28,"turns":4},{"damage":14,"enemies":"Shelled Parasite and Fungi","floor":29,"turns":4},{"damage":31,"enemies":"Slavers","floor":30,"turns":5},{"damage":0,"enemies":"Snecko","floor":31,"turns":4},{"damage":52,"enemies":"Automaton","floor":33,"turns":6}],"seed_played":"-3858199671577676716","potions_obtained":[{"floor":5,"key":"Energy Potion"},{"floor":7,"key":"Fire Potion"},{"floor":11,"key":"SteroidPotion"},{"floor":16,"key":"GamblersBrew"},{"floor":22,"key":"PowerPotion"},{"floor":28,"key":"BloodPotion"},{"floor":31,"key":"LiquidBronze"}],"is_trial":false,"path_per_floor":["M","T","M","?","M","R","E","M","T","M","E","$","R","M","R","B",null,"M","M","M","$","M","E","R","?","T","?","E","M","E","M","R","B"],"character_chosen":"IRONCLAD","items_purchased":["Pen Nib","Master of Strategy","Energy Potion"],"campfire_rested":1,"item_purchase_floors":[12,21,21],"current_hp_per_floor":[80,80,80,80,80,80,73,79,79,77,71,71,71,77,77,80,80,80,73,64,64,61,52,52,35,35,35,23,18,14,20,49,0],"gold":195,"neow_bonus":"TRANSFORM_TWO_CARDS","is_prod":false,"is_daily":false,"chose_seed":false,"campfire_upgraded":4,"win_rate":0,"timestamp":1570363181,"path_taken":["M","?","M","?","M","R","E","M","T","M","E","$","R","M","R","BOSS","M","M","?","$","M","E","R","?","T","?","E","M","E","?","R","BOSS"],"build_version":"2019-10-04","purchased_purges":1,"victory":false,"max_hp_per_floor":[80,80,80,80,80,80,80,80,80,80,80,80,80,80,80,80,80,80,83,83,83,86,86,86,91,91,91,91,94,97,97,97,97],"card_choices":[{"not_picked":["Thunderclap","Corruption"],"picked":"Whirlwind","floor":1},{"not_picked":["Pommel Strike","Flex"],"picked":"Anger","floor":3},{"not_picked":["Body Slam","Feel No Pain"],"picked":"Heavy Blade","floor":5},{"not_picked":["Havoc","Power Through"],"picked":"True Grit","floor":7},{"not_picked":["Pommel Strike","Corruption"],"picked":"Sword Boomerang","floor":8},{"not_picked":["Carnage","Rage"],"picked":"Disarm","floor":10},{"not_picked":["Armaments","Pummel"],"picked":"Feed","floor":11},{"not_picked":["Clash","Wild Strike","True Grit"],"picked":"SKIP","floor":14},{"not_picked":["Double Tap","Berserk"],"picked":"Offering","floor":16},{"not_picked":["Body Slam"],"picked":"SKIP","floor":18},{"not_picked":["Perfected Strike+1"],"picked":"SKIP","floor":19},{"not_picked":["Warcry"],"picked":"SKIP","floor":20},{"not_picked":[],"picked":"Headbutt+1","floor":22},{"not_picked":["Headbutt+1"],"picked":"SKIP","floor":23},{"not_picked":[],"picked":"Ghostly Armor","floor":28},{"not_picked":["Twin Strike"],"picked":"SKIP","floor":29},{"not_picked":["Inflame"],"picked":"SKIP","floor":30},{"not_picked":["Rampage"],"picked":"SKIP","floor":31},{"not_picked":[],"picked":"Metallicize+1","floor":32}],"player_experience":1618645,"relics_obtained":[{"floor":2,"key":"Dream Catcher"},{"floor":7,"key":"StrikeDummy"},{"floor":11,"key":"PreservedInsect"},{"floor":23,"key":"Smiling Mask"},{"floor":26,"key":"Orichalcum"},{"floor":28,"key":"Happy Flower"},{"floor":30,"key":"Frozen Egg 2"}],"event_choices":[{"damage_healed":0,"gold_gain":100,"player_choice":"Gold","damage_taken":0,"max_hp_gain":0,"max_hp_loss":0,"event_name":"Wheel of Change","floor":4,"gold_loss":0},{"damage_healed":0,"gold_gain":0,"player_choice":"Shed Blood","damage_taken":22,"max_hp_gain":5,"max_hp_loss":0,"event_name":"Forgotten Altar","floor":25,"gold_loss":0},{"damage_healed":0,"gold_gain":0,"player_choice":"Cursed","damage_taken":0,"max_hp_gain":0,"max_hp_loss":0,"event_name":"Wheel of Change","floor":27,"gold_loss":0,"cards_obtained":["Decay"]}],"is_beta":true,"boss_relics":[{"not_picked":["Runic Dome","Coffee Dripper"],"picked":"Busted Crown"}],"items_purged_floors":[12],"is_endless":false,"potions_floor_spawned":[5,7,11,14,16,18,19,22,28,31],"killed_by":"Automaton","ascension_level":1}