{"gold_per_floor":[19,19,39,39,39,39,70,70,70,70,70,111,129,169,169,293,293,308,223,223,14,14,14,27,61,107,125,125,159,178,277,277,406,406,424,493,618,228,253,288,304,304,304,338,51,51,51,95,95,95,95,95,6,50,50],"floor_reached":56,"playtime":2552,"items_purged":["Strike_G","Dagger Spray","Glass Knife","Flying Knee"],"score":1513,"play_id":"62bdce5d-2cf3-48b0-a1ae-a8aaac9ab988","local_time":"20191004135829","is_ascension_mode":true,"campfire_choices":[{"data":"Glass Knife","floor":6,"key":"SMITH"},{"floor":11,"key":"REST"},{"floor":15,"key":"REST"},{"data":"Footwork","floor":23,"key":"SMITH"},{"data":"Corpse Explosion","floor":28,"key":"SMITH"},{"data":"Neutralize","floor":32,"key":"SMITH"},{"data":"Footwork","floor":42,"key":"SMITH"},{"data":"Deadly Poison","floor":47,"key":"SMITH"},{"floor":49,"key":"RECALL"},{"data":"Bullet Time","floor":52,"key":"SMITH"}],"neow_cost":"NO_GOLD","seed_source_timestamp":14567381377800,"circlet_count":0,"master_deck":["Defend_G","Defend_G","Defend_G","Survivor","Neutralize+1","Glass Knife+1","Deadly Poison+1","Footwork+1","Adrenaline","Well Laid Plans+1","Acrobatics+1","Slice+1","Glass Knife+1","Deflect","Footwork+1","Corpse Explosion+1","Outmaneuver+1","Bullet Time+1","Deflect","PiercingWail+1","Backflip","Footwork","Catalyst+1","Poisoned Stab","Malaise"],"relics":["Ring of the Snake","Golden Idol","Bottled Lightning","The Courier","White Beast Statue","GremlinMask","Smiling Mask","HornCleat","Astrolabe","Bronze Scales","DollysMirror","Anchor","Vajra","Mercury Hourglass","Empty Cage","Calipers","CloakClasp","PreservedInsect","Happy Flower","Snake Skull","Toy Ornithopter","TwistedFunnel","Potion Belt","Meat on the Bone","Lantern"],"potions_floor_usage":[12,16,18,29,37,39,55,55,55],"damage_taken":[{"damage":10,"enemies":"Small Slimes","floor":1,"turns":3},{"damage":0,"enemies":"2 Louse","floor":3,"turns":2},{"damage":29,"enemies":"Lagavulin","floor":7,"turns":8},{"damage":14,"enemies":"3 Sentries","floor":12,"turns":6},{"damage":0,"enemies":"Cultist","floor":13,"turns":3},{"damage":17,"enemies":"Gremlin Nob","floor":14,"turns":4},{"damage":19,"enemies":"Slime Boss","floor":16,"turns":11},{"damage":12,"enemies":"2 Thieves","floor":18,"turns":5},{"damage":0,"enemies":"Chosen","floor":24,"turns":4},{"damage":3,"enemies":"Gremlin Leader","floor":25,"turns":5},{"damage":7,"enemies":"Shelled Parasite and Fungi","floor":27,"turns":4},{"damage":9,"enemies":"Slavers","floor":29,"turns":3},{"damage":0,"enemies":"3 Cultists","floor":30,"turns":2},{"damage":16,"enemies":"Automaton","floor":33,"turns":10},{"damage":0,"enemies":"3 Darklings","floor":35,"turns":3},{"damage":10,"enemies":"2 Orb Walkers","floor":36,"turns":2},{"damage":0,"enemies":"Mind Bloom Boss Battle","floor":37,"turns":5},{"damage":0,"enemies":"3 Shapes","floor":39,"turns":3},{"damage":6,"enemies":"Giant Head","floor":40,"turns":9},{"damage":8,"enemies":"Writhing Mass","floor":41,"turns":7},{"damage":0,"enemies":"Reptomancer","floor":44,"turns":6},{"damage":0,"enemies":"Giant Head","floor":48,"turns":5},{"damage":38,"enemies":"Donu and Deca","floor":50,"turns":7},{"damage":0,"enemies":"Shield and Spear","floor":54,"turns":3},{"damage":8,"enemies":"The Heart","floor":55,"turns":9}],"seed_played":"-7859184496522264167","potions_obtained":[{"floor":3,"key":"CunningPotion"},{"floor":12,"key":"Ancient Potion"},{"floor":13,"key":"Energy Potion"},{"floor":14,"key":"Ancient Potion"},{"floor":16,"key":"SkillPotion"},{"floor":18,"key":"FearPotion"},{"floor":24,"key":"Fire Potion"},{"floor":29,"key":"GhostInAJar"},{"floor":33,"key":"SkillPotion"},{"floor":36,"key":"Swift Potion"},{"floor":37,"key":"SmokeBomb"},{"floor":39,"key":"Fruit Juice"},{"floor":40,"key":"SpeedPotion"},{"floor":41,"key":"Energy Potion"},{"floor":48,"key":"FairyPotion"},{"floor":54,"key":"SteroidPotion"}],"is_trial":false,"path_per_floor":["M","?","M","?","?","R","E","?","T","?","R","E","M","E","R","B",null,"M","?","?","$","?","R","M","E","T","M","R","E","M","?","R","B",null,"M","?","?","$","M","E","M","R","T","E","$","?","R","E","R","B",null,"R","$","E","B",null],"character_chosen":"THE_SILENT","items_purchased":["DollysMirror","Deflect","PreservedInsect","Happy Flower","Backflip","Footwork","Dexterity Potion","TwistedFunnel","Potion Belt","Poisoned Stab"],"campfire_rested":2,"item_purchase_floors":[21,21,38,38,38,38,38,45,45,53],"current_hp_per_floor":[60,60,60,60,65,65,36,24,24,24,45,31,31,14,35,16,70,58,58,58,58,58,58,58,55,55,48,48,39,39,39,39,23,70,70,60,60,60,65,59,51,51,51,51,51,51,51,51,51,25,75,75,75,75,75],"gold":50,"neow_bonus":"THREE_RARE_CARDS","is_prod":false,"is_daily":false,"chose_seed":false,"campfire_upgraded":7,"win_rate":0,"timestamp":1570193909,"path_taken":["M","?","M","?","?","R","E","?","T","?","R","E","?","E","R","BOSS","M","?","?","$","?","R","M","E","T","M","R","E","M","?","R","BOSS","M","?","?","$","M","E","?","R","T","E","?","?","R","E","R","BOSS","R","$","E","BOSS"],"build_version":"2019-10-03","purchased_purges":4,"victory":true,"max_hp_per_floor":[70,65,65,65,70,70,70,70,70,70,70,70,70,70,70,70,70,70,70,70,70,70,70,70,70,70,70,70,70,70,70,70,70,70,70,70,70,70,75,75,75,75,75,75,75,75,75,75,75,75,75,75,75,75,75],"card_choices":[{"not_picked":["Unload","Adrenaline"],"picked":"Glass Knife","floor":0},{"not_picked":["Slice","Outmaneuver"],"picked":"Flying Knee","floor":1},{"not_picked":["Bouncing Flask","Phantasmal Killer"],"picked":"Deadly Poison","floor":3},{"not_picked":["Outmaneuver","Sucker Punch"],"picked":"Dagger Spray","floor":7},{"not_picked":["Acrobatics","Terror"],"picked":"Glass Knife","floor":12},{"not_picked":["Bouncing Flask","Infinite Blades"],"picked":"Footwork","floor":13},{"not_picked":["Outmaneuver","Poisoned Stab","Finisher"],"picked":"SKIP","floor":14},{"not_picked":["Night Terror","Wraith Form v2"],"picked":"Adrenaline","floor":16},{"not_picked":["Outmaneuver","Acrobatics"],"picked":"Slice+1","floor":18},{"not_picked":["Caltrops","Poisoned Stab+1","Finisher+1"],"picked":"SKIP","floor":24},{"not_picked":["Slice","PiercingWail+1"],"picked":"Corpse Explosion","floor":25},{"not_picked":["Flying Knee","Dagger Throw","Masterful Stab"],"picked":"SKIP","floor":27},{"not_picked":["Infinite Blades","Blade Dance","Deflect"],"picked":"SKIP","floor":29},{"not_picked":["Caltrops+1","Slice+1"],"picked":"Outmaneuver+1","floor":30},{"not_picked":["After Image","Adrenaline"],"picked":"Bullet Time","floor":33},{"not_picked":["Sucker Punch","Bane+1"],"picked":"Deflect","floor":35},{"not_picked":["Tactician+1","Crippling Poison"],"picked":"PiercingWail+1","floor":36},{"not_picked":["Distraction","Flying Knee+1","Outmaneuver+1"],"picked":"SKIP","floor":39},{"not_picked":["Distraction","Flying Knee+1","Outmaneuver+1"],"picked":"SKIP","floor":39},{"not_picked":["Distraction","Flying Knee+1","Outmaneuver+1"],"picked":"SKIP","floor":39},{"not_picked":["Distraction","Flying Knee+1","Outmaneuver+1"],"picked":"SKIP","floor":39},{"not_picked":["Flying Knee","Catalyst","Poisoned Stab"],"picked":"SKIP","floor":40},{"not_picked":["Tactician+1","Riddle With Holes"],"picked":"Catalyst+1","floor":41},{"not_picked":["Grand Finale","Deflect","Footwork+1"],"picked":"SKIP","floor":44},{"not_picked":["Cloak And Dagger","Sucker Punch","A Thousand Cuts"],"picked":"SKIP","floor":48},{"not_picked":["Phantasmal Killer","Bane+1"],"picked":"Malaise","floor":54}],"player_experience":1612683,"relics_obtained":[{"floor":7,"key":"Bottled Lightning"},{"floor":9,"key":"White Beast Statue"},{"floor":12,"key":"Smiling Mask"},{"floor":14,"key":"HornCleat"},{"floor":25,"key":"Anchor"},{"floor":26,"key":"Vajra"},{"floor":29,"key":"Mercury Hourglass"},{"floor":36,"key":"Calipers"},{"floor":37,"key":"CloakClasp"},{"floor":40,"key":"Snake Skull"},{"floor":44,"key":"Toy Ornithopter"},{"floor":48,"key":"Meat on the Bone"},{"floor":54,"key":"Lantern"}],"event_choices":[{"damage_healed":0,"gold_gain":0,"player_choice":"Lose Max HP","damage_taken":0,"relics_obtained":["Golden Idol"],"max_hp_gain":0,"max_hp_loss":5,"event_name":"Golden Idol","floor":2,"gold_loss":0},{"damage_healed":0,"gold_gain":0,"player_choice":"Leave","damage_taken":0,"max_hp_gain":0,"max_hp_loss":0,"event_name":"The Cleric","floor":4,"gold_loss":0},{"damage_healed":0,"gold_gain":0,"player_choice":"Donut","damage_taken":0,"max_hp_gain":5,"max_hp_loss":0,"event_name":"Big Fish","floor":5,"gold_loss":0},{"damage_healed":0,"gold_gain":0,"player_choice":"Success","damage_taken":12,"relics_obtained":["The Courier"],"max_hp_gain":0,"max_hp_loss":0,"event_name":"Scrap Ooze","floor":8,"gold_loss":0},{"damage_healed":0,"gold_gain":0,"player_choice":"Trade","damage_taken":0,"relics_obtained":["GremlinMask"],"max_hp_gain":0,"max_hp_loss":0,"event_name":"FaceTrader","floor":10,"gold_loss":0},{"damage_healed":0,"gold_gain":0,"player_choice":"Obtained Relic","damage_taken":0,"relics_obtained":["Bronze Scales"],"max_hp_gain":0,"max_hp_loss":0,"event_name":"Addict","floor":19,"gold_loss":85},{"cards_removed":["Strike_G"],"damage_healed":0,"gold_gain":0,"player_choice":"Elegance","damage_taken":0,"max_hp_gain":0,"max_hp_loss":0,"event_name":"Back to Basics","floor":20,"gold_loss":0},{"damage_healed":0,"gold_gain":0,"player_choice":"Read","damage_taken":0,"max_hp_gain":0,"max_hp_loss":0,"event_name":"The Library","floor":22,"gold_loss":0,"cards_obtained":["Footwork"]},{"damage_healed":0,"gold_gain":99,"player_choice":"Stole From Cult","damage_taken":0,"max_hp_gain":0,"max_hp_loss":0,"event_name":"Nest","floor":31,"gold_loss":0},{"damage_healed":0,"gold_gain":0,"player_choice":"Fight","damage_taken":0,"max_hp_gain":0,"max_hp_loss":0,"event_name":"Mysterious Sphere","floor":36,"gold_loss":0},{"damage_healed":0,"gold_gain":0,"player_choice":"Fight","damage_taken":0,"max_hp_gain":0,"max_hp_loss":0,"event_name":"MindBloom","floor":37,"gold_loss":0},{"cards_removed":["Finisher"],"damage_healed":0,"gold_gain":0,"player_choice":"Removed Attack","damage_taken":0,"max_hp_gain":0,"max_hp_loss":0,"event_name":"Falling","floor":46,"gold_loss":0}],"is_beta":true,"boss_relics":[{"not_picked":["Tiny House","WristBlade"],"picked":"Astrolabe"},{"not_picked":["Coffee Dripper","Velvet Choker"],"picked":"Empty Cage"}],"items_purged_floors":[21,38,45,53],"is_endless":false,"potions_floor_spawned":[3,12,13,14,16,18,24,25,27,29,30,33,35,36,37,39,40,41,44,48,54],"ascension_level":1}