{"gold_per_floor":[110,185,195,207,207,207,240,240,263,295,307,307,307,320,320,423,423,437,41,41,52,152,152,164,164],"floor_reached":25,"playtime":940,"items_purged":[],"score":327,"play_id":"a1091ca2-d385-414f-a6a9-65c0307ac0da","local_time":"20191024192406","is_ascension_mode":true,"campfire_choices":[{"data":"Perfected Strike","floor":6.0,"key":"SMITH"},{"data":"Uppercut","floor":8.0,"key":"SMITH"},{"floor":12.0,"key":"REST"},{"data":"True Grit","floor":15.0,"key":"SMITH"},{"data":"True Grit","floor":23.0,"key":"SMITH"}],"neow_cost":"NONE","seed_source_timestamp":0,"circlet_count":0,"master_deck":["AscendersBane","Strike_R","Strike_R","Strike_R","Strike_R","Defend_R","Defend_R","Defend_R","Defend_R","Bash","Anger","Perfected Strike+1","Uppercut+1","Combust","True Grit+1","Feed","True Grit+1","Demon Form","Pommel Strike","Perfected Strike","Intimidate","Limit Break","Impervious"],"special_seed":0,"relics":["Burning Blood","Lantern","Pen Nib","Ancient Tea Set","Centennial Puzzle","Bronze Scales","Orrery","Shuriken","MutagenicStrength"],"potions_floor_usage":[],"damage_taken":[{"damage":0.0,"enemies":"Small Slimes","floor":1.0,"turns":5.0},{"damage":5.0,"enemies":"Jaw Worm","floor":3.0,"turns":7.0},{"damage":6.0,"enemies":"2 Louse","floor":4.0,"turns":3.0},{"damage":32.0,"enemies":"Gremlin Nob","floor":7.0,"turns":4.0},{"damage":25.0,"enemies":"Lagavulin","floor":10.0,"turns":5.0},{"damage":18.0,"enemies":"Exordium Thugs","floor":11.0,"turns":5.0},{"damage":1.0,"enemies":"Blue Slaver","floor":14.0,"turns":2.0},{"damage":23.0,"enemies":"Hexaghost","floor":16.0,"turns":6.0},{"damage":33.0,"enemies":"Shell Parasite","floor":18.0,"turns":5.0},{"damage":17.0,"enemies":"2 Thieves","floor":21.0,"turns":3.0},{"damage":0,"enemies":"Snake Plant","floor":24,"turns":1},{"damage":33,"enemies":"Gremlin Leader","floor":25,"turns":4}],"seed_played":"-7407284276164731132","potions_obtained":[{"floor":7.0,"key":"FearPotion"},{"floor":10.0,"key":"AttackPotion"},{"floor":11.0,"key":"Weak Potion"},{"floor":16.0,"key":"Explosive Potion"},{"floor":24,"key":"FearPotion"}],"is_trial":false,"path_per_floor":["M","?","M","M","?","R","E","R","T","E","M","R","?","M","R","B",null,"M","$","?","M","?","R","M","E"],"character_chosen":"IRONCLAD","items_purchased":["Shuriken","Limit Break"],"campfire_rested":1,"item_purchase_floors":[19,19],"current_hp_per_floor":[78,67,68,68,65,65,39,39,39,20,8,32,32,37,37,20,65,38,38,38,27,27,27,33,0],"gold":164,"neow_bonus":"REMOVE_CARD","is_prod":false,"is_daily":false,"chose_seed":false,"campfire_upgraded":4,"win_rate":0,"timestamp":1571970246,"path_taken":["M","?","M","M","?","R","E","R","T","E","M","R","?","?","R","BOSS","M","$","?","M","?","R","M","E"],"build_version":"2019-07-17","purchased_purges":0,"victory":false,"max_hp_per_floor":[80,80,80,80,80,80,80,80,80,80,80,80,80,80,80,80,80,80,80,80,80,80,80,80,80],"card_choices":[{"not_picked":["Heavy Blade","Warcry","Corruption"],"picked":"SKIP","floor":1.0},{"not_picked":["Clash","Flame Barrier"],"picked":"Anger","floor":3.0},{"not_picked":["Clash","Second Wind"],"picked":"Perfected Strike","floor":4.0},{"not_picked":["Havoc","Cleave"],"picked":"Uppercut","floor":7.0},{"not_picked":["Rampage","Ghostly Armor"],"picked":"Combust","floor":10.0},{"not_picked":["Warcry","Flex","Searing Blow"],"picked":"SKIP","floor":11.0},{"not_picked":["Inflame","Heavy Blade"],"picked":"True Grit","floor":14.0},{"not_picked":["Immolate","Fiend Fire"],"picked":"Feed","floor":16.0},{"not_picked":["Flex","Thunderclap"],"picked":"True Grit","floor":17.0},{"not_picked":["Armaments","Rupture"],"picked":"Demon Form","floor":17.0},{"not_picked":["Armaments","Wild Strike"],"picked":"Pommel Strike","floor":17.0},{"not_picked":["Clothesline","Headbutt"],"picked":"Perfected Strike","floor":17.0},{"not_picked":["Anger+1","Flex+1"],"picked":"Intimidate","floor":18.0},{"not_picked":["Body Slam","Power Through","Thunderclap"],"picked":"SKIP","floor":21.0},{"not_picked":["Thunderclap","Flex"],"picked":"Impervious","floor":24}],"player_experience":440023,"relics_obtained":[{"floor":7.0,"key":"Pen Nib"},{"floor":9.0,"key":"Ancient Tea Set"},{"floor":10.0,"key":"Centennial Puzzle"}],"event_choices":[{"damage_healed":0.0,"max_hp_gain":0.0,"max_hp_loss":0.0,"gold_gain":75.0,"event_name":"World of Goop","player_choice":"Gather Gold","floor":2.0,"gold_loss":0.0,"damage_taken":11.0},{"damage_healed":0.0,"max_hp_gain":0.0,"max_hp_loss":0.0,"gold_gain":0.0,"event_name":"Scrap Ooze","player_choice":"Success","floor":5.0,"gold_loss":0.0,"damage_taken":3.0,"relics_obtained":["Lantern"]},{"damage_healed":0.0,"max_hp_gain":0.0,"max_hp_loss":0.0,"gold_gain":0.0,"event_name":"Dead Adventurer","player_choice":"Searched \u00272\u0027 times","floor":13.0,"gold_loss":0.0,"damage_taken":0.0,"relics_obtained":["Bronze Scales"]},{"damage_healed":0.0,"max_hp_gain":0.0,"max_hp_loss":0.0,"gold_gain":0.0,"event_name":"Drug Dealer","player_choice":"Inject Mutagens","floor":20.0,"gold_loss":0.0,"damage_taken":0.0,"relics_obtained":["MutagenicStrength"]},{"damage_healed":0.0,"max_hp_gain":0.0,"max_hp_loss":0.0,"gold_gain":100.0,"event_name":"Golden Shrine","player_choice":"Pray","floor":22.0,"gold_loss":0.0,"damage_taken":0.0}],"is_beta":false,"boss_relics":[{"not_picked":["White Beast Statue","Eternal Feather"],"picked":"Orrery"}],"items_purged_floors":[],"is_endless":false,"potions_floor_spawned":[7,10,11,16,24],"killed_by":"Gremlin Leader","ascension_level":11}