{"gold_per_floor":[366,382,260,271,90,119,119,134,218,236,255,255,282,282,282,386,386,405,13,28,46,46,46,75,91,91,6,18,18],"floor_reached":29,"playtime":849,"items_purged":["Strike_R","Strike_R","Defend_R"],"score":283,"play_id":"f813c9a6-02a3-41ec-8de4-003946d58a45","local_time":"20190413225943","is_ascension_mode":true,"campfire_choices":[{"data":"Cleave","floor":7,"key":"SMITH"},{"data":"Wild Strike","floor":12,"key":"SMITH"},{"data":"Thunderclap","floor":15,"key":"SMITH"},{"data":"Bane","floor":23,"key":"SMITH"}],"neow_cost":"PERCENT_DAMAGE","seed_source_timestamp":1831196238990300,"circlet_count":0,"master_deck":["Strike_R","Strike_R","Strike_R","Defend_R","Defend_R","Defend_R","Bash","Wild Strike+1","Thunderclap+1","Cleave+1","Flex","Demon Form","Shrug It Off","Flex","Burning Pact","Shockwave","Offering","True Grit+1","Inflame+1","Fusion+1","Bane+1","Distraction","Poisoned Stab+1"],"relics":["Burning Blood","Letter Opener","Tiny Chest","Lantern","Frozen Egg 2","Mark of Pain","PrismaticShard","Pocketwatch","Mummified Hand","Gambling Chip"],"potions_floor_usage":[6,10,11,16,24,24,28],"damage_taken":[{"damage":1,"enemies":"Cultist","floor":1,"turns":4},{"damage":0,"enemies":"2 Louse","floor":2,"turns":3},{"damage":3,"enemies":"Jaw Worm","floor":4,"turns":4},{"damage":25,"enemies":"3 Sentries","floor":6,"turns":6},{"damage":11,"enemies":"Looter","floor":8,"turns":2},{"damage":9,"enemies":"3 Louse","floor":10,"turns":3},{"damage":0,"enemies":"2 Fungi Beasts","floor":11,"turns":2},{"damage":18,"enemies":"Gremlin Nob","floor":13,"turns":4},{"damage":27,"enemies":"Hexaghost","floor":16,"turns":9},{"damage":29,"enemies":"2 Thieves","floor":18,"turns":3},{"damage":27,"enemies":"Spheric Guardian","floor":20,"turns":5},{"damage":7,"enemies":"Centurion and Healer","floor":21,"turns":4},{"damage":24,"enemies":"Book of Stabbing","floor":24,"turns":4},{"damage":29,"enemies":"Shelled Parasite and Fungi","floor":25,"turns":4},{"damage":12,"enemies":"Chosen and Byrds","floor":28,"turns":4},{"damage":16,"enemies":"Slavers","floor":29,"turns":1}],"seed_played":"-3887265873196130043","potions_obtained":[{"floor":2,"key":"Poison Potion"},{"floor":6,"key":"Energy Potion"},{"floor":8,"key":"BloodPotion"},{"floor":13,"key":"Energy Potion"},{"floor":20,"key":"Fire Potion"},{"floor":21,"key":"Strength Potion"},{"floor":24,"key":"Ancient Potion"}],"is_trial":false,"path_per_floor":["M","M","$","M","$","E","R","M","T","M","M","R","E","T","R","B",null,"M","$","M","M","?","R","E","M","T","?","M","E"],"character_chosen":"IRONCLAD","items_purchased":["Cleave","Demon Form","Inflame+1","PrismaticShard"],"campfire_rested":0,"item_purchase_floors":[3,5,19,19],"current_hp_per_floor":[61,67,67,70,70,51,51,46,46,51,57,57,45,45,45,24,80,57,57,36,35,61,61,43,20,20,20,14,0],"gold":18,"neow_bonus":"TWO_FIFTY_GOLD","is_prod":false,"is_daily":false,"chose_seed":false,"campfire_upgraded":4,"win_rate":0,"timestamp":1555185583,"path_taken":["M","M","$","M","$","E","R","M","T","M","?","R","E","?","R","BOSS","M","$","M","M","?","R","E","M","T","?","?","E"],"build_version":"2019-01-23","purchased_purges":3,"victory":false,"max_hp_per_floor":[80,80,80,80,80,80,80,80,80,80,80,80,80,80,80,80,80,80,80,80,80,80,80,80,80,80,80,80,80],"card_choices":[{"not_picked":["Body Slam","Searing Blow"],"picked":"Wild Strike","floor":1},{"not_picked":["Sword Boomerang","Evolve"],"picked":"Thunderclap","floor":2},{"not_picked":["True Grit","Wild Strike"],"picked":"Flex","floor":4},{"not_picked":["Power Through","Heavy Blade"],"picked":"Shrug It Off","floor":6},{"not_picked":["Rampage","Anger"],"picked":"Flex","floor":8},{"not_picked":["Hemokinesis","Ghostly Armor","Searing Blow"],"picked":"SKIP","floor":10},{"not_picked":["Twin Strike","Wild Strike"],"picked":"Burning Pact","floor":11},{"not_picked":["Body Slam","Corruption"],"picked":"Shockwave","floor":13},{"not_picked":["Bludgeon","Double Tap"],"picked":"Offering","floor":16},{"not_picked":["Clothesline+1","Evolve+1"],"picked":"True Grit+1","floor":18},{"not_picked":["Deflect","Intimidate+1"],"picked":"Fusion+1","floor":20},{"not_picked":["Underhanded Strike+1","Cleave"],"picked":"Bane","floor":21},{"not_picked":["Sever Soul","Stack"],"picked":"Distraction","floor":24},{"not_picked":["Chill","Backflip"],"picked":"Poisoned Stab+1","floor":25},{"not_picked":["Rampage","Static Discharge+1","Rage"],"picked":"SKIP","floor":28}],"player_experience":275411,"relics_obtained":[{"floor":6,"key":"Letter Opener"},{"floor":9,"key":"Tiny Chest"},{"floor":13,"key":"Lantern"},{"floor":14,"key":"Frozen Egg 2"},{"floor":24,"key":"Pocketwatch"},{"floor":26,"key":"Mummified Hand"}],"event_choices":[{"damage_healed":26,"gold_gain":0,"player_choice":"Heal","damage_taken":0,"max_hp_gain":0,"max_hp_loss":0,"event_name":"The Library","floor":22,"gold_loss":0},{"damage_healed":0,"gold_gain":0,"player_choice":"Obtained Relic","damage_taken":0,"relics_obtained":["Gambling Chip"],"max_hp_gain":0,"max_hp_loss":0,"event_name":"Addict","floor":27,"gold_loss":85}],"is_beta":false,"boss_relics":[{"not_picked":["Runic Cube","Black Star"],"picked":"Mark of Pain"}],"items_purged_floors":[3,5,19],"is_endless":false,"potions_floor_spawned":[2,6,8,13,20,21,24],"killed_by":"Slavers","ascension_level":2}