{"gold_per_floor":[362,380,35,210,226,261,261,286,309,269,269,75,75,95,95,190,190,203,216,233,233,244,259,259,290,290,14,49,60,12,87,87,191,191,201,226,27,27,37,37,72,72,72,72,90,122,31,57,57,57],"floor_reached":50,"playtime":1870,"items_purged":["Strike_R","Doubt","Strike_R","Strike_R"],"score":686,"play_id":"abdb8546-fa46-41bb-8926-3e87a88092a2","local_time":"20190413195057","is_ascension_mode":true,"campfire_choices":[{"data":"Iron Wave","floor":7,"key":"SMITH"},{"floor":11,"key":"REST"},{"floor":13,"key":"REST"},{"data":"Infernal Blade","floor":15,"key":"SMITH"},{"data":"Rage","floor":24,"key":"SMITH"},{"floor":32,"key":"REST"},{"data":"Fire Breathing","floor":40,"key":"SMITH"},{"data":"Warcry","floor":42,"key":"SMITH"},{"data":"Shrug It Off","floor":44,"key":"SMITH"},{"floor":49,"key":"REST"}],"neow_cost":"PERCENT_DAMAGE","seed_source_timestamp":1818849919828800,"circlet_count":0,"master_deck":["Strike_R","Strike_R","Defend_R","Defend_R","Defend_R","Defend_R","Bash","Iron Wave+1","Warcry+1","Iron Wave+1","Heavy Blade+1","Fiend Fire+1","Clothesline+1","Iron Wave+1","Infernal Blade+1","Offering","Rage+1","Evolve","Thunderclap+1","Battle Trance","Cleave+1","Fire Breathing+1","Inflame+1","Pommel Strike+1","Headbutt+1","Armaments+1","Barricade+1","Shrug It Off+1","Cleave+1","Seeing Red+1","Metallicize+1","Spot Weakness+1"],"relics":["Burning Blood","Molten Egg 2","Oddly Smooth Stone","Centennial Puzzle","Lantern","Velvet Choker","Bag of Preparation","Frozen Egg 2","Meat on the Bone","Busted Crown","Orichalcum","Happy Flower","Mummified Hand","Calipers","Mercury Hourglass"],"potions_floor_usage":[6,16,16,16,16,16,16,20,28,28,33,33,33,38,38,39,46,50,50],"damage_taken":[{"damage":5,"enemies":"2 Louse","floor":1,"turns":4},{"damage":5,"enemies":"Small Slimes","floor":2,"turns":3},{"damage":6,"enemies":"Cultist","floor":5,"turns":4},{"damage":29,"enemies":"3 Sentries","floor":6,"turns":13},{"damage":29,"enemies":"Lagavulin","floor":8,"turns":8},{"damage":2,"enemies":"Exordium Wildlife","floor":14,"turns":2},{"damage":47,"enemies":"Slime Boss","floor":16,"turns":13},{"damage":6,"enemies":"Spheric Guardian","floor":18,"turns":2},{"damage":18,"enemies":"3 Byrds","floor":19,"turns":7},{"damage":6,"enemies":"Snake Plant","floor":20,"turns":1},{"damage":14,"enemies":"Centurion and Healer","floor":22,"turns":5},{"damage":6,"enemies":"Shelled Parasite and Fungi","floor":23,"turns":2},{"damage":43,"enemies":"Gremlin Leader","floor":25,"turns":5},{"damage":11,"enemies":"Book of Stabbing","floor":28,"turns":3},{"damage":14,"enemies":"Snecko","floor":29,"turns":5},{"damage":26,"enemies":"Champ","floor":33,"turns":7},{"damage":6,"enemies":"Orb Walker","floor":35,"turns":3},{"damage":6,"enemies":"3 Darklings","floor":39,"turns":5},{"damage":24,"enemies":"Reptomancer","floor":41,"turns":6},{"damage":33,"enemies":"Jaw Worm Horde","floor":45,"turns":4},{"damage":6,"enemies":"Giant Head","floor":46,"turns":9},{"damage":54,"enemies":"Nemesis","floor":48,"turns":5},{"damage":54,"enemies":"Time Eater","floor":50,"turns":4}],"seed_played":"1516216020984215853","potions_obtained":[{"floor":1,"key":"Swift Potion"},{"floor":10,"key":"SmokeBomb"},{"floor":10,"key":"EntropicBrew"},{"floor":10,"key":"Ancient Potion"},{"floor":18,"key":"Regen Potion"},{"floor":19,"key":"Poison Potion"},{"floor":22,"key":"Block Potion"},{"floor":28,"key":"Dexterity Potion"},{"floor":38,"key":"Fruit Juice"},{"floor":38,"key":"EssenceOfSteel"},{"floor":38,"key":"Fruit Juice"},{"floor":39,"key":"SteroidPotion"},{"floor":45,"key":"Fire Potion"},{"floor":46,"key":"Explosive Potion"}],"is_trial":false,"path_per_floor":["M","M","$","?","M","E","R","E","T","?","R","$","R","M","R","B",null,"M","M","M","?","M","M","R","E","T","$","E","M","$","?","R","B",null,"M","T","$","?","M","R","E","R","T","R","M","E","$","E","R","B"],"character_chosen":"IRONCLAD","items_purchased":["Molten Egg 2","Iron Wave+1","Iron Wave+1","SkillPotion","Inflame+1","PowerPotion","Pommel Strike+1","Dexterity Potion","Shrug It Off","Metallicize+1","Strength Potion"],"campfire_rested":4,"item_purchase_floors":[3,3,12,12,27,27,27,30,37,47,47],"current_hp_per_floor":[57,58,58,58,58,35,35,12,12,12,36,36,60,64,64,23,80,80,68,68,68,60,60,60,23,23,23,23,27,27,19,43,35,80,80,80,80,90,90,90,72,72,72,72,57,57,57,21,48,0],"gold":57,"neow_bonus":"TWO_FIFTY_GOLD","is_prod":false,"is_daily":false,"chose_seed":false,"campfire_upgraded":6,"win_rate":0,"timestamp":1555174257,"path_taken":["M","M","$","?","M","E","R","E","T","?","R","$","R","M","R","BOSS","M","M","?","?","M","M","R","E","T","$","E","M","$","?","R","BOSS","M","?","$","?","?","R","E","R","T","R","?","E","$","E","R","BOSS"],"build_version":"2019-01-23","purchased_purges":4,"victory":false,"max_hp_per_floor":[80,80,80,80,80,80,80,80,80,80,80,80,80,80,80,80,80,80,80,80,80,80,80,80,80,80,80,80,80,80,80,80,80,80,80,80,80,90,90,90,90,90,90,90,90,90,90,90,90,90],"card_choices":[{"not_picked":["Metallicize","Thunderclap"],"picked":"Iron Wave","floor":1},{"not_picked":["Blood for Blood","Anger"],"picked":"Warcry","floor":2},{"not_picked":["Body Slam+1","Pommel Strike+1"],"picked":"Heavy Blade+1","floor":5},{"not_picked":["Bludgeon+1","Body Slam+1"],"picked":"Fiend Fire+1","floor":6},{"not_picked":["Sword Boomerang+1","Perfected Strike+1"],"picked":"Clothesline+1","floor":8},{"not_picked":["Reckless Charge+1","Metallicize"],"picked":"Infernal Blade","floor":14},{"not_picked":["Bludgeon+1","Exhume"],"picked":"Offering","floor":16},{"not_picked":["Shrug It Off","Heavy Blade+1"],"picked":"Rage","floor":18},{"not_picked":["Sword Boomerang+1","Combust"],"picked":"Evolve","floor":19},{"not_picked":["Headbutt+1","Havoc"],"picked":"Thunderclap+1","floor":20},{"not_picked":["Sentinel","Warcry"],"picked":"Cleave+1","floor":22},{"not_picked":["Headbutt+1","Evolve","Twin Strike+1"],"picked":"SKIP","floor":23},{"not_picked":["Rupture","Dark Embrace"],"picked":"Fire Breathing","floor":25},{"not_picked":["Ghostly Armor","Shrug It Off"],"picked":"Headbutt+1","floor":28},{"not_picked":["Heavy Blade+1","Second Wind"],"picked":"Armaments+1","floor":29},{"not_picked":["Feed+1","Berserk+1"],"picked":"Barricade+1","floor":33},{"not_picked":["Searing Blow+1"],"picked":"SKIP","floor":35},{"not_picked":["Wild Strike+1"],"picked":"SKIP","floor":39},{"not_picked":["Second Wind"],"picked":"SKIP","floor":41},{"not_picked":[],"picked":"Cleave+1","floor":45},{"not_picked":[],"picked":"Seeing Red+1","floor":46},{"not_picked":[],"picked":"Spot Weakness+1","floor":48}],"player_experience":263743,"relics_obtained":[{"floor":6,"key":"Oddly Smooth Stone"},{"floor":8,"key":"Centennial Puzzle"},{"floor":9,"key":"Lantern"},{"floor":25,"key":"Bag of Preparation"},{"floor":26,"key":"Frozen Egg 2"},{"floor":28,"key":"Meat on the Bone"},{"floor":36,"key":"Orichalcum"},{"floor":41,"key":"Happy Flower"},{"floor":43,"key":"Mummified Hand"},{"floor":46,"key":"Calipers"},{"floor":48,"key":"Mercury Hourglass"}],"event_choices":[{"damage_healed":0,"gold_gain":175,"player_choice":"AGREE","damage_taken":0,"max_hp_gain":0,"max_hp_loss":0,"event_name":"Liars Game","floor":4,"gold_loss":0,"cards_obtained":["Doubt"]},{"damage_healed":0,"gold_gain":0,"player_choice":"Bought 3 Potions","damage_taken":0,"max_hp_gain":0,"max_hp_loss":0,"event_name":"The Woman in Blue","floor":10,"gold_loss":0},{"damage_healed":0,"gold_gain":0,"player_choice":"Read","damage_taken":0,"max_hp_gain":0,"max_hp_loss":0,"event_name":"The Library","floor":21,"gold_loss":0,"cards_obtained":["Battle Trance"]},{"damage_healed":0,"gold_gain":75,"player_choice":"Touch","damage_taken":8,"max_hp_gain":0,"max_hp_loss":0,"event_name":"FaceTrader","floor":31,"gold_loss":0},{"damage_healed":0,"gold_gain":0,"player_choice":"Got Potions","damage_taken":0,"max_hp_gain":0,"max_hp_loss":0,"event_name":"Lab","floor":38,"gold_loss":0}],"is_beta":false,"boss_relics":[{"not_picked":["Astrolabe","Empty Cage"],"picked":"Velvet Choker"},{"not_picked":["White Beast Statue","Cursed Key"],"picked":"Busted Crown"}],"items_purged_floors":[3,12,27,37],"is_endless":false,"potions_floor_spawned":[1,14,18,19,22,28,39,45,46],"killed_by":"Time Eater","ascension_level":2}