{"gold_per_floor":[14,14,34,34,34,34,52,52,52,52,384,396,377,394,394,394],"floor_reached":16,"playtime":442,"items_purged":[],"score":117,"play_id":"29d0d8e0-9adc-4987-9b95-36103db219d7","local_time":"20190421220951","is_ascension_mode":true,"campfire_choices":[{"data":"True Grit","floor":6,"key":"SMITH"},{"data":"True Grit","floor":8,"key":"SMITH"},{"data":"Bash","floor":10,"key":"SMITH"},{"floor":15,"key":"REST"}],"neow_cost":"NO_GOLD","seed_source_timestamp":2519810032533600,"circlet_count":0,"master_deck":["Strike_R","Strike_R","Strike_R","Strike_R","Strike_R","Defend_R","Defend_R","Defend_R","Defend_R","Bash+1","Reaper","True Grit+1","True Grit+1","Regret","Iron Wave","Cleave","Infernal Blade","Wild Strike","Dual Wield"],"relics":["Burning Blood","Question Card","Boot","Old Coin"],"potions_floor_usage":[11,12,16],"damage_taken":[{"damage":7,"enemies":"Small Slimes","floor":1,"turns":3},{"damage":6,"enemies":"Jaw Worm","floor":3,"turns":4},{"damage":9,"enemies":"Cultist","floor":7,"turns":4},{"damage":56,"enemies":"Lagavulin","floor":11,"turns":8},{"damage":7,"enemies":"3 Louse","floor":12,"turns":2},{"damage":11,"enemies":"Exordium Thugs","floor":13,"turns":4},{"damage":5,"enemies":"2 Fungi Beasts","floor":14,"turns":4},{"damage":93,"enemies":"The Guardian","floor":16,"turns":16}],"seed_played":"27146655836897160","potions_obtained":[{"floor":3,"key":"Energy Potion"},{"floor":11,"key":"Strength Potion"},{"floor":13,"key":"LiquidBronze"}],"is_trial":false,"path_per_floor":["M","$","M","?","$","R","M","R","T","R","E","M","M","M","R","B"],"character_chosen":"IRONCLAD","items_purchased":[],"campfire_rested":1,"item_purchase_floors":[],"current_hp_per_floor":[79,79,79,79,79,79,76,76,76,76,26,34,30,41,65,0],"gold":394,"neow_bonus":"THREE_RARE_CARDS","is_prod":false,"is_daily":false,"chose_seed":false,"campfire_upgraded":3,"win_rate":0,"timestamp":1555873791,"path_taken":["M","$","M","?","?","R","M","R","T","R","E","?","M","M","R","BOSS"],"build_version":"2019-01-23","purchased_purges":0,"victory":false,"max_hp_per_floor":[80,80,80,80,80,80,80,80,80,80,80,80,80,80,80,80],"card_choices":[{"not_picked":["Berserk","Double Tap"],"picked":"Reaper","floor":0},{"not_picked":["Feel No Pain","Shrug It Off"],"picked":"True Grit","floor":1},{"not_picked":["Anger","Perfected Strike"],"picked":"True Grit","floor":3},{"not_picked":["Dropkick","Hemokinesis","Body Slam"],"picked":"Iron Wave","floor":7},{"not_picked":["Headbutt","Fire Breathing","Bludgeon"],"picked":"Cleave","floor":11},{"not_picked":["Heavy Blade","Ghostly Armor","Anger"],"picked":"Infernal Blade","floor":12},{"not_picked":["Second Wind","Anger","Shrug It Off"],"picked":"Wild Strike","floor":13},{"not_picked":["Pommel Strike","Headbutt","Rampage"],"picked":"Dual Wield","floor":14}],"player_experience":331331,"relics_obtained":[{"floor":9,"key":"Boot"},{"floor":11,"key":"Old Coin"}],"event_choices":[{"damage_healed":0,"gold_gain":0,"player_choice":"Box","damage_taken":0,"relics_obtained":["Question Card"],"max_hp_gain":0,"max_hp_loss":0,"event_name":"Big Fish","floor":4,"gold_loss":0,"cards_obtained":["Regret"]}],"is_beta":false,"boss_relics":[],"items_purged_floors":[],"is_endless":false,"potions_floor_spawned":[3,11,13],"killed_by":"The Guardian","ascension_level":3}