{"gold_per_floor":[112,112,129,145,145,170,217,217,241,276,276,310,326,251,251,353,403,387,387,397,347,57,57,73,73,73,84,84,84,116,126,126,126],"floor_reached":33,"playtime":2659,"items_purged":["Strike_B","Strike_B"],"score":350,"play_id":"3314f513-3953-4288-b827-b0b94c5dae57","local_time":"20190912171402","is_ascension_mode":true,"campfire_choices":[{"floor":11,"key":"REST"},{"data":"Creative AI","floor":15,"key":"SMITH"},{"floor":23,"key":"REST"},{"data":"Apotheosis","floor":25,"key":"SMITH"},{"data":"Fusion","floor":28,"key":"SMITH"},{"data":"BootSequence","floor":32,"key":"SMITH"}],"neow_cost":"NONE","seed_source_timestamp":582862174296600,"circlet_count":0,"master_deck":["Defend_B","Defend_B","Defend_B","Defend_B+1","Zap","Dualcast","Creative AI+1","Static Discharge","Turbo","Amplify","Defragment","Amplify","Heatsinks","Fusion+1","Apotheosis+1","Shame","BootSequence+1","Consume"],"relics":["Cracked Core","Strawberry","Blood Vial","PreservedInsect","Regal Pillow","Happy Flower","Vajra","Tiny House","Bird Faced Urn","Bronze Scales","Prayer Wheel"],"potions_floor_usage":[24,33,33,33],"damage_taken":[{"damage":8,"enemies":"Jaw Worm","floor":1,"turns":4},{"damage":0,"enemies":"Small Slimes","floor":3,"turns":4},{"damage":1,"enemies":"Cultist","floor":4,"turns":3},{"damage":13,"enemies":"Lagavulin","floor":6,"turns":6},{"damage":22,"enemies":"3 Sentries","floor":10,"turns":5},{"damage":16,"enemies":"Lagavulin","floor":12,"turns":6},{"damage":7,"enemies":"Blue Slaver","floor":13,"turns":4},{"damage":0,"enemies":"Slime Boss","floor":16,"turns":6},{"damage":33,"enemies":"2 Thieves","floor":18,"turns":5},{"damage":17,"enemies":"Shell Parasite","floor":20,"turns":8},{"damage":12,"enemies":"Sentry and Sphere","floor":24,"turns":6},{"damage":30,"enemies":"Centurion and Healer","floor":27,"turns":4},{"damage":35,"enemies":"Book of Stabbing","floor":30,"turns":4},{"damage":19,"enemies":"Shelled Parasite and Fungi","floor":31,"turns":7},{"damage":74,"enemies":"Automaton","floor":33,"turns":6}],"seed_played":"1044850602778379062","potions_obtained":[{"floor":1,"key":"Regen Potion"},{"floor":4,"key":"Poison Potion"},{"floor":12,"key":"SkillPotion"},{"floor":16,"key":"Strength Potion"},{"floor":17,"key":"Block Potion"},{"floor":24,"key":"Poison Potion"},{"floor":30,"key":"Regen Potion"}],"is_trial":false,"path_per_floor":["M","?","M","M","?","E","T","?","T","E","R","E","M","$","R","B",null,"M","?","M","?","$","R","M","R","T","M","R","?","E","M","R","B"],"character_chosen":"DEFECT","items_purchased":["Apotheosis"],"campfire_rested":2,"item_purchase_floors":[22],"current_hp_per_floor":[67,60,60,59,59,53,53,53,53,33,72,58,53,53,53,55,87,54,38,23,23,23,64,54,54,54,46,46,46,23,28,28,0],"gold":126,"neow_bonus":"ONE_RANDOM_RARE_CARD","is_prod":false,"is_daily":false,"chose_seed":false,"campfire_upgraded":4,"win_rate":0,"timestamp":1568301242,"path_taken":["M","?","M","M","?","E","?","?","T","E","R","E","M","$","R","BOSS","M","?","M","?","$","R","M","R","T","?","R","?","E","M","R","BOSS"],"build_version":"2019-07-17","purchased_purges":2,"victory":false,"max_hp_per_floor":[75,75,75,75,75,82,82,82,82,82,82,82,82,82,82,82,87,87,87,87,87,87,87,87,87,87,87,87,87,87,87,87,87],"card_choices":[{"not_picked":["Rip and Tear","Redo","Compile Driver"],"picked":"SKIP","floor":1},{"not_picked":["Aggregate","Sweeping Beam","Coolheaded"],"picked":"SKIP","floor":3},{"not_picked":["Hologram","Redo"],"picked":"Static Discharge","floor":4},{"not_picked":["Cold Snap","FTL"],"picked":"Turbo","floor":6},{"not_picked":["Hologram","Aggregate","Tempest"],"picked":"SKIP","floor":10},{"not_picked":["Consume","FTL"],"picked":"Amplify","floor":12},{"not_picked":["Reprogram","Steam"],"picked":"Defragment","floor":13},{"not_picked":["Hyperbeam","Biased Cognition"],"picked":"Amplify","floor":16},{"not_picked":["Rebound","Ball Lightning"],"picked":"Heatsinks","floor":17},{"not_picked":["Leap+1","Scrape"],"picked":"Fusion","floor":18},{"not_picked":["Leap","Machine Learning","Hello World"],"picked":"SKIP","floor":20},{"not_picked":["Hologram","Fusion","Gash+1"],"picked":"SKIP","floor":24},{"not_picked":["Static Discharge","Hello World","Glacier"],"picked":"SKIP","floor":27},{"not_picked":["Beam Cell","Leap","Auto Shields+1"],"picked":"SKIP","floor":30},{"not_picked":["Beam Cell","Cold Snap"],"picked":"BootSequence","floor":31},{"not_picked":["Ball Lightning","Steam Power"],"picked":"Consume","floor":31}],"player_experience":80859,"relics_obtained":[{"floor":6,"key":"Strawberry"},{"floor":7,"key":"Blood Vial"},{"floor":9,"key":"Regal Pillow"},{"floor":10,"key":"Happy Flower"},{"floor":12,"key":"Vajra"},{"floor":26,"key":"Bird Faced Urn"},{"floor":30,"key":"Prayer Wheel"}],"event_choices":[{"cards_removed":["Strike_B"],"damage_healed":0,"gold_gain":0,"player_choice":"Card Removal","damage_taken":7,"max_hp_gain":0,"max_hp_loss":0,"event_name":"Golden Wing","floor":2,"gold_loss":0},{"cards_removed":["Strike_B"],"damage_healed":0,"gold_gain":0,"player_choice":"Forget","damage_taken":0,"max_hp_gain":0,"max_hp_loss":0,"event_name":"Living Wall","floor":5,"gold_loss":0},{"damage_healed":0,"gold_gain":0,"player_choice":"Gave Potion","damage_taken":0,"relics_obtained":["PreservedInsect"],"max_hp_gain":0,"max_hp_loss":0,"event_name":"WeMeetAgain","floor":8,"gold_loss":0},{"damage_healed":0,"gold_gain":0,"player_choice":"Obtained Book","damage_taken":16,"max_hp_gain":0,"max_hp_loss":0,"event_name":"Cursed Tome","floor":19,"gold_loss":0},{"damage_healed":0,"gold_gain":0,"player_choice":"Bet on Owner","damage_taken":0,"max_hp_gain":0,"max_hp_loss":0,"event_name":"The Joust","floor":21,"gold_loss":50},{"damage_healed":0,"gold_gain":0,"player_choice":"Stole Relic","damage_taken":0,"relics_obtained":["Bronze Scales"],"max_hp_gain":0,"max_hp_loss":0,"event_name":"Addict","floor":29,"gold_loss":0,"cards_obtained":["Shame"]}],"is_beta":false,"boss_relics":[{"not_picked":["White Beast Statue","Busted Crown"],"picked":"Tiny House"}],"items_purged_floors":[14,22],"is_endless":false,"potions_floor_spawned":[1,4,12,16,18,24,30],"killed_by":"Automaton","ascension_level":1}