{"gold_per_floor":[111,111,111,36,48,48,80,97,166,166,224,242,242,272,272,376,376,392,392,50,70,90,90,103,103,103,131,131,156,156,156,156,156],"floor_reached":33,"playtime":1773,"items_purged":["Defend_G","Strike_G"],"score":436,"play_id":"72fddb04-9519-4b0b-bc6f-d6e0b8876cc1","local_time":"20191019103442","is_ascension_mode":true,"campfire_choices":[{"data":"Dodge and Roll","floor":6.0,"key":"SMITH"},{"floor":10.0,"key":"REST"},{"floor":13,"key":"REST"},{"floor":15,"key":"REST"},{"data":"Wraith Form v2","floor":23,"key":"SMITH"},{"data":"Adrenaline","floor":25,"key":"SMITH"},{"data":"Footwork","floor":28,"key":"SMITH"},{"floor":32,"key":"REST"}],"neow_cost":"NONE","seed_source_timestamp":0,"circlet_count":0,"master_deck":["Defend_G","Defend_G","Defend_G","Defend_G","Survivor","Neutralize+1","Dodge and Roll+1","Storm of Steel","Dagger Spray","Accuracy","Infinite Blades","Accuracy","Adrenaline+1","Footwork+1","Wraith Form v2+1","Flechettes+1","Glass Knife+1","Bouncing Flask+1","PiercingWail","Backflip","Infinite Blades","Backflip","Cloak And Dagger","Dodge and Roll","Setup","RitualDagger","Caltrops+1"],"special_seed":0,"relics":["Ring of the Snake","PreservedInsect","Blue Candle","Tiny Chest","Orichalcum","Astrolabe","Pen Nib","Matryoshka","Bronze Scales","Mercury Hourglass","Dream Catcher","Bottled Tornado"],"potions_floor_usage":[14,16,22,22,29,33],"damage_taken":[{"damage":0.0,"enemies":"Cultist","floor":1.0,"turns":3.0},{"damage":0.0,"enemies":"2 Louse","floor":5.0,"turns":3.0},{"damage":33.0,"enemies":"3 Sentries","floor":7.0,"turns":12.0},{"damage":0.0,"enemies":"Jaw Worm","floor":8.0,"turns":5.0},{"damage":34,"enemies":"Gremlin Nob","floor":11,"turns":4},{"damage":8,"enemies":"3 Louse","floor":12,"turns":4},{"damage":9,"enemies":"Lagavulin","floor":14,"turns":7},{"damage":21,"enemies":"The Guardian","floor":16,"turns":16},{"damage":3,"enemies":"Shell Parasite","floor":18,"turns":5},{"damage":0,"enemies":"3 Byrds","floor":21,"turns":4},{"damage":3,"enemies":"Snecko","floor":22,"turns":5},{"damage":4,"enemies":"Centurion and Healer","floor":24,"turns":6},{"damage":20,"enemies":"Slavers","floor":27,"turns":4},{"damage":3,"enemies":"Gremlin Leader","floor":29,"turns":5},{"damage":53,"enemies":"Collector","floor":33,"turns":7}],"seed_played":"-7816073085297117065","potions_obtained":[{"floor":1.0,"key":"Weak Potion"},{"floor":7.0,"key":"EssenceOfSteel"},{"floor":8.0,"key":"AttackPotion"},{"floor":21,"key":"Swift Potion"},{"floor":22,"key":"PowerPotion"},{"floor":24,"key":"LiquidBronze"},{"floor":29,"key":"PowerPotion"}],"is_trial":false,"path_per_floor":["M","$","?","$","M","R","E","M","T","R","E","M","R","E","R","B",null,"M","?","$","M","M","R","M","R","T","E","R","E","T","?","R","B"],"character_chosen":"THE_SILENT","items_purchased":["Backflip","Pen Nib","Infinite Blades"],"campfire_rested":4,"item_purchase_floors":[20,20,20],"current_hp_per_floor":[63,63,63,63,63,63,30,30,30,51,17,9,30,21,42,21,58,55,55,55,55,52,52,48,48,48,28,28,25,25,19,40,0],"gold":156,"neow_bonus":"UPGRADE_CARD","is_prod":false,"is_daily":false,"chose_seed":false,"campfire_upgraded":4,"win_rate":0,"timestamp":1571506482,"path_taken":["M","?","?","$","M","R","E","M","T","R","E","M","R","E","R","BOSS","M","?","$","M","M","R","M","R","T","E","R","E","?","?","R","BOSS"],"build_version":"2019-07-17","purchased_purges":2,"victory":false,"max_hp_per_floor":[70,70,70,70,70,70,70,70,70,70,70,70,70,70,70,70,70,70,70,70,70,70,70,70,70,70,70,70,70,70,70,70,70],"card_choices":[{"not_picked":["Cloak And Dagger","Prepared"],"picked":"Dodge and Roll","floor":1.0},{"not_picked":["Expertise","Acrobatics"],"picked":"Dagger Spray","floor":5.0},{"not_picked":["Concentrate","Underhanded Strike"],"picked":"Accuracy","floor":7.0},{"not_picked":["Poisoned Stab","Bouncing Flask"],"picked":"Infinite Blades","floor":8.0},{"not_picked":["Bane","Masterful Stab"],"picked":"Accuracy","floor":11},{"not_picked":["Reflex","Dodge and Roll"],"picked":"Adrenaline","floor":12},{"not_picked":["Backflip","Storm of Steel"],"picked":"Footwork","floor":14},{"not_picked":["Phantasmal Killer","Bullet Time"],"picked":"Wraith Form v2","floor":16},{"not_picked":["Bouncing Flask","Terror"],"picked":"PiercingWail","floor":18},{"not_picked":["Poisoned Stab","PiercingWail"],"picked":"Backflip","floor":21},{"not_picked":["Concentrate","Riddle With Holes"],"picked":"Cloak And Dagger","floor":22},{"not_picked":["Underhanded Strike+1","Deadly Poison"],"picked":"Dodge and Roll","floor":24},{"not_picked":["Dagger Throw","Venomology","Prepared"],"picked":"SKIP","floor":27},{"not_picked":["All Out Attack","Flying Knee+1"],"picked":"Setup","floor":29},{"not_picked":["Blur","Choke+1"],"picked":"Caltrops+1","floor":32}],"player_experience":382400,"relics_obtained":[{"floor":7.0,"key":"PreservedInsect"},{"floor":9.0,"key":"Blue Candle"},{"floor":11,"key":"Tiny Chest"},{"floor":14,"key":"Orichalcum"},{"floor":26,"key":"Matryoshka"},{"floor":27,"key":"Bronze Scales"},{"floor":29,"key":"Mercury Hourglass"},{"floor":30,"key":"Dream Catcher"},{"floor":30,"key":"Bottled Tornado"}],"event_choices":[{"damage_healed":0.0,"max_hp_gain":0.0,"max_hp_loss":0.0,"gold_gain":0.0,"cards_transformed":["Strike_G"],"event_name":"Living Wall","player_choice":"Change","floor":3.0,"gold_loss":0.0,"damage_taken":0.0,"cards_obtained":["Storm of Steel"]},{"damage_healed":0,"gold_gain":0,"player_choice":"Ignored","damage_taken":0,"max_hp_gain":0,"max_hp_loss":0,"event_name":"Vampires","floor":19,"gold_loss":0},{"damage_healed":0,"gold_gain":0,"player_choice":"Joined the Cult","damage_taken":6,"max_hp_gain":0,"max_hp_loss":0,"event_name":"Nest","floor":31,"gold_loss":0,"cards_obtained":["RitualDagger"]}],"is_beta":false,"boss_relics":[{"not_picked":["Runic Dome","Busted Crown"],"picked":"Astrolabe"}],"items_purged_floors":[4,20],"is_endless":false,"potions_floor_spawned":[1,7,8,12,21,22,24,29],"killed_by":"Collector","ascension_level":9}