{"gold_per_floor":[12,24,24,37,57,57,96,96,96,22,40,63,98,111,111,234,234,252,266,266,284,315,315,346,346,397,161,61,102,122,50,50,175,175,194,217,550,772,84,84,84,116,142,177,196,213,213,239,239,239,239,239,30,61,61],"floor_reached":56,"playtime":2972,"items_purged":["Defend_B","Strike_B","Strike_B"],"score":1660,"play_id":"58f7c968-aedc-40d5-954c-80b5a13e6843","local_time":"20190715004345","is_ascension_mode":false,"campfire_choices":[{"data":"Loop","floor":6,"key":"SMITH"},{"data":"Biased Cognition","floor":8,"key":"SMITH"},{"data":"Defragment","floor":15,"key":"SMITH"},{"data":"Zap","floor":23,"key":"SMITH"},{"data":"Beam Cell","floor":25,"key":"SMITH"},{"data":"Electrodynamics","floor":32,"key":"SMITH"},{"floor":40,"key":"RECALL"},{"floor":49,"key":"REST"},{"floor":52,"key":"REST"}],"neow_cost":"NO_GOLD","seed_source_timestamp":365542929313607,"circlet_count":0,"master_deck":["Strike_B","Defend_B","Defend_B","Zap+1","Dualcast","Loop+1","Rebound","Biased Cognition+1","Cold Snap","Steam+1","Ball Lightning","Conserve Battery+1","Electrodynamics+1","Defragment+1","Compile Driver+1","Hologram+1","Ghostly+1","Ghostly+1","Ghostly+1","Ghostly+1","Ghostly+1","Beam Cell+1","Conserve Battery+1","Fission+1","Coolheaded+1","Seek+1","Redo+1","Turbo+1","BootSequence+1","Impatience+1","Panacea+1","Madness+1","Madness+1","Coolheaded+1","Impatience+1","Leap+1"],"relics":["Cracked Core","Toxic Egg 2","Singing Bowl","Boot","Runic Pyramid","Red Mask","PreservedInsect","Centennial Puzzle","Matryoshka","Fusion Hammer","FossilizedHelix","Strange Spoon","Mango","DataDisk","Gambling Chip","Emotion Chip","DollysMirror","Pen Nib"],"potions_floor_usage":[7,24,33,55,55,55],"damage_taken":[{"damage":1,"enemies":"Jaw Worm","floor":1,"turns":3},{"damage":3,"enemies":"2 Louse","floor":2,"turns":3},{"damage":2,"enemies":"Small Slimes","floor":4,"turns":3},{"damage":6,"enemies":"2 Fungi Beasts","floor":5,"turns":2},{"damage":13,"enemies":"3 Sentries","floor":7,"turns":6},{"damage":0,"enemies":"Blue Slaver","floor":11,"turns":3},{"damage":10,"enemies":"Looter","floor":12,"turns":2},{"damage":3,"enemies":"Gremlin Nob","floor":13,"turns":3},{"damage":0,"enemies":"3 Louse","floor":14,"turns":2},{"damage":0,"enemies":"Slime Boss","floor":16,"turns":5},{"damage":0,"enemies":"Spheric Guardian","floor":18,"turns":3},{"damage":6,"enemies":"Shell Parasite","floor":19,"turns":4},{"damage":0,"enemies":"Centurion and Healer","floor":21,"turns":7},{"damage":0,"enemies":"Masked Bandits","floor":22,"turns":3},{"damage":0,"enemies":"Gremlin Leader","floor":24,"turns":6},{"damage":0,"enemies":"Book of Stabbing","floor":29,"turns":5},{"damage":0,"enemies":"Cultist and Chosen","floor":30,"turns":5},{"damage":0,"enemies":"Automaton","floor":33,"turns":6},{"damage":0,"enemies":"3 Darklings","floor":35,"turns":2},{"damage":0,"enemies":"Orb Walker","floor":36,"turns":3},{"damage":0,"enemies":"Reptomancer","floor":42,"turns":3},{"damage":0,"enemies":"Giant Head","floor":44,"turns":6},{"damage":0,"enemies":"4 Shapes","floor":45,"turns":4},{"damage":0,"enemies":"Maw","floor":46,"turns":6},{"damage":0,"enemies":"Reptomancer","floor":48,"turns":3},{"damage":0,"enemies":"Awakened One","floor":50,"turns":11},{"damage":0,"enemies":"Shield and Spear","floor":54,"turns":6},{"damage":33,"enemies":"The Heart","floor":55,"turns":13}],"seed_played":"-5088564020742208352","potions_obtained":[{"floor":1,"key":"SmokeBomb"},{"floor":4,"key":"SkillPotion"},{"floor":11,"key":"Fire Potion"},{"floor":14,"key":"SkillPotion"},{"floor":16,"key":"Block Potion"},{"floor":33,"key":"Poison Potion"},{"floor":42,"key":"LiquidBronze"},{"floor":54,"key":"Dexterity Potion"}],"is_trial":false,"path_per_floor":["M","M","?","M","M","R","E","R","T","$","M","M","E","M","R","B",null,"M","M","?","M","?","R","E","R","T","$","$","E","M","$","R","B",null,"M","M","?","?","$","R","?","E","T","E","M","M","?","E","R","B",null,"R","$","E","B",null],"character_chosen":"DEFECT","items_purchased":["Ball Lightning","Conserve Battery+1","Fission+1","Ancient Potion","FossilizedHelix","BootSequence+1","Strange Spoon","DollysMirror"],"campfire_rested":2,"item_purchase_floors":[10,10,27,31,39,39,39,53],"current_hp_per_floor":[74,71,69,67,61,61,48,48,48,48,50,40,37,39,39,41,75,75,69,37,37,39,39,39,39,39,39,39,39,41,41,41,41,41,41,41,41,41,41,41,33,49,49,51,53,55,47,47,65,65,65,65,65,65,32],"gold":61,"neow_bonus":"REMOVE_TWO","is_prod":false,"is_daily":false,"chose_seed":false,"campfire_upgraded":6,"win_rate":0,"timestamp":1563147825,"path_taken":["M","M","?","M","M","R","E","R","T","$","M","M","E","M","R","BOSS","M","M","?","M","?","R","E","R","T","?","$","E","?","$","R","BOSS","M","M","?","?","$","R","?","E","T","E","M","M","?","E","R","BOSS","R","$","E","BOSS"],"build_version":"2019-07-05","purchased_purges":3,"victory":true,"max_hp_per_floor":[75,75,69,69,69,69,69,69,69,69,71,71,71,73,73,75,75,75,75,37,37,39,39,39,39,39,39,39,39,41,41,41,41,41,41,41,41,41,41,41,43,59,59,61,63,65,65,65,65,65,65,65,65,65,65],"card_choices":[{"not_picked":["Recycle","Stack"],"picked":"Loop","floor":1},{"not_picked":["Stack","Reprogram"],"picked":"Rebound","floor":2},{"not_picked":["Rebound","Ball Lightning"],"picked":"Biased Cognition","floor":4},{"not_picked":["Turbo","Go for the Eyes"],"picked":"Cold Snap","floor":5},{"not_picked":["Streamline","Turbo"],"picked":"Steam","floor":7},{"not_picked":["Hello World","Doom and Gloom","Beam Cell"],"picked":"Singing Bowl","floor":11},{"not_picked":["Compile Driver","Turbo+1"],"picked":"Electrodynamics","floor":12},{"not_picked":["Reprogram+1","Compile Driver"],"picked":"Defragment","floor":13},{"not_picked":["Turbo+1","Static Discharge","Aggregate+1"],"picked":"Singing Bowl","floor":14},{"not_picked":["Rainbow+1","Hyperbeam","Buffer"],"picked":"Singing Bowl","floor":16},{"not_picked":["Hologram+1","Heatsinks"],"picked":"Compile Driver+1","floor":18},{"not_picked":["Stack+1","Ball Lightning"],"picked":"Hologram+1","floor":19},{"not_picked":["Leap+1","Compile Driver"],"picked":"Beam Cell","floor":21},{"not_picked":["Loop","Rip and Tear","Sweeping Beam"],"picked":"Singing Bowl","floor":22},{"not_picked":["Undo+1","Go for the Eyes"],"picked":"Conserve Battery+1","floor":24},{"not_picked":["Chaos+1","Lockon+1"],"picked":"Coolheaded+1","floor":29},{"not_picked":["Stack+1","Undo+1","Steam+1"],"picked":"Singing Bowl","floor":30},{"not_picked":["Electrodynamics","Multi-Cast+1"],"picked":"Seek+1","floor":33},{"not_picked":["Scrape+1","Reinforced Body+1"],"picked":"Redo+1","floor":35},{"not_picked":["Reprogram+1","Steam Power+1"],"picked":"Turbo+1","floor":36},{"not_picked":["Dramatic Entrance","Forethought+1"],"picked":"Impatience+1","floor":41},{"not_picked":["Swift Strike","Discovery+1","Sadistic Nature"],"picked":"Singing Bowl","floor":41},{"not_picked":["Purity+1","Sadistic Nature"],"picked":"Panacea+1","floor":41},{"not_picked":["Conserve Battery+1","Leap+1","Go for the Eyes"],"picked":"Singing Bowl","floor":42},{"not_picked":["Chaos+1","Steam Power+1","Melter+1"],"picked":"Singing Bowl","floor":44},{"not_picked":["Self Repair+1","Steam Power+1","Barrage+1"],"picked":"Singing Bowl","floor":45},{"not_picked":["Barrage+1","Rebound+1","Streamline+1"],"picked":"Singing Bowl","floor":46},{"not_picked":["Defragment+1","Creative AI"],"picked":"Coolheaded+1","floor":48},{"not_picked":["Auto Shields+1","Stack+1"],"picked":"Leap+1","floor":54}],"player_experience":1693445,"relics_obtained":[{"floor":7,"key":"Toxic Egg 2"},{"floor":9,"key":"Singing Bowl"},{"floor":13,"key":"Boot"},{"floor":22,"key":"Red Mask"},{"floor":24,"key":"PreservedInsect"},{"floor":26,"key":"Centennial Puzzle"},{"floor":29,"key":"Matryoshka"},{"floor":42,"key":"Mango"},{"floor":43,"key":"DataDisk"},{"floor":44,"key":"Gambling Chip"},{"floor":48,"key":"Emotion Chip"},{"floor":54,"key":"Pen Nib"}],"event_choices":[{"damage_healed":0,"gold_gain":0,"player_choice":"Lose Max HP","damage_taken":0,"relics_obtained":["Golden Idol"],"max_hp_gain":0,"max_hp_loss":6,"event_name":"Golden Idol","floor":3,"gold_loss":0},{"damage_healed":0,"gold_gain":0,"player_choice":"Became a Ghost","damage_taken":0,"max_hp_gain":0,"max_hp_loss":38,"event_name":"Ghosts","floor":20,"gold_loss":0,"cards_obtained":["Ghostly","Ghostly","Ghostly","Ghostly","Ghostly"]},{"damage_healed":0,"gold_gain":0,"player_choice":"Fought Bandits","damage_taken":0,"max_hp_gain":0,"max_hp_loss":0,"event_name":"Masked Bandits","floor":22,"gold_loss":0},{"damage_healed":0,"gold_gain":333,"player_choice":"Gave Idol","damage_taken":0,"max_hp_gain":0,"max_hp_loss":0,"event_name":"The Moai Head","floor":37,"relics_lost":["Golden Idol"],"gold_loss":0},{"damage_healed":0,"gold_gain":222,"player_choice":"Wore Mask","damage_taken":0,"max_hp_gain":0,"max_hp_loss":0,"event_name":"Tomb of Lord Red Mask","floor":38,"gold_loss":0},{"damage_healed":0,"gold_gain":0,"player_choice":"Memory 3","damage_taken":10,"max_hp_gain":0,"max_hp_loss":0,"event_name":"SensoryStone","floor":41,"gold_loss":0},{"damage_healed":0,"gold_gain":0,"player_choice":"Embrace Madness","damage_taken":8,"max_hp_gain":0,"max_hp_loss":0,"event_name":"Winding Halls","floor":47,"gold_loss":0,"cards_obtained":["Madness","Madness"]}],"is_beta":false,"boss_relics":[{"not_picked":["Snecko Eye","Coffee Dripper"],"picked":"Runic Pyramid"},{"not_picked":["White Beast Statue","Cursed Key"],"picked":"Fusion Hammer"}],"items_purged_floors":[27,28,39],"is_endless":false,"potions_floor_spawned":[1,4,11,14,16,21,33,35,36,42,54],"ascension_level":0}