{"gold_per_floor":[114,129,144,69,84,99,99,114,114,169,184,34,49,8,8,108,158,173,173,173,188,188],"floor_reached":22,"playtime":2601,"items_purged":["Bash"],"score":182,"play_id":"b00cb3a4-1b29-430d-8e62-85ded7ac291f","local_time":"20191022214540","daily_mods":["Heirloom","Colorless Cards","Lethality"],"is_ascension_mode":false,"campfire_choices":[{"data":"Armaments","floor":7.0,"key":"SMITH"},{"data":"True Grit","floor":15,"key":"SMITH"}],"neow_cost":"","seed_source_timestamp":0,"circlet_count":0,"master_deck":["Strike_R","Strike_R","Strike_R","Strike_R","Strike_R+1","Defend_R","Defend_R","Defend_R","Defend_R","Armaments+1","Infernal Blade","Perfected Strike","Shrug It Off","Rage","Dramatic Entrance","Pommel Strike","True Grit+1","Rupture","Exhume","Infernal Blade","Metamorphosis","Impatience"],"special_seed":18192,"relics":["Burning Blood","Torii","Mummified Hand","Dream Catcher","Tiny House"],"potions_floor_usage":[16,16,16,21,22],"damage_taken":[{"damage":1.0,"enemies":"Cultist","floor":1.0,"turns":3.0},{"damage":6.0,"enemies":"Small Slimes","floor":2.0,"turns":3.0},{"damage":2.0,"enemies":"Jaw Worm","floor":3.0,"turns":4.0},{"damage":11.0,"enemies":"Looter","floor":5.0,"turns":2.0},{"damage":3.0,"enemies":"Blue Slaver","floor":6.0,"turns":5.0},{"damage":1.0,"enemies":"2 Fungi Beasts","floor":8.0,"turns":2.0},{"damage":2.0,"enemies":"Exordium Wildlife","floor":10.0,"turns":3.0},{"damage":1.0,"enemies":"Looter","floor":11.0,"turns":2.0},{"damage":0,"enemies":"3 Louse","floor":13,"turns":2},{"damage":41,"enemies":"The Guardian","floor":16,"turns":15},{"damage":22,"enemies":"2 Thieves","floor":18,"turns":4},{"damage":31,"enemies":"3 Byrds","floor":21,"turns":5},{"damage":47,"enemies":"Cultist and Chosen","floor":22,"turns":6}],"seed_played":"8549784388597563734","potions_obtained":[{"floor":3.0,"key":"Dexterity Potion"},{"floor":5.0,"key":"SpeedPotion"},{"floor":11.0,"key":"Weak Potion"},{"floor":13,"key":"Swift Potion"},{"floor":17,"key":"GamblersBrew"},{"floor":18,"key":"SkillPotion"}],"is_trial":false,"path_per_floor":["M","M","M","$","M","M","R","M","T","M","M","$","M","$","R","B",null,"M","?","$","M","M"],"character_chosen":"IRONCLAD","items_purchased":["Dream Catcher","Rupture"],"campfire_rested":0,"item_purchase_floors":[12,14],"current_hp_per_floor":[80,80,80,80,75,78,78,80,80,80,80,80,80,80,80,45,85,69,69,69,44,0],"gold":188,"neow_bonus":"","is_prod":false,"is_daily":true,"chose_seed":false,"campfire_upgraded":2,"win_rate":0,"timestamp":1571802340,"path_taken":["M","M","M","$","M","M","R","M","T","M","M","$","?","?","R","BOSS","M","?","$","M","M"],"build_version":"2019-07-17","purchased_purges":1,"victory":false,"max_hp_per_floor":[80,80,80,80,80,80,80,80,80,80,80,80,80,80,80,80,85,85,85,85,85,85],"card_choices":[{"not_picked":["Havoc","True Grit"],"picked":"Armaments","floor":1.0},{"not_picked":["Anger","PanicButton"],"picked":"Infernal Blade","floor":2.0},{"not_picked":["Intimidate","Havoc"],"picked":"Perfected Strike","floor":3.0},{"not_picked":["Sword Boomerang","Twin Strike"],"picked":"Shrug It Off","floor":5.0},{"not_picked":["Enlightenment","Warcry"],"picked":"Rage","floor":6.0},{"not_picked":["Sword Boomerang","Body Slam","Panache"],"picked":"SKIP","floor":8.0},{"not_picked":["True Grit","Wild Strike"],"picked":"Dramatic Entrance","floor":10.0},{"not_picked":["Wild Strike","Flex"],"picked":"Pommel Strike","floor":11.0},{"not_picked":["Dropkick","Wild Strike"],"picked":"True Grit","floor":13},{"not_picked":["Impervious","Metamorphosis"],"picked":"Exhume","floor":16},{"not_picked":["Perfected Strike","Iron Wave"],"picked":"Infernal Blade","floor":18},{"not_picked":["Havoc","Armaments"],"picked":"Impatience","floor":21}],"player_experience":427427,"relics_obtained":[{"floor":9.0,"key":"Mummified Hand"}],"event_choices":[{"damage_healed":0,"gold_gain":0,"player_choice":"Read","damage_taken":0,"max_hp_gain":0,"max_hp_loss":0,"event_name":"The Library","floor":19,"gold_loss":0,"cards_obtained":["Metamorphosis"]}],"is_beta":false,"boss_relics":[{"not_picked":["Fusion Hammer","Snecko Eye"],"picked":"Tiny House"}],"items_purged_floors":[4],"is_endless":false,"potions_floor_spawned":[3,5,11,13,18],"killed_by":"Cultist and Chosen","ascension_level":0}