{"gold_per_floor":[109,119,119,119,135,160,179,179,259,277,277,296,320,349,349,453,453,469,480,131,146,66,66,66,66,119,119],"floor_reached":27,"playtime":845,"items_purged":["Defend_R","Clothesline"],"score":234,"play_id":"6fba2438-436d-4345-92f6-6deb7407f8d1","local_time":"20180721225727","is_ascension_mode":true,"campfire_choices":[{"data":"Perfected Strike","floor":8,"key":"SMITH"},{"data":"Cleave","floor":11,"key":"SMITH"},{"floor":15,"key":"REST"},{"data":"Barricade","floor":23,"key":"SMITH"}],"neow_cost":"","seed_source_timestamp":634264907727872,"circlet_count":0,"master_deck":["Strike_R","Strike_R","Strike_R","Strike_R","Strike_R","Bash+1","Infernal Blade+1","Sword Boomerang+1","Perfected Strike+1","Shrug It Off","Thunderclap","Cleave+1","True Grit","Thunderclap","Demon Form","Bloodletting+1","Demon Form+1","Heavy Blade+1","Sentinel","Spot Weakness+1","Barricade+1","Rage"],"relics":["Burning Blood","Incense Burner","Bottled Lightning","Odd Mushroom","Blood Vial","Astrolabe","Membership Card","Happy Flower"],"potions_floor_usage":[2,6,6,14,18],"damage_taken":[{"damage":11,"enemies":"Jaw Worm","floor":1,"turns":4},{"damage":12,"enemies":"2 Louse","floor":2,"turns":2},{"damage":3,"enemies":"Cultist","floor":5,"turns":2},{"damage":16,"enemies":"3 Sentries","floor":6,"turns":5},{"damage":5,"enemies":"3 Louse","floor":7,"turns":3},{"damage":6,"enemies":"Exordium Thugs","floor":10,"turns":3},{"damage":1,"enemies":"2 Fungi Beasts","floor":12,"turns":2},{"damage":5,"floor":13,"turns":3},{"damage":29,"enemies":"Lagavulin","floor":14,"turns":4},{"damage":26,"enemies":"Slime Boss","floor":16,"turns":12},{"damage":3,"enemies":"2 Thieves","floor":18,"turns":2},{"damage":11,"enemies":"Chosen","floor":19,"turns":4},{"damage":21,"enemies":"3 Cultists","floor":21,"turns":4},{"damage":65,"enemies":"Slavers","floor":27,"turns":4}],"seed_played":"-6169491900516725334","potions_obtained":[{"floor":1,"key":"AttackPotion"},{"floor":2,"key":"PowerPotion"},{"floor":5,"key":"Energy Potion"},{"floor":13,"key":"AttackPotion"},{"floor":16,"key":"Block Potion"},{"floor":21,"key":"SpeedPotion"}],"is_trial":false,"path_per_floor":["M","M","?","?","M","E","M","R","T","M","R","M","?","E","R","B",null,"M","M","$","M","$","R","?","?","T"],"character_chosen":"IRONCLAD","items_purchased":["Barricade","Membership Card"],"campfire_rested":1,"item_purchase_floors":[20,20],"current_hp_per_floor":[75,69,53,53,56,46,47,47,47,47,47,64,65,42,66,48,80,80,75,75,62,62,62,62,62,62,0],"gold":119,"neow_bonus":"","is_prod":false,"is_daily":false,"chose_seed":false,"campfire_upgraded":3,"win_rate":0,"timestamp":1532203047,"path_taken":["M","M","?","?","?","E","M","R","T","M","R","M","?","E","R","BOSS","M","M","$","M","$","R","?","?","T","E"],"build_version":"2018-07-19v2","purchased_purges":2,"victory":false,"max_hp_per_floor":[80,80,80,80,80,80,80,80,80,80,80,80,80,80,80,80,80,80,80,80,80,80,80,80,80,80,80],"card_choices":[{"not_picked":["Intimidate","Corruption"],"picked":"Infernal Blade","floor":1},{"not_picked":["Warcry","Twin Strike"],"picked":"Sword Boomerang","floor":2},{"not_picked":["Iron Wave","Rupture"],"picked":"Perfected Strike","floor":5},{"not_picked":["Clash","Wild Strike"],"picked":"Shrug It Off","floor":6},{"not_picked":["Evolve","True Grit"],"picked":"Thunderclap","floor":7},{"not_picked":["Clash","Iron Wave"],"picked":"Cleave","floor":10},{"not_picked":["Fire Breathing","Wild Strike"],"picked":"True Grit","floor":12},{"not_picked":["Pommel Strike","Dark Embrace"],"picked":"Thunderclap","floor":13},{"not_picked":["Corruption","Combust"],"picked":"Clothesline","floor":14},{"not_picked":["Impervious","Fiend Fire"],"picked":"Demon Form","floor":16},{"not_picked":["Rampage","Burning Pact"],"picked":"Sentinel","floor":18},{"not_picked":["Flex","Clothesline"],"picked":"Spot Weakness+1","floor":19},{"not_picked":["Shockwave","Anger+1"],"picked":"Rage","floor":21}],"player_experience":160385,"relics_obtained":[{"floor":6,"key":"Incense Burner"},{"floor":9,"key":"Bottled Lightning"},{"floor":13,"key":"Odd Mushroom"},{"floor":14,"key":"Blood Vial"},{"floor":26,"key":"Happy Flower"}],"event_choices":[{"event_name":"Shining Light","player_choice":"Entered Light","floor":3,"damage_taken":0},{"event_name":"Upgrade Shrine","player_choice":"Upgraded","floor":4,"damage_taken":0},{"event_name":"Mushrooms","player_choice":"Fought Mushrooms","floor":13,"damage_taken":0},{"event_name":"Addict","player_choice":"Ignored","floor":24,"damage_taken":0},{"event_name":"Drug Dealer","player_choice":"Ignored","floor":25,"damage_taken":0}],"is_beta":false,"boss_relics":[{"not_picked":["Sozu","Tiny House"],"picked":"Astrolabe"}],"items_purged_floors":[20,22],"is_endless":false,"potions_floor_spawned":[1,2,5,13,16,21],"killed_by":"Slavers","ascension_level":1}