{"gold_per_floor":[111,125,140,140,160,160,160,160,160,171,43,69,82,82],"floor_reached":14,"playtime":327,"items_purged":["Decay"],"score":111,"play_id":"e3646593-5be3-44b2-9da8-568ddac98147","local_time":"20191012161226","is_ascension_mode":true,"campfire_choices":[{"data":"Evolve","floor":6,"key":"SMITH"},{"data":"Uppercut","floor":8,"key":"SMITH"}],"neow_cost":"TEN_PERCENT_HP_LOSS","seed_source_timestamp":530767407609800,"circlet_count":0,"master_deck":["Strike_R","Strike_R","Strike_R","Defend_R","Defend_R","Defend_R","Defend_R","Bash","Rampage+1","Uppercut+1","Ghostly Armor","Evolve+1","Armaments","Clothesline"],"relics":["Burning Blood","Potion Belt","Dream Catcher"],"potions_floor_usage":[5,14],"damage_taken":[{"damage":1,"enemies":"Cultist","floor":1,"turns":4},{"damage":0,"enemies":"Small Slimes","floor":2,"turns":3},{"damage":12,"enemies":"Jaw Worm","floor":3,"turns":2},{"damage":2,"enemies":"3 Louse","floor":5,"turns":3},{"damage":69,"enemies":"Exordium Thugs","floor":10,"turns":9},{"damage":0,"enemies":"Large Slime","floor":13,"turns":5},{"damage":10,"enemies":"Gremlin Gang","floor":14,"turns":3}],"seed_played":"5478619627449004823","potions_obtained":[{"floor":1,"key":"Strength Potion"},{"floor":2,"key":"Explosive Potion"}],"is_trial":false,"path_per_floor":["M","M","M","?","M","R","?","R","T","M","$","T","M","M"],"character_chosen":"IRONCLAD","items_purchased":["Armaments"],"campfire_rested":0,"item_purchase_floors":[11],"current_hp_per_floor":[72,72,66,66,70,70,70,70,70,7,7,7,13,3],"gold":82,"neow_bonus":"REMOVE_TWO","is_prod":false,"is_daily":false,"chose_seed":false,"campfire_upgraded":2,"win_rate":0,"timestamp":1570885946,"path_taken":["M","M","M","?","?","R","?","R","T","M","$","?","M","?"],"build_version":"2019-10-11","purchased_purges":1,"victory":false,"max_hp_per_floor":[72,72,72,72,72,72,72,72,72,72,72,72,72,72],"card_choices":[{"not_picked":["Cleave","Feel No Pain"],"picked":"Rampage","floor":1},{"not_picked":["Sword Boomerang","Armaments"],"picked":"Uppercut","floor":2},{"not_picked":["Whirlwind","Perfected Strike"],"picked":"Ghostly Armor","floor":3},{"not_picked":["Clash","Second Wind"],"picked":"Evolve","floor":5},{"not_picked":["Clothesline","Perfected Strike","Sword Boomerang"],"picked":"SKIP","floor":10},{"not_picked":["Barricade","Flex"],"picked":"Clothesline","floor":13}],"player_experience":378565,"relics_obtained":[{"floor":9,"key":"Potion Belt"},{"floor":12,"key":"Dream Catcher"}],"event_choices":[{"damage_healed":0,"gold_gain":0,"player_choice":"Upgraded","damage_taken":0,"max_hp_gain":0,"max_hp_loss":0,"event_name":"Upgrade Shrine","floor":4,"gold_loss":0,"cards_upgraded":["Rampage"]},{"damage_healed":0,"gold_gain":0,"player_choice":"Cursed","damage_taken":0,"max_hp_gain":0,"max_hp_loss":0,"event_name":"Wheel of Change","floor":7,"gold_loss":0,"cards_obtained":["Decay"]}],"is_beta":true,"boss_relics":[],"items_purged_floors":[11],"is_endless":false,"potions_floor_spawned":[1,2],"killed_by":"Gremlin Gang","ascension_level":7}