{"gold_per_floor":[113,6,21,34,34,34,53,81,108,136,136,136,11,44,44,163,163,176,176,176,195,215,215,248,248,248,291,312,331,331,347,347,473,473,494,494,494],"floor_reached":37,"playtime":2185,"items_purged":["Parasite"],"score":726,"play_id":"91d03af8-7bb3-4dc4-a516-2441d274cc14","local_time":"20191024200319","is_ascension_mode":true,"campfire_choices":[{"data":"Corruption","floor":6.0,"key":"SMITH"},{"floor":11.0,"key":"REST"},{"data":"Flame Barrier","floor":15.0,"key":"SMITH"},{"data":"Feel No Pain","floor":23,"key":"SMITH"},{"data":"True Grit","floor":25,"key":"SMITH"},{"data":"Barricade","floor":30,"key":"SMITH"},{"data":"Metallicize","floor":32,"key":"SMITH"}],"neow_cost":"CURSE","seed_source_timestamp":0,"circlet_count":0,"master_deck":["AscendersBane","Defend_R","Defend_R","Defend_R","Defend_R","Bash","Combust","Corruption+1","Carnage","Clash","Flame Barrier+1","Warcry","Headbutt","Impervious","Metallicize+1","Armaments","Barricade+1","Juggernaut","True Grit+1","Bite","Bite","Bite","Bite","Bite","Feel No Pain+1","Disarm","Flame Barrier+1","Disarm","Demon Form"],"special_seed":0,"relics":["Burning Blood","Incense Burner","Ancient Tea Set","Happy Flower","Centennial Puzzle","Golden Idol","Magic Flower","Sozu","Art of War","Kunai","Bag of Preparation","Busted Crown"],"potions_floor_usage":[16,21],"damage_taken":[{"damage":15.0,"enemies":"Small Slimes","floor":1.0,"turns":4.0},{"damage":1.0,"enemies":"Cultist","floor":3.0,"turns":4.0},{"damage":11.0,"enemies":"2 Louse","floor":4.0,"turns":3.0},{"damage":20.0,"enemies":"Exordium Thugs","floor":7.0,"turns":5.0},{"damage":24.0,"enemies":"Gremlin Nob","floor":8.0,"turns":4.0},{"damage":13.0,"enemies":"Lagavulin","floor":10.0,"turns":7.0},{"damage":16.0,"enemies":"Gremlin Nob","floor":14.0,"turns":6.0},{"damage":16,"enemies":"Hexaghost","floor":16,"turns":10},{"damage":12,"enemies":"2 Thieves","floor":18,"turns":4},{"damage":38,"enemies":"3 Byrds","floor":21,"turns":6},{"damage":11,"enemies":"Centurion and Healer","floor":22,"turns":6},{"damage":5,"enemies":"Gremlin Leader","floor":24,"turns":9},{"damage":13,"enemies":"Book of Stabbing","floor":27,"turns":7},{"damage":20,"enemies":"Snecko","floor":28,"turns":5},{"damage":17,"enemies":"Snake Plant","floor":29,"turns":4},{"damage":6,"enemies":"Chosen and Byrds","floor":31,"turns":6},{"damage":15,"enemies":"Champ","floor":33,"turns":13},{"damage":0,"enemies":"3 Shapes","floor":35,"turns":4},{"damage":58,"enemies":"2 Orb Walkers","floor":37,"turns":4}],"seed_played":"-6963697670445195092","potions_obtained":[{"floor":1.0,"key":"Poison Potion"},{"floor":4.0,"key":"SkillPotion"},{"floor":16,"key":"GamblersBrew"}],"is_trial":false,"path_per_floor":["M","$","M","M","?","R","M","E","T","E","R","?","$","E","R","B",null,"M","?","?","M","M","R","E","R","T","E","M","M","R","M","R","B",null,"M","?","?"],"character_chosen":"IRONCLAD","items_purchased":["Corruption","Carnage","Armaments"],"campfire_rested":1,"item_purchase_floors":[2,2,13],"current_hp_per_floor":[63,63,68,63,63,63,49,31,31,24,48,48,48,38,38,31,61,58,58,49,39,49,49,49,49,49,49,47,44,44,49,49,49,49,49,49,0],"gold":494,"neow_bonus":"ONE_RARE_RELIC","is_prod":false,"is_daily":false,"chose_seed":false,"campfire_upgraded":6,"win_rate":0,"timestamp":1571972599,"path_taken":["M","$","M","M","?","R","?","E","T","E","R","?","$","E","R","BOSS","M","?","?","M","M","R","E","R","T","E","M","M","R","M","R","BOSS","M","?","?"],"build_version":"2019-07-17","purchased_purges":1,"victory":false,"max_hp_per_floor":[80,80,80,80,80,80,80,80,80,80,80,74,71,71,71,71,71,71,71,49,49,49,49,49,49,49,49,49,49,49,49,49,49,49,49,49,49],"card_choices":[{"not_picked":["Searing Blow","Rage"],"picked":"Combust","floor":1.0},{"not_picked":["Pommel Strike","Body Slam"],"picked":"Clash","floor":3.0},{"not_picked":["Heavy Blade","Body Slam"],"picked":"Flame Barrier","floor":4.0},{"not_picked":["Warcry","Iron Wave"],"picked":"Headbutt","floor":7.0},{"not_picked":["Warcry","Headbutt"],"picked":"Impervious","floor":8.0},{"not_picked":["Sword Boomerang","Impervious"],"picked":"Metallicize","floor":10.0},{"not_picked":["Thunderclap","Sword Boomerang"],"picked":"Barricade","floor":14.0},{"not_picked":["Reaper","Limit Break"],"picked":"Juggernaut","floor":16},{"not_picked":["Flex","Thunderclap+1"],"picked":"True Grit","floor":18},{"not_picked":["Heavy Blade","Wild Strike","Sever Soul"],"picked":"SKIP","floor":21},{"not_picked":["Hemokinesis","Headbutt"],"picked":"Feel No Pain","floor":22},{"not_picked":["Twin Strike+1","Inflame"],"picked":"Disarm","floor":24},{"not_picked":["Berserk","Pommel Strike"],"picked":"Flame Barrier+1","floor":27},{"not_picked":["Perfected Strike","Combust"],"picked":"Disarm","floor":28},{"not_picked":["Anger+1","Iron Wave","Blood for Blood"],"picked":"SKIP","floor":29},{"not_picked":["Armaments","Rampage","Reckless Charge"],"picked":"SKIP","floor":31},{"not_picked":["Double Tap","Reaper"],"picked":"Demon Form","floor":33},{"not_picked":["Thunderclap+1"],"picked":"SKIP","floor":35}],"player_experience":440963,"relics_obtained":[{"floor":8.0,"key":"Ancient Tea Set"},{"floor":9.0,"key":"Happy Flower"},{"floor":10.0,"key":"Centennial Puzzle"},{"floor":14.0,"key":"Magic Flower"},{"floor":24,"key":"Art of War"},{"floor":26,"key":"Kunai"},{"floor":27,"key":"Bag of Preparation"}],"event_choices":[{"damage_healed":0.0,"max_hp_gain":0.0,"max_hp_loss":0.0,"gold_gain":0.0,"cards_transformed":["Strike_R"],"event_name":"Transmorgrifier","player_choice":"Transformed","floor":5.0,"gold_loss":0.0,"damage_taken":0.0,"cards_obtained":["Warcry"]},{"damage_healed":0.0,"max_hp_gain":0.0,"max_hp_loss":6.0,"gold_gain":0.0,"event_name":"Golden Idol","player_choice":"Lose Max HP","floor":12.0,"gold_loss":0.0,"damage_taken":0.0,"relics_obtained":["Golden Idol"]},{"damage_healed":0,"gold_gain":0,"player_choice":"Ignored","damage_taken":0,"max_hp_gain":0,"max_hp_loss":0,"event_name":"Ghosts","floor":19,"gold_loss":0},{"damage_healed":0,"gold_gain":0,"player_choice":"Became a vampire","damage_taken":0,"max_hp_gain":0,"max_hp_loss":22,"event_name":"Vampires","floor":20,"gold_loss":0,"cards_obtained":["Bite","Bite","Bite","Bite","Bite"]},{"damage_healed":0,"gold_gain":0,"player_choice":"Ignored","damage_taken":0,"max_hp_gain":0,"max_hp_loss":0,"event_name":"Tomb of Lord Red Mask","floor":36,"gold_loss":0},{"damage_healed":0,"gold_gain":0,"player_choice":"Fight","damage_taken":0,"max_hp_gain":0,"max_hp_loss":0,"event_name":"Mysterious Sphere","floor":37,"gold_loss":0}],"is_beta":false,"boss_relics":[{"not_picked":["Fusion Hammer","Mark of Pain"],"picked":"Sozu"},{"not_picked":["Eternal Feather","Black Blood"],"picked":"Busted Crown"}],"items_purged_floors":[13],"is_endless":false,"potions_floor_spawned":[1,4,16,21,22,27,35],"killed_by":"2 Orb Walkers","ascension_level":11}