{"gold_per_floor":[109,109,0,15,29,46,46,72,118,134,460,473,82,111,111,216,216,230,242,242,257,18,50,68,68,68,95,95,114,142,16,16,120,120,139,149,6,21,0,0,26,26,26,53,53,53,73,107,107,107,107,107,2,32,32],"floor_reached":56,"playtime":4525,"items_purged":["Decay","Strike_G"],"score":1496,"play_id":"3c0060c0-b399-4f64-b8d0-830cdda91f48","local_time":"20190928141339","is_ascension_mode":true,"campfire_choices":[{"data":"Noxious Fumes","floor":7,"key":"SMITH"},{"data":"Deadly Poison","floor":15,"key":"SMITH"},{"data":"Catalyst","floor":25,"key":"SMITH"},{"data":"Footwork","floor":28,"key":"SMITH"},{"data":"Dual Wield","floor":32,"key":"SMITH"},{"data":"Well Laid Plans","floor":40,"key":"SMITH"},{"data":"Panache","floor":42,"key":"SMITH"},{"data":"Bullet Time","floor":45,"key":"SMITH"},{"floor":49,"key":"RECALL"},{"data":"Caltrops","floor":52,"key":"SMITH"}],"neow_cost":"CURSE","seed_source_timestamp":1163089207423800,"circlet_count":0,"master_deck":["Strike_G","Strike_G","Defend_G","Defend_G+1","Defend_G","Defend_G","Defend_G","Survivor","Neutralize+1","Secret Technique","Acrobatics+1","Footwork+1","Riddle With Holes","Noxious Fumes+1","Dash","Deadly Poison+1","Bullet Time+1","Catalyst+1","Tactician+1","Sanctity","Well Laid Plans+1","Dagger Throw","Clumsy","Backflip","Dual Wield+1","Caltrops+1","PanicButton","Exhume","Backflip","Sweeping Beam+1","Reprogram+1","Panache+1","Coolheaded+1","Wireheading+1","Acrobatics","Dodge and Roll"],"relics":["Ring of the Snake","Matryoshka","Sundial","Bag of Marbles","Old Coin","PrismaticShard","War Paint","Boot","Cursed Key","OrangePellets","Eternal Feather","Art of War","Dream Catcher","Strawberry","SacredBark","Frozen Eye","Red Mask","Pantograph","Omamori","InkBottle","Pear"],"potions_floor_usage":[14,16,21,27,35,36,48,54,55,55],"damage_taken":[{"damage":1,"enemies":"Jaw Worm","floor":1,"turns":5},{"damage":0,"enemies":"Cultist","floor":4,"turns":5},{"damage":0,"enemies":"2 Louse","floor":5,"turns":3},{"damage":2,"enemies":"Red Slaver","floor":6,"turns":6},{"damage":1,"enemies":"Lagavulin","floor":8,"turns":7},{"damage":0,"enemies":"Gremlin Gang","floor":10,"turns":5},{"damage":9,"enemies":"3 Sentries","floor":11,"turns":6},{"damage":0,"enemies":"3 Louse","floor":12,"turns":3},{"damage":12,"enemies":"Gremlin Nob","floor":14,"turns":4},{"damage":6,"enemies":"Hexaghost","floor":16,"turns":8},{"damage":0,"enemies":"Chosen","floor":18,"turns":3},{"damage":0,"enemies":"Spheric Guardian","floor":19,"turns":3},{"damage":11,"enemies":"Snake Plant","floor":21,"turns":4},{"damage":9,"enemies":"Slavers","floor":23,"turns":6},{"damage":0,"enemies":"Shelled Parasite and Fungi","floor":24,"turns":4},{"damage":10,"enemies":"Book of Stabbing","floor":27,"turns":5},{"damage":0,"enemies":"Cultist and Chosen","floor":29,"turns":4},{"damage":13,"enemies":"Slavers","floor":30,"turns":5},{"damage":4,"enemies":"Collector","floor":33,"turns":9},{"damage":0,"enemies":"Orb Walker","floor":35,"turns":1},{"damage":0,"enemies":"3 Darklings","floor":36,"turns":6},{"damage":25,"enemies":"Jaw Worm Horde","floor":38,"turns":5},{"damage":12,"enemies":"Nemesis","floor":41,"turns":7},{"damage":0,"enemies":"Giant Head","floor":44,"turns":7},{"damage":16,"enemies":"Spire Growth","floor":47,"turns":4},{"damage":0,"enemies":"Reptomancer","floor":48,"turns":5},{"damage":0,"enemies":"Awakened One","floor":50,"turns":9},{"damage":7,"enemies":"Shield and Spear","floor":54,"turns":6},{"damage":35,"enemies":"The Heart","floor":55,"turns":5}],"seed_played":"600179906752306962","potions_obtained":[{"floor":5,"key":"Explosive Potion"},{"floor":8,"key":"AttackPotion"},{"floor":10,"key":"PowerPotion"},{"floor":12,"key":"Poison Potion"},{"floor":21,"key":"Swift Potion"},{"floor":24,"key":"Explosive Potion"},{"floor":27,"key":"AttackPotion"},{"floor":35,"key":"SteroidPotion"},{"floor":41,"key":"GamblersBrew"},{"floor":44,"key":"SpeedPotion"},{"floor":54,"key":"Fruit Juice"}],"is_trial":false,"path_per_floor":["M","?","$","M","M","M","R","E","T","M","E","M","$","E","R","B",null,"M","M","?","M","$","E","M","R","T","E","R","M","E","$","R","B",null,"M","M","$","M","?","R","E","R","T","E","R","?","M","E","R","B",null,"R","$","E","B",null],"character_chosen":"THE_SILENT","items_purchased":["Footwork","PrismaticShard","War Paint","Well Laid Plans","OrangePellets","PowerPotion","Caltrops","PanicButton","Frozen Eye","Poison Potion","Acrobatics"],"campfire_rested":0,"item_purchase_floors":[3,13,13,22,22,22,31,31,37,53,53],"current_hp_per_floor":[69,69,69,69,69,67,67,66,66,66,57,57,57,45,45,39,70,70,70,70,59,59,50,50,62,62,52,64,64,58,58,73,69,77,77,77,77,52,52,70,58,76,76,76,77,77,61,61,77,77,77,77,77,90,62],"gold":32,"neow_bonus":"RANDOM_COLORLESS_2","is_prod":false,"is_daily":false,"chose_seed":false,"campfire_upgraded":9,"win_rate":0,"timestamp":1569676419,"path_taken":["M","?","$","M","M","M","R","E","T","M","E","M","?","E","R","BOSS","M","M","?","M","$","E","?","R","T","E","R","M","E","$","R","BOSS","M","M","$","?","?","R","E","R","T","E","R","?","M","E","R","BOSS","R","$","E","BOSS"],"build_version":"2019-09-27","purchased_purges":2,"victory":true,"max_hp_per_floor":[70,70,70,70,70,70,70,70,70,70,70,70,70,70,70,70,70,70,70,70,70,70,70,70,70,70,70,70,70,77,77,77,77,77,77,77,77,77,77,77,77,77,77,77,77,77,77,77,77,77,77,77,77,97,97],"card_choices":[{"not_picked":["Secret Weapon","Chrysalis"],"picked":"Secret Technique","floor":0},{"not_picked":["Underhanded Strike","Blade Dance"],"picked":"Acrobatics","floor":1},{"not_picked":["Cloak And Dagger","Terror"],"picked":"Riddle With Holes","floor":4},{"not_picked":["Endless Agony","Masterful Stab"],"picked":"Noxious Fumes","floor":5},{"not_picked":["Dagger Throw","Blade Dance"],"picked":"Dash","floor":6},{"not_picked":["Distraction","Endless Agony","Wraith Form v2"],"picked":"SKIP","floor":8},{"not_picked":["Sucker Punch","Predator","Flying Knee"],"picked":"SKIP","floor":10},{"not_picked":["Footwork","Setup","Riddle With Holes"],"picked":"SKIP","floor":11},{"not_picked":["Crippling Poison","Predator"],"picked":"Deadly Poison","floor":12},{"not_picked":["Bane","Leg Sweep","Clash"],"picked":"SKIP","floor":14},{"not_picked":["Limit Break","Envenom"],"picked":"Bullet Time","floor":16},{"not_picked":["Heatsinks","Reckless Charge+1"],"picked":"Catalyst","floor":18},{"not_picked":["Dagger Throw","Static Discharge+1"],"picked":"Tactician+1","floor":19},{"not_picked":["Sweeping Beam","Infinite Blades"],"picked":"Sanctity","floor":21},{"not_picked":["Tactician","Hologram"],"picked":"Dagger Throw","floor":23},{"not_picked":["Beam Cell+1","SashWhip+1","Fusion"],"picked":"SKIP","floor":24},{"not_picked":["ClearTheMind","Jack Of All Trades","Storm of Steel"],"picked":"SKIP","floor":27},{"not_picked":["Anger","Warcry"],"picked":"Backflip","floor":29},{"not_picked":["Consecrate","Poisoned Stab+1"],"picked":"Dual Wield","floor":30},{"not_picked":["Dark Embrace","Biased Cognition"],"picked":"Exhume","floor":33},{"not_picked":["Feel No Pain","Stack+1"],"picked":"Backflip","floor":35},{"not_picked":["BowlingBash+1","Evaluate"],"picked":"Sweeping Beam+1","floor":36},{"not_picked":["JustLucky","InnerPeace+1"],"picked":"Reprogram+1","floor":38},{"not_picked":["CutThroughFate","Vault"],"picked":"Panache","floor":41},{"not_picked":["Hemokinesis","Die Die Die"],"picked":"Coolheaded+1","floor":44},{"not_picked":["Thunderclap","Whirlwind","Pummel"],"picked":"SKIP","floor":47},{"not_picked":["EmptyBody+1","DeceiveReality"],"picked":"Wireheading+1","floor":48},{"not_picked":["Anger","Wild Strike"],"picked":"Dodge and Roll","floor":54}],"player_experience":1574624,"relics_obtained":[{"floor":8,"key":"Matryoshka"},{"floor":9,"key":"Sundial"},{"floor":9,"key":"Bag of Marbles"},{"floor":11,"key":"Old Coin"},{"floor":14,"key":"Boot"},{"floor":23,"key":"Eternal Feather"},{"floor":26,"key":"Art of War"},{"floor":27,"key":"Dream Catcher"},{"floor":30,"key":"Strawberry"},{"floor":41,"key":"Pantograph"},{"floor":44,"key":"Omamori"},{"floor":48,"key":"InkBottle"},{"floor":54,"key":"Pear"}],"event_choices":[{"damage_healed":0,"gold_gain":0,"player_choice":"Upgraded","damage_taken":0,"max_hp_gain":0,"max_hp_loss":0,"event_name":"Upgrade Shrine","floor":2,"gold_loss":0,"cards_upgraded":["Neutralize"]},{"cards_removed":["Strike_G"],"damage_healed":0,"gold_gain":0,"player_choice":"Purged","damage_taken":0,"max_hp_gain":0,"max_hp_loss":0,"event_name":"Purifier","floor":20,"gold_loss":0},{"damage_healed":0,"gold_gain":0,"player_choice":"Paid","damage_taken":0,"relics_obtained":["Red Mask"],"max_hp_gain":0,"max_hp_loss":0,"event_name":"Tomb of Lord Red Mask","floor":39,"gold_loss":21},{"cards_removed":["Strike_G"],"damage_healed":0,"gold_gain":0,"player_choice":"Purged","damage_taken":0,"max_hp_gain":0,"max_hp_loss":0,"event_name":"Purifier","floor":46,"gold_loss":0}],"is_beta":true,"boss_relics":[{"not_picked":["Sozu","Ectoplasm"],"picked":"Cursed Key"},{"not_picked":["Velvet Choker","Coffee Dripper"],"picked":"SacredBark"}],"items_purged_floors":[3,13],"is_endless":false,"potions_floor_spawned":[5,8,10,11,12,21,24,27,29,35,41,44,54],"ascension_level":1}