{"gold_per_floor":[116,191,191,191,207,207,237,252,252,4,17,17,47,66,66,66],"floor_reached":16,"playtime":353,"items_purged":["Strike_B"],"score":196,"play_id":"fd01488c-fe5b-4092-8b8b-22a9030afc66","local_time":"20190831212924","is_ascension_mode":true,"campfire_choices":[{"data":"Doom and Gloom","floor":6,"key":"SMITH"},{"data":"Consume","floor":12,"key":"SMITH"},{"data":"Go for the Eyes","floor":15,"key":"SMITH"}],"neow_cost":"NONE","seed_source_timestamp":1427772271017600,"circlet_count":0,"master_deck":["Strike_B","Strike_B","Strike_B","Defend_B","Defend_B","Defend_B","Defend_B","Zap+1","Dualcast","Rebound","Doom and Gloom+1","Go for the Eyes+1","Leap","Capacitor","Consume+1","BootSequence","Hologram"],"relics":["Cracked Core","NeowsBlessing","Bird Faced Urn","Omamori","Ginger","Art of War"],"potions_floor_usage":[13,16,16],"damage_taken":[{"damage":0,"enemies":"Jaw Worm","floor":1,"turns":1},{"damage":0,"enemies":"Small Slimes","floor":5,"turns":1},{"damage":0,"enemies":"Lagavulin","floor":7,"turns":1},{"damage":0,"enemies":"Cultist","floor":8,"turns":3},{"damage":9,"enemies":"2 Fungi Beasts","floor":11,"turns":4},{"damage":11,"enemies":"Gremlin Nob","floor":13,"turns":4},{"damage":0,"enemies":"Blue Slaver","floor":14,"turns":3},{"damage":50,"enemies":"Slime Boss","floor":16,"turns":5}],"seed_played":"-568526672948583822","potions_obtained":[{"floor":1,"key":"Regen Potion"},{"floor":11,"key":"Swift Potion"}],"is_trial":false,"path_per_floor":["M","?","?","?","M","R","E","M","T","$","M","R","E","M","R","B"],"character_chosen":"DEFECT","items_purchased":["Capacitor","Consume","PowerPotion"],"campfire_rested":0,"item_purchase_floors":[10,10,10],"current_hp_per_floor":[68,57,39,39,39,39,39,39,39,39,30,30,21,23,23,0],"gold":66,"neow_bonus":"THREE_ENEMY_KILL","is_prod":false,"is_daily":false,"chose_seed":false,"campfire_upgraded":3,"win_rate":0,"timestamp":1567283364,"path_taken":["M","?","?","?","M","R","E","M","T","$","M","R","E","?","R","BOSS"],"build_version":"2019-07-17","purchased_purges":1,"victory":false,"max_hp_per_floor":[75,75,75,75,75,75,75,75,75,75,75,75,75,75,75,75],"card_choices":[{"not_picked":["Genetic Algorithm","Beam Cell"],"picked":"Rebound","floor":1},{"not_picked":["Turbo","Leap"],"picked":"Doom and Gloom","floor":5},{"not_picked":["Darkness","Skim"],"picked":"Go for the Eyes","floor":7},{"not_picked":["Stack","Beam Cell"],"picked":"Leap","floor":8},{"not_picked":["Gash","Sweeping Beam","Streamline"],"picked":"SKIP","floor":11},{"not_picked":["Auto Shields","Hologram"],"picked":"BootSequence","floor":13},{"not_picked":["Go for the Eyes","Conserve Battery"],"picked":"Hologram","floor":14}],"player_experience":1890420,"relics_obtained":[{"floor":7,"key":"Omamori"},{"floor":9,"key":"Ginger"},{"floor":13,"key":"Art of War"}],"event_choices":[{"damage_healed":0,"gold_gain":75,"player_choice":"Gather Gold","damage_taken":11,"max_hp_gain":0,"max_hp_loss":0,"event_name":"World of Goop","floor":2,"gold_loss":0},{"damage_healed":0,"gold_gain":0,"player_choice":"Success","damage_taken":18,"relics_obtained":["Bird Faced Urn"],"max_hp_gain":0,"max_hp_loss":0,"event_name":"Scrap Ooze","floor":3,"gold_loss":0},{"damage_healed":0,"gold_gain":0,"player_choice":"Upgraded","damage_taken":0,"max_hp_gain":0,"max_hp_loss":0,"event_name":"Upgrade Shrine","floor":4,"gold_loss":0,"cards_upgraded":["Zap"]}],"is_beta":false,"boss_relics":[],"items_purged_floors":[10],"is_endless":false,"potions_floor_spawned":[1,11],"killed_by":"Slime Boss","ascension_level":9}