{"gold_per_floor":[117,117,50,65,76,76,95,95,95,120,136,61,61,73,73,175,175,191,172,172,25,36,36,52,52,52,68,68,88,88],"floor_reached":30,"playtime":1927,"items_purged":["Strike_B"],"score":224,"play_id":"c9b11367-7b16-463e-8567-d3888f10e594","local_time":"20190925004403","is_ascension_mode":false,"campfire_choices":[{"data":"Genetic Algorithm","floor":6.0,"key":"SMITH"},{"data":"Loop","floor":8.0,"key":"SMITH"},{"data":"Zap","floor":13.0,"key":"SMITH"},{"data":"Static Discharge","floor":15.0,"key":"SMITH"},{"data":"Consume","floor":23,"key":"SMITH"},{"floor":28,"key":"REST"}],"neow_cost":"NONE","seed_source_timestamp":8444493531900,"circlet_count":0,"master_deck":["Strike_B","Strike_B","Strike_B","Defend_B","Defend_B","Defend_B","Defend_B","Zap+1","Dualcast","Double Energy+1","Loop+1","Genetic Algorithm+1","Static Discharge+1","Cold Snap","Conserve Battery","Compile Driver","Seek","Rebound+1","Chill+1","Consume+1","Heatsinks","Seek","Compile Driver","Skim","Double Energy+1"],"special_seed":0,"relics":["Cracked Core"],"potions_floor_usage":[27,27,29],"damage_taken":[{"damage":1.0,"enemies":"Cultist","floor":1.0,"turns":3.0},{"damage":6.0,"enemies":"Jaw Worm","floor":4.0,"turns":3.0},{"damage":13.0,"enemies":"2 Louse","floor":5.0,"turns":3.0},{"damage":8.0,"enemies":"2 Fungi Beasts","floor":7.0,"turns":4.0},{"damage":9.0,"enemies":"Blue Slaver","floor":11.0,"turns":3.0},{"damage":1.0,"enemies":"Looter","floor":14.0,"turns":3.0},{"damage":8.0,"enemies":"The Guardian","floor":16.0,"turns":11.0},{"damage":10.0,"enemies":"Shell Parasite","floor":18.0,"turns":4.0},{"damage":19.0,"enemies":"2 Thieves","floor":19.0,"turns":4.0},{"damage":25,"enemies":"Centurion and Healer","floor":22,"turns":7},{"damage":14,"enemies":"Snake Plant","floor":24,"turns":5},{"damage":10,"enemies":"Cultist and Chosen","floor":27,"turns":4},{"damage":20,"enemies":"Snecko","floor":29,"turns":7},{"damage":12,"enemies":"Centurion and Healer","floor":30,"turns":2}],"seed_played":"-6526177517740392386","potions_obtained":[{"floor":1.0,"key":"Block Potion"},{"floor":11.0,"key":"AttackPotion"},{"floor":16.0,"key":"Dexterity Potion"},{"floor":27,"key":"AttackPotion"}],"is_trial":false,"path_per_floor":["M","?","$","M","M","R","M","R","T","T","M","$","R","M","R","B",null,"M","M","?","$","M","R","M","?","T","M","R","M","M"],"character_chosen":"DEFECT","items_purchased":["Loop","Consume","Heatsinks"],"campfire_rested":1,"item_purchase_floors":[3,21,21],"current_hp_per_floor":[81,81,81,75,62,62,54,54,54,54,45,45,45,44,44,36,82,72,53,53,53,28,28,14,14,14,4,28,8,0],"gold":88,"neow_bonus":"TEN_PERCENT_HP_BONUS","is_prod":false,"is_daily":false,"chose_seed":false,"campfire_upgraded":5,"win_rate":0,"timestamp":1569365043,"path_taken":["M","?","$","?","M","R","M","R","T","?","M","?","R","?","R","BOSS","M","M","?","$","M","R","M","?","T","M","R","M","M"],"build_version":"2019-07-17","purchased_purges":1,"victory":false,"max_hp_per_floor":[82,82,82,82,82,82,82,82,82,82,82,82,82,82,82,82,82,82,82,82,82,82,82,82,82,82,82,82,82,82],"card_choices":[{"not_picked":["Reinforced Body","Redo"],"picked":"Double Energy","floor":1.0},{"not_picked":["Recycle","Barrage"],"picked":"Genetic Algorithm","floor":4.0},{"not_picked":["Leap","Rebound"],"picked":"Static Discharge","floor":5.0},{"not_picked":["Hologram","Ball Lightning"],"picked":"Cold Snap","floor":7.0},{"not_picked":["Stack","Streamline"],"picked":"Conserve Battery","floor":11.0},{"not_picked":["Loop","Leap"],"picked":"Compile Driver","floor":14.0},{"not_picked":["Echo Form","All For One"],"picked":"Seek","floor":16.0},{"not_picked":["Scrape+1","Ball Lightning"],"picked":"Rebound+1","floor":18.0},{"not_picked":["Conserve Battery","Hologram"],"picked":"Chill+1","floor":19.0},{"not_picked":["Stack","Hello World"],"picked":"Seek","floor":22},{"not_picked":["Cold Snap","Ball Lightning"],"picked":"Compile Driver","floor":24},{"not_picked":["Ball Lightning","Barrage"],"picked":"Skim","floor":27},{"not_picked":["Aggregate","Consume+1"],"picked":"Double Energy+1","floor":29}],"player_experience":166245,"relics_obtained":[],"event_choices":[{"damage_healed":0.0,"max_hp_gain":0.0,"max_hp_loss":0.0,"gold_gain":0.0,"event_name":"Accursed Blacksmith","player_choice":"Forge","floor":2.0,"gold_loss":0.0,"damage_taken":0.0,"cards_upgraded":["Double Energy"]},{"damage_healed":0.0,"max_hp_gain":0.0,"max_hp_loss":0.0,"gold_gain":0.0,"event_name":"Ghosts","player_choice":"Ignored","floor":20.0,"gold_loss":0.0,"damage_taken":0.0},{"damage_healed":0,"gold_gain":0,"player_choice":"Ignored","damage_taken":0,"max_hp_gain":0,"max_hp_loss":0,"event_name":"Vampires","floor":25,"gold_loss":0}],"is_beta":false,"boss_relics":[{"not_picked":["White Beast Statue","Inserter","Velvet Choker"]}],"items_purged_floors":[12],"is_endless":false,"potions_floor_spawned":[1,11,16,22,24,27],"killed_by":"Centurion and Healer","ascension_level":0}