{"gold_per_floor":[12,27,202,152,152,152,166,166,166,91,91,19,50,66,66,187,250,264,264,71,71,87,87],"floor_reached":23,"playtime":534,"items_purged":["Strike_R","Injury"],"score":195,"play_id":"35fee0e5-b1d8-491f-b6c2-6578f811fb38","local_time":"20190413230911","is_ascension_mode":true,"campfire_choices":[{"data":"Discovery","floor":6,"key":"SMITH"},{"data":"Bash","floor":8,"key":"SMITH"},{"data":"Cleave","floor":11,"key":"SMITH"},{"data":"Flame Barrier","floor":15,"key":"SMITH"}],"neow_cost":"NO_GOLD","seed_source_timestamp":1832079484456700,"circlet_count":0,"master_deck":["Strike_R","Strike_R+1","Strike_R","Defend_R","Defend_R","Defend_R","Defend_R","Bash+1","Discovery+1","Cleave+1","Cleave","Flame Barrier+1","Armaments","Cleave+1","Uppercut+1","Flex","Brutality","Finesse","Flash of Steel+1","Pommel Strike+1"],"relics":["Burning Blood","Golden Idol","Molten Egg 2","Odd Mushroom","Tiny House"],"potions_floor_usage":[2,23,23],"damage_taken":[{"damage":7,"enemies":"2 Louse","floor":1,"turns":4},{"damage":1,"enemies":"Small Slimes","floor":2,"turns":2},{"damage":18,"enemies":"Jaw Worm","floor":7,"turns":4},{"damage":4,"enemies":"The Mushroom Lair","floor":13,"turns":3},{"damage":7,"enemies":"2 Fungi Beasts","floor":14,"turns":3},{"damage":46,"enemies":"Slime Boss","floor":16,"turns":9},{"damage":28,"enemies":"Chosen","floor":18,"turns":6},{"damage":22,"enemies":"Shell Parasite","floor":22,"turns":5},{"damage":49,"enemies":"Gremlin Leader","floor":23,"turns":5}],"seed_played":"-7557503174030732828","potions_obtained":[{"floor":1,"key":"SkillPotion"},{"floor":17,"key":"FearPotion"},{"floor":22,"key":"Block Potion"}],"is_trial":false,"path_per_floor":["M","M","?","?","?","R","M","R","T","$","R","$","?","M","R","B",null,"M","?","$","?","M","E"],"character_chosen":"IRONCLAD","items_purchased":["Flame Barrier","Flash of Steel+1"],"campfire_rested":0,"item_purchase_floors":[12,20],"current_hp_per_floor":[79,80,80,80,80,80,68,68,68,68,68,68,70,69,69,29,85,63,63,63,63,47,0],"gold":87,"neow_bonus":"RANDOM_COLORLESS_2","is_prod":false,"is_daily":false,"chose_seed":false,"campfire_upgraded":4,"win_rate":0,"timestamp":1555186151,"path_taken":["M","M","?","?","?","R","M","R","T","$","R","$","?","M","R","BOSS","M","?","$","?","M","E"],"build_version":"2019-01-23","purchased_purges":2,"victory":false,"max_hp_per_floor":[80,80,80,80,80,80,80,80,80,80,80,80,80,80,80,80,85,85,85,85,85,85,85],"card_choices":[{"not_picked":["Perfected Strike","Headbutt"],"picked":"Cleave","floor":1},{"not_picked":["Rage","Hemokinesis","True Grit"],"picked":"SKIP","floor":2},{"not_picked":["Sword Boomerang","Anger"],"picked":"Cleave","floor":7},{"not_picked":["Limit Break","Flex"],"picked":"Armaments","floor":13},{"not_picked":["Clash+1","Pommel Strike+1"],"picked":"Cleave+1","floor":14},{"not_picked":["Body Slam+1","Sword Boomerang+1"],"picked":"Uppercut+1","floor":17},{"not_picked":["Hemokinesis+1","Perfected Strike+1"],"picked":"Flex","floor":18},{"not_picked":["Headbutt+1","Rage"],"picked":"Pommel Strike+1","floor":22}],"player_experience":276260,"relics_obtained":[{"floor":9,"key":"Molten Egg 2"},{"floor":13,"key":"Odd Mushroom"}],"event_choices":[{"damage_healed":0,"gold_gain":175,"player_choice":"AGREE","damage_taken":0,"max_hp_gain":0,"max_hp_loss":0,"event_name":"Liars Game","floor":3,"gold_loss":0,"cards_obtained":["Doubt"]},{"cards_removed":["Doubt"],"damage_healed":0,"gold_gain":0,"player_choice":"Card Removal","damage_taken":0,"max_hp_gain":0,"max_hp_loss":0,"event_name":"The Cleric","floor":4,"gold_loss":50},{"damage_healed":0,"gold_gain":0,"player_choice":"Take Wound","damage_taken":0,"relics_obtained":["Golden Idol"],"max_hp_gain":0,"max_hp_loss":0,"event_name":"Golden Idol","floor":5,"gold_loss":0,"cards_obtained":["Injury"]},{"damage_healed":0,"gold_gain":0,"player_choice":"Fought Mushrooms","damage_taken":0,"max_hp_gain":0,"max_hp_loss":0,"event_name":"Mushrooms","floor":13,"gold_loss":0},{"damage_healed":0,"gold_gain":0,"cards_transformed":["Strike_R","Purity"],"player_choice":"Became Test Subject","damage_taken":0,"max_hp_gain":0,"max_hp_loss":0,"event_name":"Drug Dealer","floor":19,"gold_loss":0,"cards_obtained":["Brutality","Finesse"]},{"damage_healed":0,"gold_gain":0,"player_choice":"Ignored","damage_taken":0,"max_hp_gain":0,"max_hp_loss":0,"event_name":"Beggar","floor":21,"gold_loss":0}],"is_beta":false,"boss_relics":[{"not_picked":["Lizard Tail","Runic Cube"],"picked":"Tiny House"}],"items_purged_floors":[10,20],"is_endless":false,"potions_floor_spawned":[1,22],"killed_by":"Gremlin Leader","ascension_level":2}