{"gold_per_floor":[18,18,44,62,75,75,100,100,123,157,172,188,202,202,202,304,304,324,284,297,63,138,158,189,189,189,203,232,247,273,289,289,384,384,395,410,1,1,11,44,59,74,74,74,99,99,429,442,442,442,442,442,29,57,57],"floor_reached":56,"playtime":2610,"items_purged":["Strike_R"],"score":1840,"play_id":"dfb3d75a-7912-4e88-b46a-fc27da00811e","local_time":"20190826162227","is_ascension_mode":true,"campfire_choices":[{"data":"Perfected Strike","floor":6,"key":"SMITH"},{"data":"Perfected Strike","floor":8,"key":"SMITH"},{"data":"Rage","floor":15,"key":"SMITH"},{"floor":25,"key":"REST"},{"floor":32,"key":"REST"},{"floor":44,"key":"REST"},{"floor":46,"key":"REST"},{"floor":49,"key":"RECALL"},{"floor":52,"key":"REST"}],"neow_cost":"NO_GOLD","seed_source_timestamp":975064867826800,"circlet_count":0,"master_deck":["Strike_R","Strike_R","Defend_R","Defend_R","Defend_R","Defend_R","Bash","Pommel Strike","Perfected Strike+1","Perfected Strike+1","Pommel Strike","Rage+1","Perfected Strike","True Grit+1","Impervious","Spot Weakness+1","Cleave+1","Apotheosis","Pommel Strike","Perfected Strike","True Grit+1","Shrug It Off","Iron Wave+1","Offering","Perfected Strike+1","Clothesline+1","Pommel Strike+1","Inflame","Feed+1","Shrug It Off+1","Disarm+1","Feel No Pain+1","Pommel Strike+1","Feel No Pain+1"],"relics":["Burning Blood","Oddly Smooth Stone","Darkstone Periapt","Ginger","Fusion Hammer","Art of War","Shuriken","Bronze Scales","Molten Egg 2","Snecko Eye","Mummified Hand","StoneCalendar","Lantern","Sundial","Old Coin","Gambling Chip","Pear"],"potions_floor_usage":[13,16,24,33,45,47,54,54,55,55],"damage_taken":[{"damage":0,"enemies":"Small Slimes","floor":1,"turns":3},{"damage":10,"enemies":"Jaw Worm","floor":4,"turns":4},{"damage":0,"enemies":"Cultist","floor":5,"turns":2},{"damage":32,"enemies":"3 Sentries","floor":7,"turns":8},{"damage":28,"enemies":"Lagavulin","floor":10,"turns":5},{"damage":0,"enemies":"Large Slime","floor":11,"turns":3},{"damage":2,"enemies":"Red Slaver","floor":12,"turns":3},{"damage":0,"enemies":"Lots of Slimes","floor":13,"turns":2},{"damage":52,"enemies":"Hexaghost","floor":16,"turns":9},{"damage":0,"enemies":"Chosen","floor":18,"turns":3},{"damage":1,"enemies":"Spheric Guardian","floor":20,"turns":3},{"damage":14,"enemies":"Centurion and Healer","floor":23,"turns":5},{"damage":30,"enemies":"Slavers","floor":24,"turns":4},{"damage":1,"enemies":"Sentry and Sphere","floor":27,"turns":4},{"damage":21,"enemies":"Book of Stabbing","floor":28,"turns":4},{"damage":9,"enemies":"Chosen and Byrds","floor":29,"turns":3},{"damage":16,"enemies":"Slavers","floor":30,"turns":3},{"damage":0,"enemies":"Centurion and Healer","floor":31,"turns":4},{"damage":71,"enemies":"Collector","floor":33,"turns":8},{"damage":1,"enemies":"3 Shapes","floor":35,"turns":3},{"damage":0,"enemies":"Orb Walker","floor":36,"turns":2},{"damage":0,"enemies":"Transient","floor":39,"turns":5},{"damage":27,"enemies":"Nemesis","floor":40,"turns":3},{"damage":27,"enemies":"Sphere and 2 Shapes","floor":41,"turns":6},{"damage":18,"enemies":"4 Shapes","floor":42,"turns":5},{"damage":20,"enemies":"Giant Head","floor":45,"turns":6},{"damage":26,"enemies":"Reptomancer","floor":47,"turns":6},{"damage":19,"enemies":"Spire Growth","floor":48,"turns":4},{"damage":41,"enemies":"Awakened One","floor":50,"turns":8},{"damage":41,"enemies":"Shield and Spear","floor":54,"turns":3},{"damage":45,"enemies":"The Heart","floor":55,"turns":8}],"seed_played":"937544058277375809","potions_obtained":[{"floor":4,"key":"Dexterity Potion"},{"floor":7,"key":"Explosive Potion"},{"floor":13,"key":"AttackPotion"},{"floor":16,"key":"Weak Potion"},{"floor":24,"key":"Ancient Potion"},{"floor":28,"key":"SkillPotion"},{"floor":29,"key":"FearPotion"},{"floor":33,"key":"PowerPotion"},{"floor":45,"key":"Regen Potion"},{"floor":54,"key":"Poison Potion"}],"is_trial":false,"path_per_floor":["M","?","T","M","M","R","E","R","T","E","M","M","M","?","R","B",null,"M","?","M","$","?","M","E","R","T","M","E","M","E","M","R","B",null,"M","M","$","?","M","E","M","M","T","R","E","R","E","M","R","B",null,"R","$","E","B",null],"character_chosen":"IRONCLAD","items_purchased":["Apotheosis","Pommel Strike","Pommel Strike+1","Inflame","Mummified Hand","Gambling Chip","PowerPotion","PowerPotion"],"campfire_rested":5,"item_purchase_floors":[21,21,37,37,37,53,53,53],"current_hp_per_floor":[94,94,94,90,96,96,70,70,70,48,54,58,64,64,64,18,77,83,83,88,88,79,71,47,75,75,80,65,62,52,58,86,21,77,82,88,88,88,94,77,56,48,48,79,65,96,80,67,67,32,89,108,108,83,44],"gold":57,"neow_bonus":"TWENTY_PERCENT_HP_BONUS","is_prod":false,"is_daily":false,"chose_seed":false,"campfire_upgraded":3,"win_rate":0,"timestamp":1566832947,"path_taken":["M","?","?","M","M","R","E","R","T","E","M","M","?","?","R","BOSS","M","?","?","$","?","M","E","R","T","M","E","?","E","M","R","BOSS","M","M","$","?","?","E","M","M","T","R","E","R","E","M","R","BOSS","R","$","E","BOSS"],"build_version":"2019-07-17","purchased_purges":1,"victory":true,"max_hp_per_floor":[96,96,96,96,96,96,96,96,96,96,96,96,96,96,96,96,96,96,96,96,96,96,96,96,96,96,96,96,96,96,96,96,96,96,96,96,96,96,96,100,100,104,104,104,104,104,108,108,108,108,108,108,108,118,118],"card_choices":[{"not_picked":["Body Slam","Iron Wave"],"picked":"Anger","floor":1},{"not_picked":["Wild Strike","Body Slam"],"picked":"Pommel Strike","floor":4},{"not_picked":["Combust","Flex"],"picked":"Perfected Strike","floor":5},{"not_picked":["Dual Wield","Heavy Blade"],"picked":"Perfected Strike","floor":7},{"not_picked":["Sword Boomerang","Rampage"],"picked":"Pommel Strike","floor":10},{"not_picked":["Reckless Charge","Whirlwind"],"picked":"Rage","floor":11},{"not_picked":["Fiend Fire","Heavy Blade","True Grit"],"picked":"SKIP","floor":12},{"not_picked":["True Grit","Wild Strike"],"picked":"Perfected Strike","floor":13},{"not_picked":["Juggernaut","Berserk"],"picked":"Impervious","floor":16},{"not_picked":["Searing Blow","Heavy Blade"],"picked":"Spot Weakness+1","floor":18},{"not_picked":["Body Slam+1","Power Through"],"picked":"Cleave+1","floor":20},{"not_picked":["Sword Boomerang","Feel No Pain+1"],"picked":"Perfected Strike","floor":23},{"not_picked":["Rampage","Flex","Seeing Red"],"picked":"SKIP","floor":24},{"not_picked":["Cleave","Warcry"],"picked":"True Grit+1","floor":27},{"not_picked":["Juggernaut","Body Slam","Cleave"],"picked":"SKIP","floor":28},{"not_picked":["Clothesline","Pommel Strike","Perfected Strike"],"picked":"SKIP","floor":29},{"not_picked":["Entrench+1","Sever Soul+1"],"picked":"Shrug It Off","floor":30},{"not_picked":["Thunderclap+1","Cleave+1"],"picked":"Iron Wave+1","floor":31},{"not_picked":["Fiend Fire+1","Demon Form"],"picked":"Offering","floor":33},{"not_picked":["Clash+1","Spot Weakness"],"picked":"Perfected Strike+1","floor":35},{"not_picked":["Shrug It Off","Heavy Blade+1"],"picked":"Clothesline+1","floor":36},{"not_picked":["Heavy Blade+1","Anger+1"],"picked":"Feed+1","floor":39},{"not_picked":["Second Wind+1","Clothesline+1"],"picked":"Shrug It Off+1","floor":40},{"not_picked":["Cleave+1","Clash+1"],"picked":"Disarm+1","floor":41},{"not_picked":["Headbutt+1","Havoc+1","Warcry"],"picked":"SKIP","floor":42},{"not_picked":["Combust","Fire Breathing","Searing Blow+1"],"picked":"SKIP","floor":45},{"not_picked":["Sentinel","Flex+1"],"picked":"Feel No Pain+1","floor":47},{"not_picked":["Second Wind+1","Clothesline+1"],"picked":"Pommel Strike+1","floor":48},{"not_picked":["Warcry+1","Whirlwind+1"],"picked":"Feel No Pain+1","floor":54}],"player_experience":1869609,"relics_obtained":[{"floor":3,"key":"Oddly Smooth Stone"},{"floor":7,"key":"Darkstone Periapt"},{"floor":10,"key":"Ginger"},{"floor":24,"key":"Art of War"},{"floor":26,"key":"Shuriken"},{"floor":28,"key":"Bronze Scales"},{"floor":30,"key":"Molten Egg 2"},{"floor":40,"key":"StoneCalendar"},{"floor":43,"key":"Lantern"},{"floor":45,"key":"Sundial"},{"floor":47,"key":"Old Coin"},{"floor":54,"key":"Pear"}],"event_choices":[{"cards_removed":["Strike_R"],"damage_healed":0,"gold_gain":0,"player_choice":"Forget","damage_taken":0,"max_hp_gain":0,"max_hp_loss":0,"event_name":"Living Wall","floor":2,"gold_loss":0},{"damage_healed":0,"gold_gain":0,"cards_transformed":["Strike_R"],"player_choice":"Transformed","damage_taken":0,"max_hp_gain":0,"max_hp_loss":0,"event_name":"Transmorgrifier","floor":14,"gold_loss":0,"cards_obtained":["True Grit"]},{"damage_healed":0,"gold_gain":0,"player_choice":"Upgrade","damage_taken":0,"max_hp_gain":0,"max_hp_loss":0,"event_name":"Designer","floor":19,"gold_loss":40,"cards_upgraded":["True Grit"]},{"damage_healed":0,"gold_gain":75,"player_choice":"Touch","damage_taken":9,"max_hp_gain":0,"max_hp_loss":0,"event_name":"FaceTrader","floor":22,"gold_loss":0},{"cards_removed":["Anger"],"damage_healed":0,"gold_gain":0,"player_choice":"Purged","damage_taken":0,"max_hp_gain":0,"max_hp_loss":0,"event_name":"Purifier","floor":38,"gold_loss":0}],"is_beta":false,"boss_relics":[{"not_picked":["Astrolabe","White Beast Statue"],"picked":"Fusion Hammer"},{"not_picked":["Coffee Dripper","Calling Bell"],"picked":"Snecko Eye"}],"items_purged_floors":[37],"is_endless":false,"potions_floor_spawned":[4,7,13,16,24,28,29,31,33,39,42,45,54],"ascension_level":8}