{"gold_per_floor":[115,115,127,127,144,144,179,179,179,179,197,12,12,38,38,137,137,147,159,178,196,206,206,206],"floor_reached":24,"playtime":1354,"items_purged":["Strike_R"],"score":322,"play_id":"49dba309-f9a6-4a38-b14d-f12e619d1d1f","local_time":"20191024184143","is_ascension_mode":true,"campfire_choices":[{"data":"Rampage","floor":6,"key":"SMITH"},{"data":"Shockwave","floor":8,"key":"SMITH"},{"data":"Double Tap","floor":10,"key":"SMITH"},{"floor":13,"key":"REST"},{"data":"Flame Barrier","floor":15,"key":"SMITH"},{"floor":23,"key":"REST"}],"neow_cost":"NONE","seed_source_timestamp":607689540916100,"circlet_count":0,"master_deck":["AscendersBane","Bash+1","Double Tap+1","Rampage+1","Armaments","Limit Break","Shrug It Off","Shockwave+1","Battle Trance","Hemokinesis","Spot Weakness","Flame Barrier+1","Offering","Bludgeon","Perfected Strike","Searing Blow","Searing Blow","Entrench","Fire Breathing","Intimidate","Headbutt+1","Inflame","Power Through","Shrug It Off+1","True Grit"],"relics":["Burning Blood","Mercury Hourglass","Champion Belt","Letter Opener","Pandora\u0027s Box"],"potions_floor_usage":[19,24],"damage_taken":[{"damage":10,"enemies":"Small Slimes","floor":1,"turns":5},{"damage":13,"enemies":"Jaw Worm","floor":3,"turns":4},{"damage":0,"enemies":"Cultist","floor":5,"turns":4},{"damage":34,"enemies":"Lagavulin","floor":7,"turns":11},{"damage":20,"enemies":"Lots of Slimes","floor":11,"turns":4},{"damage":19,"enemies":"Gremlin Nob","floor":14,"turns":3},{"damage":25,"enemies":"Hexaghost","floor":16,"turns":11},{"damage":17,"enemies":"Spheric Guardian","floor":18,"turns":3},{"damage":6,"enemies":"2 Thieves","floor":19,"turns":4},{"damage":15,"enemies":"Centurion and Healer","floor":20,"turns":6},{"damage":11,"enemies":"Snake Plant","floor":21,"turns":3},{"damage":31,"enemies":"Shelled Parasite and Fungi","floor":22,"turns":5},{"damage":41,"enemies":"Slavers","floor":24,"turns":4}],"seed_played":"7673124027507645603","potions_obtained":[{"floor":1,"key":"Fire Potion"},{"floor":5,"key":"Swift Potion"},{"floor":16,"key":"Explosive Potion"},{"floor":19,"key":"SteroidPotion"}],"is_trial":false,"path_per_floor":["M","?","M","?","M","R","E","R","T","R","M","$","R","E","R","B",null,"M","M","M","M","M","R","E"],"character_chosen":"IRONCLAD","items_purchased":["Hemokinesis","Spot Weakness"],"campfire_rested":2,"item_purchase_floors":[12,12],"current_hp_per_floor":[68,68,61,61,67,67,39,39,39,39,25,25,49,36,36,17,64,53,53,44,39,14,38,0],"gold":206,"neow_bonus":"ONE_RANDOM_RARE_CARD","is_prod":false,"is_daily":false,"chose_seed":false,"campfire_upgraded":4,"win_rate":0,"timestamp":1571967703,"path_taken":["M","?","M","?","?","R","E","R","T","R","M","$","R","E","R","BOSS","M","M","M","M","M","R","E"],"build_version":"2019-07-17","purchased_purges":1,"victory":false,"max_hp_per_floor":[80,80,80,80,80,80,80,80,80,80,80,80,80,80,80,80,80,80,80,80,80,80,80,80],"card_choices":[{"not_picked":["Spot Weakness","Sword Boomerang"],"picked":"Rampage","floor":1},{"not_picked":["Sever Soul","Flex"],"picked":"Armaments","floor":3},{"not_picked":["Bloodletting","Heavy Blade"],"picked":"Shrug It Off","floor":5},{"not_picked":["Sever Soul","Flex"],"picked":"Shockwave","floor":7},{"not_picked":["Clash","Intimidate"],"picked":"Battle Trance","floor":11},{"not_picked":["Seeing Red","Uppercut"],"picked":"Flame Barrier","floor":14},{"not_picked":["Feed","Exhume"],"picked":"Offering","floor":16},{"not_picked":["Bloodletting","Twin Strike+1"],"picked":"Headbutt+1","floor":18},{"not_picked":["Infernal Blade","Perfected Strike"],"picked":"Inflame","floor":19},{"not_picked":["Rupture","Entrench"],"picked":"Power Through","floor":20},{"not_picked":["Havoc","Dropkick+1"],"picked":"Shrug It Off+1","floor":21},{"not_picked":["Seeing Red","Rage"],"picked":"True Grit","floor":22}],"player_experience":437322,"relics_obtained":[{"floor":7,"key":"Mercury Hourglass"},{"floor":9,"key":"Champion Belt"},{"floor":14,"key":"Letter Opener"}],"event_choices":[{"damage_healed":0,"gold_gain":0,"player_choice":"Grow","damage_taken":0,"max_hp_gain":0,"max_hp_loss":0,"event_name":"Living Wall","floor":2,"gold_loss":0,"cards_upgraded":["Bash"]},{"damage_healed":0,"gold_gain":0,"cards_transformed":["Strike_R"],"player_choice":"Transformed","damage_taken":0,"max_hp_gain":0,"max_hp_loss":0,"event_name":"Transmorgrifier","floor":4,"gold_loss":0,"cards_obtained":["Limit Break"]}],"is_beta":false,"boss_relics":[{"not_picked":["Busted Crown","Tiny House"],"picked":"Pandora\u0027s Box"}],"items_purged_floors":[12],"is_endless":false,"potions_floor_spawned":[1,5,14,16,18,19],"killed_by":"Slavers","ascension_level":11}