{"gold_per_floor":[13,13,27,27,51,51,51,51,51,28,28,28,28,48,48,176,239,215,246,246,265,283,283],"floor_reached":23,"playtime":2069,"items_purged":[],"score":188,"play_id":"d2fffcc7-6bc7-4778-9466-69280678b9e0","local_time":"20190923225324","is_ascension_mode":true,"campfire_choices":[{"data":"Iron Wave","floor":6.0,"key":"SMITH"},{"data":"Intimidate","floor":8.0,"key":"SMITH"},{"data":"True Grit","floor":11.0,"key":"SMITH"},{"data":"Bash","floor":13.0,"key":"SMITH"},{"data":"Cleave","floor":15.0,"key":"SMITH"}],"neow_cost":"NO_GOLD","seed_source_timestamp":0,"circlet_count":0,"master_deck":["Strike_R","Strike_R","Defend_R","Defend_R","Defend_R","Defend_R","Bash+1","Intimidate+1","Clash","Second Wind+1","Warcry","Iron Wave+1","True Grit+1","Cleave+1","Fiend Fire","Iron Wave","True Grit","Headbutt","Demon Form","Body Slam+1"],"special_seed":0,"relics":["Burning Blood","Golden Idol","Nunchaku","Tiny House","Red Mask","Nloth\u0027s Gift"],"potions_floor_usage":[22],"damage_taken":[{"damage":2.0,"enemies":"Small Slimes","floor":1.0,"turns":3.0},{"damage":1.0,"enemies":"Cultist","floor":3.0,"turns":4.0},{"damage":0.0,"enemies":"2 Louse","floor":5.0,"turns":2.0},{"damage":1.0,"enemies":"2 Fungi Beasts","floor":14.0,"turns":4.0},{"damage":56.0,"enemies":"The Guardian","floor":16.0,"turns":13.0},{"damage":20.0,"enemies":"2 Thieves","floor":18.0,"turns":5.0},{"damage":42.0,"enemies":"Masked Bandits","floor":19.0,"turns":7.0},{"damage":16.0,"enemies":"Shell Parasite","floor":21.0,"turns":12.0},{"damage":7,"enemies":"Cultist and Chosen","floor":22,"turns":7},{"damage":30,"enemies":"Book of Stabbing","floor":23,"turns":6}],"seed_played":"1138252474184326787","potions_obtained":[{"floor":1.0,"key":"SpeedPotion"},{"floor":17.0,"key":"Dexterity Potion"},{"floor":18.0,"key":"FearPotion"},{"floor":21,"key":"Block Potion"}],"is_trial":false,"path_per_floor":["M","?","M","?","M","R","?","R","T","$","R","?","R","M","R","B",null,"M","?","?","M","M","E"],"character_chosen":"IRONCLAD","items_purchased":["True Grit"],"campfire_rested":0,"item_purchase_floors":[10],"current_hp_per_floor":[80,60,65,65,71,71,68,68,68,68,68,73,73,78,78,28,90,76,40,40,30,29,0],"gold":283,"neow_bonus":"TRANSFORM_TWO_CARDS","is_prod":false,"is_daily":false,"chose_seed":false,"campfire_upgraded":5,"win_rate":0,"timestamp":1569304404,"path_taken":["M","?","M","?","?","R","?","R","T","$","R","?","R","M","R","BOSS","M","?","?","?","M","E"],"build_version":"2019-07-17","purchased_purges":0,"victory":false,"max_hp_per_floor":[80,80,80,80,80,80,80,80,80,80,80,85,85,85,85,85,90,90,90,90,90,90,90],"card_choices":[{"not_picked":["Clothesline","Clash"],"picked":"Second Wind","floor":1.0},{"not_picked":["Pummel","Flame Barrier"],"picked":"Warcry","floor":3.0},{"not_picked":["Disarm","Infernal Blade"],"picked":"Iron Wave","floor":5.0},{"not_picked":["Clash","Rupture"],"picked":"Cleave","floor":14.0},{"not_picked":["Juggernaut","Immolate"],"picked":"Fiend Fire","floor":16.0},{"not_picked":["Cleave","Havoc"],"picked":"Iron Wave","floor":17.0},{"not_picked":["Anger","Thunderclap"],"picked":"True Grit","floor":18.0},{"not_picked":["Anger","Intimidate"],"picked":"Headbutt","floor":19.0},{"not_picked":["Corruption","Flex"],"picked":"Demon Form","floor":21},{"not_picked":["Shockwave","Warcry"],"picked":"Body Slam+1","floor":22}],"player_experience":172079,"relics_obtained":[{"floor":9.0,"key":"Nunchaku"},{"floor":19.0,"key":"Red Mask"}],"event_choices":[{"damage_healed":0.0,"max_hp_gain":0.0,"max_hp_loss":0.0,"gold_gain":0.0,"event_name":"Golden Idol","player_choice":"Take Damage","floor":2.0,"gold_loss":0.0,"damage_taken":20.0,"relics_obtained":["Golden Idol"]},{"cards_removed":["Strike_R"],"damage_healed":0.0,"max_hp_gain":0.0,"max_hp_loss":0.0,"gold_gain":0.0,"event_name":"Wheel of Change","player_choice":"Card Removal","floor":4.0,"gold_loss":0.0,"damage_taken":0.0},{"damage_healed":0.0,"max_hp_gain":0.0,"max_hp_loss":0.0,"gold_gain":0.0,"event_name":"Scrap Ooze","player_choice":"Success","floor":7.0,"gold_loss":0.0,"damage_taken":3.0,"relics_obtained":["Art of War"]},{"damage_healed":0.0,"max_hp_gain":5.0,"max_hp_loss":0.0,"gold_gain":0.0,"event_name":"Big Fish","player_choice":"Donut","floor":12.0,"gold_loss":0.0,"damage_taken":0.0},{"damage_healed":0.0,"max_hp_gain":0.0,"max_hp_loss":0.0,"gold_gain":0.0,"event_name":"Masked Bandits","player_choice":"Fought Bandits","floor":19.0,"gold_loss":0.0,"damage_taken":0.0},{"damage_healed":0.0,"max_hp_gain":0.0,"max_hp_loss":0.0,"gold_gain":0.0,"event_name":"N\u0027loth","player_choice":"Traded Relic","floor":20.0,"relics_lost":["Art of War"],"gold_loss":0.0,"damage_taken":0.0,"relics_obtained":["Nloth\u0027s Gift"]}],"is_beta":false,"boss_relics":[{"not_picked":["Orrery","Coffee Dripper"],"picked":"Tiny House"}],"items_purged_floors":[],"is_endless":false,"potions_floor_spawned":[1,18,21],"killed_by":"Book of Stabbing","ascension_level":1}