{"gold_per_floor":[369,369,379,379,329,329,21,49,49,60,60,75,86,102,102,203,203,216,141,126,143,143,143,161,161,216,216],"floor_reached":27,"playtime":605,"items_purged":["Strike_R"],"score":247,"play_id":"1e2fcde2-b48b-4972-bd56-e292815cbbb4","local_time":"20190414012540","is_ascension_mode":true,"campfire_choices":[{"data":"Iron Wave","floor":11,"key":"SMITH"},{"data":"Armaments","floor":15,"key":"SMITH"},{"data":"Uppercut","floor":23,"key":"SMITH"}],"neow_cost":"TEN_PERCENT_HP_LOSS","seed_source_timestamp":1840197098200500,"circlet_count":0,"master_deck":["Strike_R","Defend_R+1","Defend_R","Defend_R","Defend_R","Bash","Thunderclap","Cleave+1","Wild Strike","Iron Wave+1","Cleave","Iron Wave","Armaments+1","Wild Strike","Feed","Iron Wave","Uppercut+1","Pommel Strike+1","Necronomicurse","Perfected Strike"],"relics":["Black Blood","NlothsMask","Lee\u0027s Waffle","Strawberry","Necronomicon","Tiny Chest"],"potions_floor_usage":[10,14,16,21,27],"damage_taken":[{"damage":1,"enemies":"Cultist","floor":1,"turns":4},{"damage":4,"enemies":"Small Slimes","floor":3,"turns":3},{"damage":16,"enemies":"Gremlin Nob","floor":8,"turns":3},{"damage":1,"enemies":"2 Louse","floor":10,"turns":2},{"damage":6,"enemies":"Exordium Wildlife","floor":12,"turns":2},{"damage":2,"enemies":"2 Fungi Beasts","floor":13,"turns":2},{"damage":0,"enemies":"Large Slime","floor":14,"turns":2},{"damage":59,"enemies":"Slime Boss","floor":16,"turns":13},{"damage":10,"enemies":"Chosen","floor":18,"turns":5},{"damage":39,"enemies":"2 Thieves","floor":20,"turns":4},{"damage":16,"enemies":"Centurion and Healer","floor":21,"turns":6},{"damage":25,"enemies":"Snake Plant","floor":24,"turns":4},{"damage":20,"enemies":"Gremlin Leader","floor":27,"turns":2}],"seed_played":"-6540966090940649727","potions_obtained":[{"floor":8,"key":"Fire Potion"},{"floor":10,"key":"PowerPotion"},{"floor":12,"key":"Fire Potion"},{"floor":14,"key":"SneckoOil"},{"floor":20,"key":"Fire Potion"},{"floor":24,"key":"SkillPotion"}],"is_trial":false,"path_per_floor":["M","?","M","?","?","?","$","E","T","M","R","M","M","M","R","B",null,"M","?","M","M","?","R","M","?","T","E"],"character_chosen":"IRONCLAD","items_purchased":["Wild Strike","Lee\u0027s Waffle"],"campfire_rested":0,"item_purchase_floors":[7,7],"current_hp_per_floor":[72,72,72,72,72,58,79,76,76,81,81,81,85,86,86,33,86,86,86,57,51,35,35,20,20,20,0],"gold":216,"neow_bonus":"TWO_FIFTY_GOLD","is_prod":false,"is_daily":false,"chose_seed":false,"campfire_upgraded":3,"win_rate":0,"timestamp":1555194340,"path_taken":["M","?","?","?","?","?","$","E","T","M","R","M","?","M","R","BOSS","M","?","M","M","?","R","M","?","T","E"],"build_version":"2019-01-23","purchased_purges":1,"victory":false,"max_hp_per_floor":[72,72,72,72,72,72,79,86,86,86,86,86,86,86,86,86,86,86,86,86,86,86,86,86,86,86,86],"card_choices":[{"not_picked":["Warcry","Whirlwind"],"picked":"Thunderclap","floor":1},{"not_picked":["Havoc","Combust"],"picked":"Cleave","floor":3},{"not_picked":["Corruption","Combust"],"picked":"Iron Wave","floor":8},{"not_picked":["Battle Trance","Searing Blow"],"picked":"Cleave","floor":10},{"not_picked":["Pommel Strike","Wild Strike"],"picked":"Iron Wave","floor":12},{"not_picked":["Sword Boomerang","Rupture"],"picked":"Armaments","floor":13},{"not_picked":["Heavy Blade","Body Slam"],"picked":"Wild Strike","floor":14},{"not_picked":["Juggernaut","Fiend Fire"],"picked":"Feed","floor":16},{"not_picked":["Twin Strike","Heavy Blade"],"picked":"Iron Wave","floor":18},{"not_picked":["Hemokinesis","Battle Trance"],"picked":"Uppercut","floor":20},{"not_picked":["Cleave","Rampage"],"picked":"Pommel Strike+1","floor":21},{"not_picked":["Combust","Cleave"],"picked":"Perfected Strike","floor":24}],"player_experience":283286,"relics_obtained":[{"floor":8,"key":"Strawberry"},{"floor":22,"key":"Necronomicon"},{"floor":26,"key":"Tiny Chest"}],"event_choices":[{"damage_healed":0,"gold_gain":0,"player_choice":"Trade","damage_taken":0,"relics_obtained":["NlothsMask"],"max_hp_gain":0,"max_hp_loss":0,"event_name":"FaceTrader","floor":2,"gold_loss":0},{"cards_removed":["Strike_R"],"damage_healed":0,"gold_gain":0,"player_choice":"Forget","damage_taken":0,"max_hp_gain":0,"max_hp_loss":0,"event_name":"Living Wall","floor":4,"gold_loss":0},{"cards_removed":["Strike_R"],"damage_healed":0,"gold_gain":0,"player_choice":"Card Removal","damage_taken":0,"max_hp_gain":0,"max_hp_loss":0,"event_name":"The Cleric","floor":5,"gold_loss":50},{"damage_healed":0,"gold_gain":0,"player_choice":"Entered Light","damage_taken":14,"max_hp_gain":0,"max_hp_loss":0,"event_name":"Shining Light","floor":6,"gold_loss":0,"cards_upgraded":["Defend_R","Cleave"]},{"cards_removed":["Strike_R"],"damage_healed":0,"gold_gain":0,"player_choice":"Gave Gold","damage_taken":0,"max_hp_gain":0,"max_hp_loss":0,"event_name":"Beggar","floor":19,"gold_loss":75},{"damage_healed":0,"gold_gain":0,"player_choice":"Obtained Book","damage_taken":16,"max_hp_gain":0,"max_hp_loss":0,"event_name":"Cursed Tome","floor":22,"gold_loss":0},{"damage_healed":0,"gold_gain":0,"player_choice":"Ignored","damage_taken":0,"max_hp_gain":0,"max_hp_loss":0,"event_name":"Ghosts","floor":25,"gold_loss":0}],"is_beta":false,"boss_relics":[{"not_picked":["Coffee Dripper","Runic Dome"],"picked":"Black Blood"}],"items_purged_floors":[7],"is_endless":false,"potions_floor_spawned":[8,10,12,14,20,24],"killed_by":"Gremlin Leader","ascension_level":3}