{"gold_per_floor":[113,113,5,5,5,35,35,49,49,1,33,44,44,57,57,160,160,174,203,203,50,64,64,96,112,161,173,200,200,200,216,216,319,319,338,560,163,1162,1162,1191,1191,462,488,518,17,27,44,99,99,99,99,99,14,44,44],"floor_reached":55,"playtime":2929,"items_purged":["Strike_G","Dagger Spray","Flying Knee"],"score":844,"play_id":"bea2bcbb-f7fe-4e57-bd43-766b2a315047","local_time":"20190716173657","is_ascension_mode":false,"campfire_choices":[{"floor":7,"key":"REST"},{"data":"Noxious Fumes","floor":15,"key":"SMITH"},{"floor":23,"key":"REST"},{"floor":32,"key":"REST"},{"floor":41,"key":"REST"},{"floor":49,"key":"RECALL"},{"floor":52,"key":"DIG"}],"neow_cost":"TEN_PERCENT_HP_LOSS","seed_source_timestamp":512795139492529,"circlet_count":0,"master_deck":["Defend_G","Defend_G","Defend_G","Defend_G","Survivor","Neutralize","Dagger Throw","Leg Sweep","Choke+1","Cloak And Dagger","Skewer","Slice","Noxious Fumes+1","Venomology","Dagger Spray+1","Caltrops+1","Adrenaline","Corpse Explosion","Calculated Gamble","PiercingWail+1","Blade Dance+1","Burst","Noxious Fumes","Infinite Blades","Outmaneuver+1","Cloak And Dagger+1","Prepared+1","Backstab+1","Expertise+1","Finesse","Heel Hook+1"],"relics":["Ring of the Snake","Juzu Bracelet","Omamori","Strawberry","Shovel","Dead Branch","Eternal Feather","Red Mask","Happy Flower","Calipers","Vajra","Smiling Mask","Nilry\u0027s Codex","WristBlade","Snake Skull","Toy Ornithopter","Gremlin Horn","PreservedInsect","Medical Kit","Orichalcum","Question Card","Tough Bandages","Bag of Preparation","FossilizedHelix","Kunai","Oddly Smooth Stone"],"potions_floor_usage":[6,6,6,18,19,22,24,27,28,31,31,33,40,40,40,44,46,47,48,50,50,55,55,55,55],"damage_taken":[{"damage":0,"enemies":"Small Slimes","floor":1,"turns":3},{"damage":24,"enemies":"Gremlin Nob","floor":6,"turns":5},{"damage":0,"enemies":"2 Louse","floor":8,"turns":2},{"damage":16,"enemies":"3 Sentries","floor":11,"turns":8},{"damage":0,"enemies":"Cultist","floor":12,"turns":2},{"damage":8,"enemies":"Lots of Slimes","floor":14,"turns":3},{"damage":9,"enemies":"The Guardian","floor":16,"turns":10},{"damage":13,"enemies":"Spheric Guardian","floor":18,"turns":5},{"damage":19,"enemies":"Masked Bandits","floor":19,"turns":4},{"damage":18,"enemies":"2 Thieves","floor":22,"turns":4},{"damage":18,"enemies":"Gremlin Leader","floor":24,"turns":5},{"damage":0,"enemies":"Snecko","floor":25,"turns":3},{"damage":1,"enemies":"Centurion and Healer","floor":27,"turns":4},{"damage":4,"enemies":"Slavers","floor":28,"turns":2},{"damage":2,"enemies":"Chosen and Byrds","floor":31,"turns":4},{"damage":11,"enemies":"Automaton","floor":33,"turns":7},{"damage":0,"enemies":"3 Shapes","floor":35,"turns":1},{"damage":58,"enemies":"Reptomancer","floor":40,"turns":6},{"damage":0,"enemies":"Giant Head","floor":44,"turns":5},{"damage":0,"enemies":"Orb Walker","floor":46,"turns":3},{"damage":0,"enemies":"Maw","floor":47,"turns":6},{"damage":1,"enemies":"2 Orb Walkers","floor":48,"turns":4},{"damage":43,"enemies":"Awakened One","floor":50,"turns":13},{"damage":8,"enemies":"Shield and Spear","floor":54,"turns":6},{"damage":72,"enemies":"The Heart","floor":55,"turns":6}],"seed_played":"7205973594232118772","potions_obtained":[{"floor":1,"key":"Regen Potion"},{"floor":5,"key":"Explosive Potion"},{"floor":5,"key":"Weak Potion"},{"floor":16,"key":"SkillPotion"},{"floor":22,"key":"GamblersBrew"},{"floor":24,"key":"Swift Potion"},{"floor":25,"key":"SpeedPotion"},{"floor":31,"key":"GhostInAJar"},{"floor":54,"key":"Strength Potion"}],"is_trial":false,"path_per_floor":["M","?","$","?","?","E","R","M","T","$","E","M","T","M","R","B",null,"M","?","?","$","M","R","E","M","T","M","E","?","?","M","R","B",null,"M","?","$","?","?","E","R","$","T","E","$","M","M","?","R","B",null,"R","$","E","B"],"character_chosen":"THE_SILENT","items_purchased":["Leg Sweep","Choke","Cloak And Dagger","Happy Flower","Snake Skull","Toy Ornithopter","PreservedInsect","Medical Kit","Orichalcum","Strength Potion","GhostInAJar","Explosive Potion","Tough Bandages","Bag of Preparation","Finesse"],"campfire_rested":4,"item_purchase_floors":[3,3,10,21,37,37,42,42,42,42,42,42,45,45,53],"current_hp_per_floor":[63,30,30,30,30,20,38,38,45,45,29,29,29,21,21,12,70,57,38,38,38,20,53,35,35,35,34,30,14,14,12,48,37,70,70,70,70,70,66,23,57,57,57,62,62,66,66,65,66,28,66,66,66,58,0],"gold":44,"neow_bonus":"REMOVE_TWO","is_prod":false,"is_daily":false,"chose_seed":false,"campfire_upgraded":1,"win_rate":0,"timestamp":1563295017,"path_taken":["M","?","$","?","?","E","R","M","T","?","E","M","?","M","R","BOSS","M","?","?","$","M","R","E","M","T","M","E","?","?","M","R","BOSS","M","?","$","?","?","E","R","$","T","E","?","M","M","?","R","BOSS","R","$","E","BOSS"],"build_version":"2019-07-05","purchased_purges":3,"victory":false,"max_hp_per_floor":[63,63,63,63,63,63,63,63,70,70,70,70,70,70,70,70,70,70,70,70,70,70,70,70,70,70,70,70,70,70,70,70,70,70,70,70,70,70,66,66,66,66,66,66,66,66,66,66,66,66,66,66,66,66,66],"card_choices":[{"not_picked":["Choke","Blade Dance"],"picked":"Dagger Throw","floor":1},{"not_picked":["Blur","Skewer"],"picked":"Dagger Spray","floor":6},{"not_picked":["Catalyst","Concentrate"],"picked":"Flying Knee","floor":8},{"not_picked":["Eviscerate","Terror"],"picked":"Skewer","floor":11},{"not_picked":["Underhanded Strike","Acrobatics"],"picked":"Slice","floor":12},{"not_picked":["Acrobatics","Dagger Throw"],"picked":"Noxious Fumes","floor":14},{"not_picked":["Bullet Time","Envenom"],"picked":"Venomology","floor":16},{"not_picked":["Bouncing Flask","Dagger Throw"],"picked":"Dagger Spray+1","floor":18},{"not_picked":["Quick Slash+1","Slice"],"picked":"Caltrops+1","floor":19},{"not_picked":["Bane","PiercingWail+1"],"picked":"Corpse Explosion","floor":22},{"not_picked":["All Out Attack","Outmaneuver"],"picked":"Calculated Gamble","floor":24},{"not_picked":["Quick Slash","Dodge and Roll"],"picked":"PiercingWail+1","floor":25},{"not_picked":["PiercingWail+1","Predator"],"picked":"Blade Dance+1","floor":27},{"not_picked":["Dagger Throw+1","Backflip"],"picked":"Burst","floor":28},{"not_picked":["Skewer","Acrobatics","Catalyst"],"picked":"SKIP","floor":31},{"not_picked":["Flying Knee+1","Endless Agony+1"],"picked":"Outmaneuver+1","floor":35},{"not_picked":["Dagger Throw","Deflect"],"picked":"Cloak And Dagger+1","floor":40},{"not_picked":["Blur","Distraction+1"],"picked":"Prepared+1","floor":44},{"not_picked":["Dagger Spray+1","PiercingWail","Sucker Punch","Underhanded Strike"],"picked":"SKIP","floor":46},{"not_picked":["Skewer","Eviscerate+1","Dodge and Roll+1"],"picked":"Backstab+1","floor":47},{"not_picked":["Dagger Spray","Acrobatics","Outmaneuver+1"],"picked":"Expertise+1","floor":48},{"not_picked":["Reflex","Dagger Spray","Dagger Throw"],"picked":"Heel Hook+1","floor":54}],"player_experience":1700934,"relics_obtained":[{"floor":6,"key":"Omamori"},{"floor":9,"key":"Strawberry"},{"floor":11,"key":"Shovel"},{"floor":13,"key":"Dead Branch"},{"floor":19,"key":"Red Mask"},{"floor":24,"key":"Calipers"},{"floor":26,"key":"Vajra"},{"floor":28,"key":"Smiling Mask"},{"floor":29,"key":"Nilry\u0027s Codex"},{"floor":40,"key":"Gremlin Horn"},{"floor":44,"key":"Question Card"},{"floor":48,"key":"FossilizedHelix"},{"floor":52,"key":"Kunai"},{"floor":54,"key":"Oddly Smooth Stone"}],"event_choices":[{"damage_healed":0,"gold_gain":0,"player_choice":"Success","damage_taken":33,"relics_obtained":["Juzu Bracelet"],"max_hp_gain":0,"max_hp_loss":0,"event_name":"Scrap Ooze","floor":2,"gold_loss":0},{"damage_healed":0,"gold_gain":0,"player_choice":"Forge","damage_taken":0,"max_hp_gain":0,"max_hp_loss":0,"event_name":"Accursed Blacksmith","floor":4,"gold_loss":0,"cards_upgraded":["Choke"]},{"damage_healed":0,"gold_gain":0,"player_choice":"Got Potions","damage_taken":0,"max_hp_gain":0,"max_hp_loss":0,"event_name":"Lab","floor":5,"gold_loss":0},{"damage_healed":0,"gold_gain":0,"player_choice":"Fought Bandits","damage_taken":0,"max_hp_gain":0,"max_hp_loss":0,"event_name":"Masked Bandits","floor":19,"gold_loss":0},{"damage_healed":0,"gold_gain":0,"cards_transformed":["Strike_G"],"player_choice":"Transformed","damage_taken":0,"max_hp_gain":0,"max_hp_loss":0,"event_name":"Transmorgrifier","floor":20,"gold_loss":0,"cards_obtained":["Adrenaline"]},{"damage_healed":0,"gold_gain":0,"player_choice":"Obtained Book","damage_taken":16,"max_hp_gain":0,"max_hp_loss":0,"event_name":"Cursed Tome","floor":29,"gold_loss":0},{"damage_healed":0,"gold_gain":0,"cards_transformed":["Strike_G","Strike_G"],"player_choice":"Became Test Subject","damage_taken":0,"max_hp_gain":0,"max_hp_loss":0,"event_name":"Drug Dealer","floor":30,"gold_loss":0,"cards_obtained":["Noxious Fumes","Infinite Blades"]},{"damage_healed":0,"gold_gain":222,"player_choice":"Wore Mask","damage_taken":0,"max_hp_gain":0,"max_hp_loss":0,"event_name":"Tomb of Lord Red Mask","floor":36,"gold_loss":0},{"damage_healed":0,"gold_gain":999,"player_choice":"Gold","damage_taken":0,"max_hp_gain":0,"max_hp_loss":0,"event_name":"MindBloom","floor":38,"gold_loss":0,"cards_obtained":["Normality","Normality"]},{"damage_healed":0,"gold_gain":0,"player_choice":"Max HP","damage_taken":0,"max_hp_gain":0,"max_hp_loss":4,"event_name":"Winding Halls","floor":39,"gold_loss":0},{"damage_healed":0,"gold_gain":0,"player_choice":"Fight","damage_taken":0,"max_hp_gain":0,"max_hp_loss":0,"event_name":"Mysterious Sphere","floor":48,"gold_loss":0}],"is_beta":false,"boss_relics":[{"not_picked":["Tiny House","Fusion Hammer"],"picked":"Eternal Feather"},{"not_picked":["Lizard Tail","Orrery"],"picked":"WristBlade"}],"items_purged_floors":[37,42,45],"is_endless":false,"potions_floor_spawned":[1,16,22,24,25,31,44,46,48,54],"killed_by":"The Heart","ascension_level":0}