{"gold_per_floor":[109,109,34,34,50,84,84,84,109,109,127,161,190,277,289,375,387,414,341,353,385,17,17,36,36],"floor_reached":25,"playtime":1341,"items_purged":[],"score":366,"play_id":"c792adde-8d09-4acf-ac67-a11df7929ae0","local_time":"20191023221030","is_ascension_mode":true,"campfire_choices":[{"floor":7.0,"key":"REST"},{"data":"Defragment","floor":10.0,"key":"SMITH"},{"floor":15.0,"key":"REST"},{"data":"Defragment","floor":23,"key":"SMITH"}],"neow_cost":"CURSE","seed_source_timestamp":915674195029600,"circlet_count":0,"master_deck":["AscendersBane","Strike_B","Strike_B","Defend_B","Defend_B","Defend_B","Defend_B","Zap","Dualcast","Heatsinks","Force Field","Go for the Eyes","Defragment+1","Conserve Battery","Coolheaded","Defragment","Echo Form","Undo","Leap","Defragment+1","Static Discharge"],"special_seed":0,"relics":["Cracked Core","DataDisk","Symbiotic Virus","Lantern","MawBank","Sozu","Gremlin Horn","Membership Card","Bird Faced Urn"],"potions_floor_usage":[],"damage_taken":[{"damage":3.0,"enemies":"Small Slimes","floor":1.0,"turns":4.0},{"damage":9.0,"enemies":"Jaw Worm","floor":5.0,"turns":4.0},{"damage":56.0,"enemies":"Gremlin Nob","floor":6.0,"turns":6.0},{"damage":0.0,"enemies":"Cultist","floor":11.0,"turns":3.0},{"damage":3.0,"enemies":"3 Sentries","floor":12.0,"turns":9.0},{"damage":0.0,"enemies":"Blue Slaver","floor":13.0,"turns":5.0},{"damage":4.0,"enemies":"Hexaghost","floor":16.0,"turns":10.0},{"damage":5.0,"enemies":"Spheric Guardian","floor":18.0,"turns":4.0},{"damage":29,"enemies":"3 Byrds","floor":21,"turns":5},{"damage":5,"enemies":"Sentry and Sphere","floor":24,"turns":4},{"damage":50,"enemies":"Slavers","floor":25,"turns":4}],"seed_played":"-3430923592671051099","potions_obtained":[{"floor":5.0,"key":"LiquidBronze"},{"floor":13.0,"key":"Strength Potion"}],"is_trial":false,"path_per_floor":["M","?","?","$","M","E","R","T","T","R","M","E","M","?","R","B",null,"M","?","$","M","$","R","M","E"],"character_chosen":"DEFECT","items_purchased":["Membership Card","Bird Faced Urn","Defragment"],"campfire_rested":2,"item_purchase_floors":[22,22,22],"current_hp_per_floor":[61,66,66,66,57,1,23,23,23,23,23,20,20,9,31,27,64,59,59,59,30,30,30,35,0],"gold":36,"neow_bonus":"TRANSFORM_TWO_CARDS","is_prod":false,"is_daily":false,"chose_seed":false,"campfire_upgraded":2,"win_rate":0,"timestamp":1571861430,"path_taken":["M","?","?","$","M","E","R","?","T","R","M","E","?","?","R","BOSS","M","?","$","M","$","R","M","E"],"build_version":"2019-07-17","purchased_purges":0,"victory":false,"max_hp_per_floor":[71,76,76,76,76,76,76,76,76,76,76,76,76,76,76,76,76,76,76,76,76,76,76,76,76],"card_choices":[{"not_picked":["Reinforced Body","Redo"],"picked":"Go for the Eyes","floor":1.0},{"not_picked":["Recycle","Capacitor"],"picked":"Defragment","floor":5.0},{"not_picked":["Chaos","Streamline"],"picked":"Conserve Battery","floor":6.0},{"not_picked":["Melter","Rebound"],"picked":"Coolheaded","floor":11.0},{"not_picked":["Hyperbeam","Coolheaded"],"picked":"Defragment","floor":12.0},{"not_picked":["Rip and Tear","Streamline","Sweeping Beam"],"picked":"SKIP","floor":13.0},{"not_picked":["Rip and Tear","Streamline","Sweeping Beam"],"picked":"SKIP","floor":13.0},{"not_picked":["Machine Learning","Rainbow"],"picked":"Echo Form","floor":16.0},{"not_picked":["Stack","Rebound"],"picked":"Undo","floor":18.0},{"not_picked":["Chaos","Gash+1"],"picked":"Leap","floor":21},{"not_picked":["Heatsinks","Leap"],"picked":"Static Discharge","floor":24}],"player_experience":322636,"relics_obtained":[{"floor":6.0,"key":"DataDisk"},{"floor":8.0,"key":"Symbiotic Virus"},{"floor":9.0,"key":"Lantern"},{"floor":12.0,"key":"MawBank"}],"event_choices":[{"damage_healed":0.0,"max_hp_gain":5.0,"max_hp_loss":0.0,"gold_gain":0.0,"event_name":"Big Fish","player_choice":"Donut","floor":2.0,"gold_loss":0.0,"damage_taken":0.0},{"cards_removed":["Shame"],"damage_healed":0.0,"max_hp_gain":0.0,"max_hp_loss":0.0,"gold_gain":0.0,"event_name":"The Cleric","player_choice":"Card Removal","floor":3.0,"gold_loss":75.0,"damage_taken":0.0},{"damage_healed":0.0,"max_hp_gain":0.0,"max_hp_loss":0.0,"gold_gain":75.0,"event_name":"World of Goop","player_choice":"Gather Gold","floor":14.0,"gold_loss":0.0,"damage_taken":11.0},{"damage_healed":0.0,"max_hp_gain":0.0,"max_hp_loss":0.0,"gold_gain":0.0,"event_name":"Addict","player_choice":"Obtained Relic","floor":19.0,"gold_loss":85.0,"damage_taken":0.0,"relics_obtained":["Gremlin Horn"]}],"is_beta":false,"boss_relics":[{"not_picked":["Busted Crown","Orrery"],"picked":"Sozu"}],"items_purged_floors":[],"is_endless":false,"potions_floor_spawned":[5,13,18,24],"killed_by":"Slavers","ascension_level":15}