{"gold_per_floor":[114,127,127,9,9,9,35,35,62,24,55,79,91,119,131,243,255,282,11,21,35,52,52,82,113,113,113,31,31,50,10,10,113,113,124,172,186,186,202,233,233,233],"floor_reached":42,"playtime":1826,"items_purged":["Strike_G"],"score":729,"play_id":"ade4af6f-2be9-483f-b4a3-457de0255a5c","local_time":"20190922123913","is_ascension_mode":true,"campfire_choices":[{"data":"Noxious Fumes","floor":6,"key":"SMITH"},{"data":"Deadly Poison","floor":8,"key":"SMITH"},{"floor":15,"key":"REST"},{"floor":23,"key":"REST"},{"floor":27,"key":"REST"},{"data":"Footwork","floor":29,"key":"SMITH"},{"floor":32,"key":"REST"},{"floor":41,"key":"REST"}],"neow_cost":"NONE","seed_source_timestamp":641724186860400,"circlet_count":0,"master_deck":["AscendersBane","Strike_G+1","Defend_G+1","Defend_G","Defend_G","Defend_G","Survivor","Neutralize","Choke+1","Dash","Noxious Fumes+1","Predator","Deadly Poison+1","Calculated Gamble","PiercingWail","Deadly Poison","After Image","Deadly Poison+1","Leg Sweep+1","Cloak And Dagger+1","Footwork+1","Burst","After Image+1","Backflip+1","Bullet Time+1","Crippling Poison+1","Writhe","Acrobatics+1"],"relics":["Ring of the Snake","Blue Candle","InkBottle","MawBank","SacredBark","TwistedFunnel","Red Mask","Whetstone","White Beast Statue","Astrolabe","TungstenRod","Singing Bowl"],"potions_floor_usage":[7,14,20,24,25,31,33,36,40,40,42],"damage_taken":[{"damage":1,"enemies":"2 Louse","floor":1,"turns":3},{"damage":4,"enemies":"Small Slimes","floor":2,"turns":5},{"damage":15,"enemies":"Lagavulin","floor":7,"turns":6},{"damage":8,"enemies":"Gremlin Nob","floor":11,"turns":4},{"damage":0,"enemies":"Jaw Worm","floor":12,"turns":3},{"damage":0,"enemies":"3 Louse","floor":14,"turns":1},{"damage":27,"enemies":"The Guardian","floor":16,"turns":8},{"damage":5,"enemies":"Shell Parasite","floor":18,"turns":6},{"damage":6,"enemies":"2 Thieves","floor":20,"turns":4},{"damage":27,"enemies":"Snake Plant","floor":21,"turns":4},{"damage":7,"enemies":"Snecko","floor":22,"turns":4},{"damage":3,"enemies":"Masked Bandits","floor":24,"turns":4},{"damage":16,"enemies":"Gremlin Leader","floor":25,"turns":7},{"damage":14,"enemies":"Shelled Parasite and Fungi","floor":30,"turns":7},{"damage":42,"enemies":"Automaton","floor":33,"turns":12},{"damage":7,"enemies":"3 Shapes","floor":35,"turns":5},{"damage":6,"enemies":"2 Orb Walkers","floor":36,"turns":5},{"damage":2,"enemies":"3 Darklings","floor":37,"turns":5},{"damage":3,"enemies":"Writhing Mass","floor":39,"turns":7},{"damage":71,"enemies":"Reptomancer","floor":40,"turns":8},{"damage":37,"enemies":"Giant Head","floor":42,"turns":9}],"seed_played":"799077813290648582","potions_obtained":[{"floor":1,"key":"Poison Potion"},{"floor":7,"key":"FearPotion"},{"floor":12,"key":"Explosive Potion"},{"floor":21,"key":"GhostInAJar"},{"floor":22,"key":"Energy Potion"},{"floor":30,"key":"Swift Potion"},{"floor":31,"key":"Fruit Juice"},{"floor":31,"key":"Fire Potion"},{"floor":33,"key":"Dexterity Potion"},{"floor":35,"key":"CunningPotion"},{"floor":36,"key":"Fire Potion"},{"floor":39,"key":"Poison Potion"},{"floor":40,"key":"LiquidBronze"}],"is_trial":false,"path_per_floor":["M","M","?","$","?","R","E","R","T","$","E","M","?","M","R","B",null,"M","$","M","M","M","R","?","E","T","R","$","R","M","?","R","B",null,"M","?","M","?","M","E","R","E"],"character_chosen":"THE_SILENT","items_purchased":["Noxious Fumes","Predator","Calculated Gamble","TwistedFunnel","Block Potion","Footwork"],"campfire_rested":5,"item_purchase_floors":[4,4,10,19,19,28],"current_hp_per_floor":[69,65,58,58,58,58,43,43,43,43,35,35,20,20,43,16,62,57,57,51,24,17,40,37,21,21,44,44,44,30,40,66,24,71,64,58,56,78,75,6,32,0],"gold":233,"neow_bonus":"TEN_PERCENT_HP_BONUS","is_prod":false,"is_daily":false,"chose_seed":false,"campfire_upgraded":3,"win_rate":0,"timestamp":1569152353,"path_taken":["M","M","?","$","?","R","E","R","T","$","E","M","?","?","R","BOSS","M","$","M","M","M","R","?","E","T","R","$","R","M","?","R","BOSS","M","?","M","?","M","E","R","E"],"build_version":"2019-09-20","purchased_purges":1,"victory":false,"max_hp_per_floor":[77,77,77,77,77,77,77,77,77,77,77,77,77,77,77,77,77,77,77,77,77,77,77,77,77,77,77,77,77,77,87,87,87,87,87,87,87,87,87,89,89,89],"card_choices":[{"not_picked":["Tactician","Deflect"],"picked":"Choke","floor":1},{"not_picked":["Blur","Leg Sweep"],"picked":"Dash","floor":2},{"not_picked":["Night Terror","Deflect"],"picked":"Deadly Poison","floor":7},{"not_picked":["Masterful Stab","Endless Agony"],"picked":"PiercingWail","floor":11},{"not_picked":["Acrobatics","Backflip"],"picked":"Deadly Poison","floor":12},{"not_picked":["Terror","Quick Slash","Calculated Gamble"],"picked":"SKIP","floor":14},{"not_picked":["Adrenaline","A Thousand Cuts"],"picked":"After Image","floor":16},{"not_picked":["Riddle With Holes","Skewer+1"],"picked":"Deadly Poison+1","floor":18},{"not_picked":["Dodge and Roll","Prepared+1"],"picked":"Leg Sweep+1","floor":20},{"not_picked":["Deadly Poison","Prepared","Backflip"],"picked":"SKIP","floor":21},{"not_picked":["Dodge and Roll","Cloak And Dagger","PiercingWail"],"picked":"SKIP","floor":22},{"not_picked":["Predator","Expertise"],"picked":"Cloak And Dagger+1","floor":24},{"not_picked":["All Out Attack","Endless Agony","Dodge and Roll"],"picked":"SKIP","floor":25},{"not_picked":["Prepared","Quick Slash","Eviscerate"],"picked":"SKIP","floor":30},{"not_picked":["Glass Knife","Unload"],"picked":"Burst","floor":33},{"not_picked":["Underhanded Strike+1","PiercingWail+1"],"picked":"Crippling Poison+1","floor":35},{"not_picked":["Dagger Throw","Reflex","Tactician"],"picked":"SKIP","floor":37},{"not_picked":["Deadly Poison","Masterful Stab"],"picked":"Acrobatics+1","floor":39},{"not_picked":["Leg Sweep","Flying Knee","Backflip"],"picked":"Singing Bowl","floor":40}],"player_experience":1551844,"relics_obtained":[{"floor":7,"key":"Blue Candle"},{"floor":9,"key":"InkBottle"},{"floor":11,"key":"MawBank"},{"floor":24,"key":"Red Mask"},{"floor":25,"key":"Whetstone"},{"floor":26,"key":"White Beast Statue"},{"floor":36,"key":"TungstenRod"},{"floor":40,"key":"Singing Bowl"}],"event_choices":[{"cards_removed":["Strike_G"],"damage_healed":0,"gold_gain":0,"player_choice":"Card Removal","damage_taken":7,"max_hp_gain":0,"max_hp_loss":0,"event_name":"Golden Wing","floor":3,"gold_loss":0},{"damage_healed":0,"gold_gain":0,"player_choice":"Ignored","damage_taken":0,"max_hp_gain":0,"max_hp_loss":0,"event_name":"Liars Game","floor":5,"gold_loss":0},{"damage_healed":0,"gold_gain":0,"player_choice":"Entered Light","damage_taken":15,"max_hp_gain":0,"max_hp_loss":0,"event_name":"Shining Light","floor":13,"gold_loss":0,"cards_upgraded":["Strike_G","Defend_G"]},{"damage_healed":0,"gold_gain":0,"player_choice":"Fought Bandits","damage_taken":0,"max_hp_gain":0,"max_hp_loss":0,"event_name":"Masked Bandits","floor":24,"gold_loss":0},{"damage_healed":0,"gold_gain":0,"player_choice":"Bought 3 Potions","damage_taken":0,"max_hp_gain":0,"max_hp_loss":0,"event_name":"The Woman in Blue","floor":31,"gold_loss":0},{"damage_healed":0,"gold_gain":0,"player_choice":"Fight","damage_taken":0,"max_hp_gain":0,"max_hp_loss":0,"event_name":"Mysterious Sphere","floor":36,"gold_loss":0},{"damage_healed":22,"gold_gain":0,"player_choice":"Writhe","damage_taken":0,"max_hp_gain":0,"max_hp_loss":0,"event_name":"Winding Halls","floor":38,"gold_loss":0,"cards_obtained":["Writhe"]}],"is_beta":true,"boss_relics":[{"not_picked":["Ectoplasm","Ring of the Serpent"],"picked":"SacredBark"},{"not_picked":["Pandora\u0027s Box","Empty Cage"],"picked":"Astrolabe"}],"items_purged_floors":[19],"is_endless":false,"potions_floor_spawned":[1,7,12,21,22,30,33,35,36,37,39,40],"killed_by":"Giant Head","ascension_level":11}