{"gold_per_floor":[110,35,54,229,19,19,47,47,100,118,118,118,145,159,159,254,254,269,269,67,80,27,27,27,56,56,56,87,87,101,119,119,223,223,237,36,36,48,98,126,226,226,226,226,244,19,53,53,53,53],"floor_reached":51,"playtime":2069,"items_purged":["Strike_R","Doubt","Strike_R","Cleave","Writhe"],"score":922,"play_id":"a88e708a-3ccb-45a0-84df-513c1a630cbd","local_time":"20190529191001","is_ascension_mode":false,"campfire_choices":[{"data":"Whirlwind","floor":6,"key":"SMITH"},{"data":"Bash","floor":8,"key":"SMITH"},{"data":"Spot Weakness","floor":11,"key":"SMITH"},{"data":"True Grit","floor":15,"key":"SMITH"},{"data":"Barricade","floor":23,"key":"SMITH"},{"data":"Shockwave","floor":27,"key":"SMITH"},{"data":"Body Slam","floor":29,"key":"SMITH"},{"data":"Entrench","floor":32,"key":"SMITH"},{"data":"Body Slam","floor":42,"key":"SMITH"},{"data":"Offering","floor":44,"key":"SMITH"},{"data":"Havoc","floor":49,"key":"SMITH"}],"neow_cost":"NONE","seed_source_timestamp":109154347106281,"circlet_count":0,"master_deck":["Defend_R","Defend_R","Defend_R","Bash+1","Spot Weakness+1","Battle Trance","Whirlwind+1","Seeing Red","Entrench+1","True Grit+1","Barricade+1","Iron Wave+1","Shockwave+1","Power Through","Havoc+1","Warcry","Body Slam+1","Offering+1","Feed+1","Reaper+1","Warcry+1","Shrug It Off","Offering","Headbutt","Body Slam+1","Body Slam+1","Body Slam","Shrug It Off","True Grit+1"],"relics":["Burning Blood","Gremlin Horn","Tiny Chest","Calipers","Cursed Key","Art of War","Dodecahedron","Astrolabe","Ginger","Kunai","Unceasing Top","Pantograph","Sundial"],"potions_floor_usage":[14,16,16,25,28,50,50,50],"damage_taken":[{"damage":4,"enemies":"Jaw Worm","floor":1,"turns":5},{"damage":17,"enemies":"Small Slimes","floor":3,"turns":5},{"damage":18,"enemies":"3 Sentries","floor":7,"turns":3},{"damage":0,"enemies":"2 Louse","floor":10,"turns":2},{"damage":28,"enemies":"Gremlin Nob","floor":13,"turns":4},{"damage":7,"enemies":"Large Slime","floor":14,"turns":3},{"damage":11,"enemies":"Slime Boss","floor":16,"turns":9},{"damage":1,"enemies":"Chosen","floor":18,"turns":3},{"damage":5,"enemies":"Shell Parasite","floor":21,"turns":4},{"damage":4,"enemies":"Gremlin Leader","floor":25,"turns":7},{"damage":22,"enemies":"Slavers","floor":28,"turns":3},{"damage":1,"enemies":"Centurion and Healer","floor":30,"turns":5},{"damage":0,"enemies":"Cultist and Chosen","floor":31,"turns":4},{"damage":0,"enemies":"Collector","floor":33,"turns":8},{"damage":6,"enemies":"3 Darklings","floor":35,"turns":3},{"damage":10,"enemies":"3 Shapes","floor":38,"turns":2},{"damage":31,"enemies":"2 Orb Walkers","floor":39,"turns":4},{"damage":20,"enemies":"Giant Head","floor":40,"turns":6},{"damage":12,"enemies":"Mind Bloom Boss Battle","floor":41,"turns":4},{"damage":12,"enemies":"Maw","floor":45,"turns":9},{"damage":17,"enemies":"Nemesis","floor":47,"turns":5},{"damage":12,"enemies":"Donu and Deca","floor":50,"turns":7}],"seed_played":"-2501564161909636873","potions_obtained":[{"floor":7,"key":"GamblersBrew"},{"floor":10,"key":"LiquidBronze"},{"floor":13,"key":"Weak Potion"},{"floor":14,"key":"FearPotion"},{"floor":18,"key":"Ancient Potion"},{"floor":28,"key":"EntropicBrew"},{"floor":31,"key":"Fire Potion"},{"floor":33,"key":"LiquidBronze"},{"floor":41,"key":"Block Potion"}],"is_trial":false,"path_per_floor":["M","$","M","?","$","R","E","R","T","M","R","?","E","M","R","B",null,"M","?","$","M","$","R","?","E","T","R","E","R","M","M","R","B",null,"M","$","?","M","?","E","?","R","T","R","M","$","E","$","R","B",null],"character_chosen":"IRONCLAD","items_purchased":["Battle Trance","Whirlwind","Shockwave","Havoc","Shrug It Off","Shrug It Off"],"campfire_rested":0,"item_purchase_floors":[5,5,20,22,36,46],"current_hp_per_floor":[88,88,77,77,77,77,65,65,65,71,71,64,42,41,41,36,88,88,88,88,88,88,88,88,88,88,88,72,72,77,83,83,88,88,88,88,88,92,79,87,94,94,94,94,99,99,95,95,95,100],"gold":53,"neow_bonus":"TEN_PERCENT_HP_BONUS","is_prod":false,"is_daily":false,"chose_seed":false,"campfire_upgraded":11,"win_rate":0,"timestamp":1559153401,"path_taken":["M","$","M","?","$","R","E","R","T","M","R","?","E","M","R","BOSS","M","?","$","M","$","R","?","E","T","R","E","R","M","M","R","BOSS","M","$","?","?","?","E","?","R","T","R","M","$","E","?","R","BOSS"],"build_version":"2019-01-23","purchased_purges":5,"victory":true,"max_hp_per_floor":[88,88,88,88,88,88,88,88,88,88,88,88,88,88,88,88,88,88,88,88,88,88,88,88,88,88,88,88,88,88,88,88,88,88,88,88,88,92,96,96,96,96,96,96,100,100,100,100,100,100],"card_choices":[{"not_picked":["Cleave","Flame Barrier"],"picked":"Spot Weakness","floor":1},{"not_picked":["Warcry","Perfected Strike"],"picked":"Cleave","floor":3},{"not_picked":["Bloodletting","Inflame"],"picked":"Seeing Red","floor":7},{"not_picked":["Body Slam","Combust","Rampage"],"picked":"SKIP","floor":10},{"not_picked":["Brutality","Shockwave"],"picked":"Entrench","floor":13},{"not_picked":["Twin Strike","Flex"],"picked":"True Grit","floor":14},{"not_picked":["Exhume","Double Tap"],"picked":"Barricade","floor":16},{"not_picked":["Combust","Inflame"],"picked":"Iron Wave+1","floor":18},{"not_picked":["Wild Strike","True Grit"],"picked":"Power Through","floor":21},{"not_picked":["Hemokinesis","Sever Soul","Anger+1"],"picked":"SKIP","floor":25},{"not_picked":["Wild Strike","Iron Wave+1"],"picked":"Body Slam","floor":28},{"not_picked":["Spot Weakness","Rage","Clothesline+1"],"picked":"SKIP","floor":30},{"not_picked":["Spot Weakness","Rage","Clothesline+1"],"picked":"SKIP","floor":30},{"not_picked":["Hemokinesis+1","Corruption+1","Bloodletting"],"picked":"SKIP","floor":31},{"not_picked":["Fiend Fire","Berserk"],"picked":"Offering","floor":33},{"not_picked":["Dropkick+1","Whirlwind+1","Entrench"],"picked":"SKIP","floor":35},{"not_picked":["Wild Strike+1","Ghostly Armor"],"picked":"Headbutt","floor":38},{"not_picked":["Armaments","Havoc+1"],"picked":"Body Slam+1","floor":40},{"not_picked":["Pommel Strike","Twin Strike"],"picked":"Body Slam","floor":41},{"not_picked":["True Grit+1","Havoc+1"],"picked":"Body Slam","floor":45},{"not_picked":["Demon Form","Clothesline"],"picked":"True Grit+1","floor":47}],"player_experience":1508652,"relics_obtained":[{"floor":7,"key":"Gremlin Horn"},{"floor":9,"key":"Tiny Chest"},{"floor":13,"key":"Calipers"},{"floor":25,"key":"Art of War"},{"floor":28,"key":"Dodecahedron"},{"floor":39,"key":"Ginger"},{"floor":40,"key":"Kunai"},{"floor":41,"key":"Unceasing Top"},{"floor":43,"key":"Pantograph"},{"floor":47,"key":"Sundial"}],"event_choices":[{"damage_healed":0,"gold_gain":175,"player_choice":"AGREE","damage_taken":0,"max_hp_gain":0,"max_hp_loss":0,"event_name":"Liars Game","floor":4,"gold_loss":0,"cards_obtained":["Doubt"]},{"cards_removed":["Strike_R"],"damage_healed":0,"gold_gain":0,"player_choice":"Card Removal","damage_taken":7,"max_hp_gain":0,"max_hp_loss":0,"event_name":"Golden Wing","floor":12,"gold_loss":0},{"damage_healed":0,"gold_gain":0,"player_choice":"Ignored","damage_taken":0,"max_hp_gain":0,"max_hp_loss":0,"event_name":"Ghosts","floor":19,"gold_loss":0},{"damage_healed":0,"gold_gain":0,"player_choice":"Read","damage_taken":0,"max_hp_gain":0,"max_hp_loss":0,"event_name":"The Library","floor":24,"gold_loss":0,"cards_obtained":["Warcry"]},{"damage_healed":0,"gold_gain":0,"player_choice":"Copied","damage_taken":0,"max_hp_gain":0,"max_hp_loss":0,"event_name":"Duplicator","floor":37,"gold_loss":0,"cards_obtained":["Offering"]},{"damage_healed":0,"gold_gain":0,"player_choice":"Fight","damage_taken":0,"max_hp_gain":0,"max_hp_loss":0,"event_name":"Mysterious Sphere","floor":39,"gold_loss":0},{"damage_healed":0,"gold_gain":0,"player_choice":"Fight","damage_taken":0,"max_hp_gain":0,"max_hp_loss":0,"event_name":"MindBloom","floor":41,"gold_loss":0}],"is_beta":false,"boss_relics":[{"not_picked":["Runic Dome","Velvet Choker"],"picked":"Cursed Key"},{"not_picked":["Empty Cage","White Beast Statue"],"picked":"Astrolabe"}],"items_purged_floors":[2,5,20,36,46],"is_endless":false,"potions_floor_spawned":[7,10,13,14,18,28,31,33,35,40,41,45],"ascension_level":0}