{"gold_per_floor":[110,122,44,54,64,90,90,103,103,28,28],"floor_reached":11,"playtime":528,"items_purged":["Defend_R"],"score":79,"play_id":"e51f569b-a846-4319-abf2-5d57d19f7e62","local_time":"20180721224306","is_ascension_mode":true,"campfire_choices":[{"data":"Limit Break","floor":7,"key":"SMITH"}],"neow_cost":"NONE","seed_source_timestamp":633721712830976,"circlet_count":0,"master_deck":["Strike_R","Strike_R","Strike_R","Strike_R","Strike_R","Defend_R","Defend_R","Defend_R","Bash","Limit Break+1","Perfected Strike","Ghostly Armor","Offering","Shockwave","Impervious","Heavy Blade"],"relics":["Burning Blood","Oddly Smooth Stone","Calipers"],"potions_floor_usage":[6,6],"damage_taken":[{"damage":5,"enemies":"Jaw Worm","floor":1,"turns":5},{"damage":1,"enemies":"2 Louse","floor":2,"turns":2},{"damage":10,"enemies":"Small Slimes","floor":4,"turns":2},{"damage":16,"enemies":"Red Slaver","floor":5,"turns":5},{"damage":52,"enemies":"Gremlin Nob","floor":6,"turns":6},{"damage":9,"enemies":"Looter","floor":8,"turns":3},{"damage":31,"enemies":"Lagavulin","floor":11,"turns":7}],"seed_played":"1518823926674825610","potions_obtained":[{"floor":4,"key":"BloodPotion"},{"floor":5,"key":"SkillPotion"},{"floor":8,"key":"Explosive Potion"}],"is_trial":false,"path_per_floor":["M","M","$","M","M","E","R","M","T","$"],"character_chosen":"IRONCLAD","items_purchased":["Offering"],"campfire_rested":0,"item_purchase_floors":[3],"current_hp_per_floor":[80,80,80,76,66,28,28,25,25,25,0],"gold":28,"neow_bonus":"ONE_RANDOM_RARE_CARD","is_prod":false,"is_daily":false,"chose_seed":false,"campfire_upgraded":1,"win_rate":0,"timestamp":1532202186,"path_taken":["M","M","$","M","M","E","R","M","T","$","E"],"build_version":"2018-07-19v2","purchased_purges":1,"victory":false,"max_hp_per_floor":[80,80,80,80,80,80,80,80,80,80,80],"card_choices":[{"not_picked":["Corruption","Shrug It Off"],"picked":"Perfected Strike","floor":1},{"not_picked":["Clothesline","Metallicize"],"picked":"Ghostly Armor","floor":2},{"not_picked":["Combust","Anger","Corruption"],"picked":"SKIP","floor":4},{"not_picked":["Havoc","Combust"],"picked":"Shockwave","floor":5},{"not_picked":["Seeing Red","Havoc"],"picked":"Impervious","floor":6},{"not_picked":["Intimidate","Pommel Strike"],"picked":"Heavy Blade","floor":8}],"player_experience":159857,"relics_obtained":[{"floor":6,"key":"Oddly Smooth Stone"},{"floor":9,"key":"Calipers"}],"event_choices":[],"is_beta":false,"boss_relics":[],"items_purged_floors":[10],"is_endless":false,"potions_floor_spawned":[4,5,8],"killed_by":"Lagavulin","ascension_level":1}