{"gold_per_floor":[109,23,40,54,4,4,20,20,20,52,52,62,62,75,75,174,174,188,103,53,87,99,99,2,34,88,3,15,15,15,15],"floor_reached":31,"playtime":1611,"items_purged":["Strike_R","Defend_R","Strike_R","Defend_R","Defend_R"],"score":266,"play_id":"8760c9d9-c50c-4364-92ff-ff6ed8df32c0","local_time":"20190921185109","is_ascension_mode":true,"campfire_choices":[{"data":"Cleave","floor":6,"key":"SMITH"},{"data":"Bash","floor":8,"key":"SMITH"},{"data":"Inflame","floor":11,"key":"SMITH"},{"data":"Rupture","floor":15,"key":"SMITH"},{"data":"Armaments","floor":23,"key":"SMITH"},{"floor":29,"key":"REST"}],"neow_cost":"NONE","seed_source_timestamp":431972866472200,"circlet_count":0,"master_deck":["Bash+1","Cleave+1","Ghostly Armor","Ghostly Armor","Double Tap","Inflame+1","Cleave","Rupture+1","Combust","Brutality","Fiend Fire+1","Wild Strike+1","Double Tap+1","Armaments+1","Flex","Armaments","Spot Weakness","Spot Weakness","Sword Boomerang"],"relics":["Burning Blood","Smiling Mask","Meat on the Bone","Sundial","Astrolabe","Happy Flower","Red Mask","Omamori","Potion Belt"],"potions_floor_usage":[10,16,25,31],"damage_taken":[{"damage":1,"enemies":"Cultist","floor":1,"turns":4},{"damage":6,"enemies":"2 Louse","floor":3,"turns":2},{"damage":11,"enemies":"Jaw Worm","floor":4,"turns":4},{"damage":12,"enemies":"Blue Slaver","floor":7,"turns":3},{"damage":22,"enemies":"Gremlin Nob","floor":10,"turns":4},{"damage":3,"enemies":"Red Slaver","floor":12,"turns":3},{"damage":0,"enemies":"Exordium Thugs","floor":14,"turns":2},{"damage":33,"enemies":"Hexaghost","floor":16,"turns":8},{"damage":28,"enemies":"3 Byrds","floor":18,"turns":3},{"damage":0,"enemies":"Masked Bandits","floor":21,"turns":2},{"damage":11,"enemies":"2 Thieves","floor":22,"turns":3},{"damage":40,"enemies":"Gremlin Leader","floor":25,"turns":6},{"damage":34,"enemies":"3 Cultists","floor":28,"turns":4},{"damage":45,"enemies":"Snecko","floor":31,"turns":5}],"seed_played":"5554282300486538997","potions_obtained":[{"floor":4,"key":"Strength Potion"},{"floor":7,"key":"SteroidPotion"},{"floor":10,"key":"GamblersBrew"},{"floor":16,"key":"Dexterity Potion"},{"floor":21,"key":"Weak Potion"},{"floor":28,"key":"FearPotion"}],"is_trial":false,"path_per_floor":["M","$","M","M","$","R","M","R","T","E","R","M","?","M","R","B",null,"M","?","$","?","M","R","$","E","T","$","M","R","T","M"],"character_chosen":"IRONCLAD","items_purchased":["Ghostly Armor","Armaments","Spot Weakness"],"campfire_rested":1,"item_purchase_floors":[2,24,27],"current_hp_per_floor":[80,80,80,75,75,75,69,69,69,53,53,56,49,55,55,40,80,58,58,58,64,59,59,59,37,37,37,21,45,45,0],"gold":15,"neow_bonus":"RANDOM_COMMON_RELIC","is_prod":false,"is_daily":false,"chose_seed":false,"campfire_upgraded":5,"win_rate":0,"timestamp":1569117069,"path_taken":["M","$","M","M","$","R","M","R","T","E","R","M","?","M","R","BOSS","M","?","$","?","M","R","$","E","T","$","M","R","?","M"],"build_version":"2019-07-17","purchased_purges":5,"victory":false,"max_hp_per_floor":[80,80,80,80,80,80,80,80,80,80,80,80,80,80,80,80,80,80,80,80,80,80,80,80,80,80,80,80,80,80,80],"card_choices":[{"not_picked":["Clash","Sword Boomerang"],"picked":"Cleave","floor":1},{"not_picked":["Heavy Blade","True Grit"],"picked":"Ghostly Armor","floor":3},{"not_picked":["Twin Strike","Warcry"],"picked":"Double Tap","floor":4},{"not_picked":["Twin Strike","Thunderclap"],"picked":"Inflame","floor":7},{"not_picked":["Sword Boomerang","Havoc"],"picked":"Cleave","floor":10},{"not_picked":["Sword Boomerang","Clash"],"picked":"Rupture","floor":12},{"not_picked":["Dual Wield","Power Through"],"picked":"Combust","floor":14},{"not_picked":["Exhume","Double Tap"],"picked":"Brutality","floor":16},{"not_picked":["Burning Pact","Heavy Blade"],"picked":"Armaments","floor":18},{"not_picked":["Fiend Fire","Headbutt+1"],"picked":"Flex","floor":22},{"not_picked":["Shockwave","Power Through"],"picked":"Spot Weakness","floor":25},{"not_picked":["Warcry","Armaments"],"picked":"Sword Boomerang","floor":28}],"player_experience":164243,"relics_obtained":[{"floor":9,"key":"Meat on the Bone"},{"floor":10,"key":"Sundial"},{"floor":21,"key":"Red Mask"},{"floor":25,"key":"Omamori"},{"floor":30,"key":"Potion Belt"}],"event_choices":[{"cards_removed":["Defend_R"],"damage_healed":0,"gold_gain":0,"player_choice":"Card Removal","damage_taken":7,"max_hp_gain":0,"max_hp_loss":0,"event_name":"Golden Wing","floor":13,"gold_loss":0},{"damage_healed":0,"gold_gain":0,"player_choice":"Obtained Relic","damage_taken":0,"relics_obtained":["Happy Flower"],"max_hp_gain":0,"max_hp_loss":0,"event_name":"Addict","floor":19,"gold_loss":85},{"damage_healed":0,"gold_gain":0,"player_choice":"Fought Bandits","damage_taken":0,"max_hp_gain":0,"max_hp_loss":0,"event_name":"Masked Bandits","floor":21,"gold_loss":0}],"is_beta":false,"boss_relics":[{"not_picked":["Busted Crown","Ectoplasm"],"picked":"Astrolabe"}],"items_purged_floors":[2,5,20,24,27],"is_endless":false,"potions_floor_spawned":[4,7,10,16,21,28],"killed_by":"Snecko","ascension_level":1}