{"gold_per_floor":[117,130,143,3,3,15,42,54,66,88,117,157,187,214,226,333,345,373,385,409,441,95,95,128,128,128,128,140,152,208,123,123,218,218,235,248,348,363,373,402,402,414,465,497,397,497,497,516,516,516,516,516,160,187,187],"floor_reached":56,"playtime":2723,"items_purged":["Strike_B+1","Dualcast","Sweeping Beam"],"score":1253,"play_id":"b7f52b87-66fd-4bd5-8951-0e59326c0c7a","local_time":"20190603131102","is_ascension_mode":false,"campfire_choices":[{"data":"Zap","floor":6,"key":"SMITH"},{"data":"Ball Lightning","floor":8,"key":"SMITH"},{"data":"Thunder Strike","floor":15,"key":"SMITH"},{"data":"Defragment","floor":23,"key":"SMITH"},{"data":"Beam Cell","floor":27,"key":"SMITH"},{"data":"Hologram","floor":32,"key":"SMITH"},{"floor":41,"key":"REST"},{"floor":49,"key":"RECALL"},{"data":"Machine Learning","floor":52,"key":"SMITH"}],"neow_cost":"PERCENT_DAMAGE","seed_source_timestamp":518963904116366,"circlet_count":0,"master_deck":["Defend_B+1","Defend_B+1","Defend_B+1","Defend_B+1","Zap+1","Ball Lightning+1","Ball Lightning","Thunder Strike+1","Steam","Leap","Hologram+1","Electrodynamics","Glacier","Machine Learning+1","Reinforced Body","Skim","Defragment+1","Beam Cell+1","Skim","Auto Shields+1","Fission","Static Discharge+1","Rebound+1","Hyperbeam+1","Conserve Battery+1","Go for the Eyes+1","Tempest","Capacitor+1","Coolheaded+1","Finesse","Force Field+1"],"relics":["Cracked Core","MawBank","Question Card","Pantograph","Sozu","Chemical X","Bronze Scales","Enchiridion","Tiny Chest","Blood Vial","Astrolabe","Pen Nib","Centennial Puzzle","Mango","Oddly Smooth Stone","Mummified Hand"],"potions_floor_usage":[24,40,55],"damage_taken":[{"damage":1,"enemies":"Cultist","floor":1,"turns":3},{"damage":1,"enemies":"Jaw Worm","floor":2,"turns":3},{"damage":0,"enemies":"2 Louse","floor":3,"turns":3},{"damage":10,"enemies":"Looter","floor":7,"turns":2},{"damage":11,"enemies":"Lots of Slimes","floor":10,"turns":3},{"damage":3,"enemies":"Blue Slaver","floor":11,"turns":3},{"damage":24,"enemies":"Lagavulin","floor":12,"turns":4},{"damage":0,"enemies":"Large Slime","floor":13,"turns":4},{"damage":1,"enemies":"Exordium Thugs","floor":14,"turns":3},{"damage":18,"enemies":"The Guardian","floor":16,"turns":10},{"damage":6,"enemies":"Shell Parasite","floor":18,"turns":6},{"damage":0,"enemies":"Spheric Guardian","floor":20,"turns":3},{"damage":8,"enemies":"Snake Plant","floor":21,"turns":5},{"damage":4,"enemies":"Slavers","floor":24,"turns":4},{"damage":0,"enemies":"Centurion and Healer","floor":28,"turns":4},{"damage":3,"enemies":"Sentry and Sphere","floor":29,"turns":3},{"damage":18,"enemies":"Gremlin Leader","floor":30,"turns":6},{"damage":18,"enemies":"Champ","floor":33,"turns":7},{"damage":1,"enemies":"Orb Walker","floor":35,"turns":3},{"damage":30,"enemies":"3 Shapes","floor":36,"turns":4},{"damage":0,"enemies":"Sphere and 2 Shapes","floor":38,"turns":4},{"damage":0,"enemies":"Maw","floor":39,"turns":5},{"damage":32,"enemies":"Reptomancer","floor":40,"turns":5},{"damage":0,"enemies":"Jaw Worm Horde","floor":42,"turns":2},{"damage":1,"enemies":"Giant Head","floor":44,"turns":7},{"damage":12,"enemies":"Mind Bloom Boss Battle","floor":46,"turns":4},{"damage":0,"enemies":"Spire Growth","floor":48,"turns":5},{"damage":44,"enemies":"Awakened One","floor":50,"turns":11},{"damage":27,"enemies":"Shield and Spear","floor":54,"turns":4},{"damage":81,"enemies":"The Heart","floor":55,"turns":8}],"seed_played":"-8979821927236673291","potions_obtained":[{"floor":2,"key":"SteroidPotion"},{"floor":7,"key":"LiquidBronze"},{"floor":14,"key":"GamblersBrew"},{"floor":16,"key":"SkillPotion"}],"is_trial":false,"path_per_floor":["M","M","M","$","?","R","M","R","T","M","M","E","M","M","R","B",null,"M","?","M","M","$","R","E","?","T","R","M","M","E","?","R","B",null,"M","M","?","M","M","E","R","M","T","E","$","?","?","M","R","B",null,"R","$","E","B",null],"character_chosen":"DEFECT","items_purchased":["Thunder Strike","Chemical X","Defragment","Oddly Smooth Stone","Finesse"],"campfire_rested":1,"item_purchase_floors":[4,22,22,53,53],"current_hp_per_floor":[67,66,66,66,66,66,56,56,56,45,42,18,18,17,17,24,89,83,83,83,75,75,75,71,55,55,55,55,52,34,34,34,43,89,88,59,59,61,63,33,59,61,61,62,62,91,91,93,93,59,103,103,103,76,22],"gold":187,"neow_bonus":"TWENTY_PERCENT_HP_BONUS","is_prod":false,"is_daily":false,"chose_seed":false,"campfire_upgraded":7,"win_rate":0,"timestamp":1559563862,"path_taken":["M","M","M","$","?","R","?","R","T","M","M","E","M","M","R","BOSS","M","?","M","M","$","R","E","?","T","R","M","M","E","?","R","BOSS","M","M","?","?","M","E","R","?","T","E","$","?","?","?","R","BOSS","R","$","E","BOSS"],"build_version":"2019-01-23","purchased_purges":3,"victory":true,"max_hp_per_floor":[89,89,89,89,89,89,89,89,89,89,89,89,89,89,89,89,89,89,89,89,89,89,89,89,89,89,89,89,89,89,89,89,89,89,89,89,89,89,89,89,89,89,89,89,89,103,103,103,103,103,103,103,103,103,103],"card_choices":[{"not_picked":["Tempest","Redo"],"picked":"Sweeping Beam","floor":1},{"not_picked":["Capacitor","Beam Cell"],"picked":"Ball Lightning","floor":2},{"not_picked":["Tempest","Conserve Battery"],"picked":"Ball Lightning","floor":3},{"not_picked":["Aggregate","Darkness"],"picked":"Steam","floor":7},{"not_picked":["Barrage","Cold Snap","Core Surge"],"picked":"Leap","floor":10},{"not_picked":["Static Discharge","Redo","Blizzard"],"picked":"Hologram","floor":11},{"not_picked":["Beam Cell","Reboot","Turbo","Go for the Eyes"],"picked":"SKIP","floor":12},{"not_picked":["Fusion","Ball Lightning","Redo"],"picked":"Electrodynamics","floor":13},{"not_picked":["Sweeping Beam","Force Field","Rebound"],"picked":"Glacier","floor":14},{"not_picked":["Thunder Strike","Core Surge","Multi-Cast"],"picked":"Machine Learning","floor":16},{"not_picked":["Stack+1","Blizzard","Rebound"],"picked":"Reinforced Body","floor":18},{"not_picked":["Redo","Gash","Steam"],"picked":"Skim","floor":20},{"not_picked":["Coolheaded","FTL","Redo"],"picked":"Ball Lightning","floor":21},{"not_picked":["Compile Driver","Rebound","Reboot"],"picked":"Beam Cell","floor":24},{"not_picked":["Doom and Gloom+1","Leap","Compile Driver"],"picked":"Skim","floor":28},{"not_picked":["Stack","Gash","Double Energy"],"picked":"Auto Shields+1","floor":29},{"not_picked":["Gash","Lockon","Glacier","Darkness"],"picked":"SKIP","floor":30},{"not_picked":["Meteor Strike","Biased Cognition","Reboot"],"picked":"Fission","floor":33},{"not_picked":["Heatsinks+1","Cold Snap+1","Auto Shields"],"picked":"Conserve Battery+1","floor":35},{"not_picked":["Scrape+1","Turbo+1","Redo","Leap"],"picked":"SKIP","floor":36},{"not_picked":["Lockon","BootSequence","White Noise","Barrage+1"],"picked":"SKIP","floor":38},{"not_picked":["Reboot","Cold Snap+1","Steam"],"picked":"Go for the Eyes+1","floor":39},{"not_picked":["Leap","Rip and Tear","Melter","Streamline+1"],"picked":"SKIP","floor":40},{"not_picked":["Reinforced Body","Self Repair+1","Beam Cell"],"picked":"Tempest","floor":42},{"not_picked":["Streamline","Reprogram","Gash+1","Force Field"],"picked":"SKIP","floor":44},{"not_picked":["Coolheaded","Barrage","Redo"],"picked":"Capacitor+1","floor":46},{"not_picked":["Reprogram","Fusion+1","Undo"],"picked":"Coolheaded+1","floor":48},{"not_picked":["Gash","Steam Power","Darkness+1"],"picked":"Force Field+1","floor":54}],"player_experience":1560676,"relics_obtained":[{"floor":9,"key":"Question Card"},{"floor":12,"key":"Pantograph"},{"floor":24,"key":"Bronze Scales"},{"floor":25,"key":"Enchiridion"},{"floor":30,"key":"Tiny Chest"},{"floor":43,"key":"Pen Nib"},{"floor":44,"key":"Centennial Puzzle"},{"floor":46,"key":"Mango"},{"floor":54,"key":"Mummified Hand"}],"event_choices":[{"damage_healed":0,"gold_gain":0,"player_choice":"Gave Potion","damage_taken":0,"relics_obtained":["MawBank"],"max_hp_gain":0,"max_hp_loss":0,"event_name":"WeMeetAgain","floor":5,"gold_loss":0},{"damage_healed":0,"gold_gain":0,"player_choice":"Simplicity","damage_taken":0,"max_hp_gain":0,"max_hp_loss":0,"event_name":"Back to Basics","floor":19,"gold_loss":0,"cards_upgraded":["Strike_B","Strike_B","Strike_B","Strike_B","Defend_B","Defend_B","Defend_B","Defend_B"]},{"damage_healed":0,"gold_gain":0,"player_choice":"Obtained Book","damage_taken":16,"max_hp_gain":0,"max_hp_loss":0,"event_name":"Cursed Tome","floor":25,"gold_loss":0},{"damage_healed":0,"gold_gain":0,"player_choice":"Obtained Relic","damage_taken":0,"relics_obtained":["Blood Vial"],"max_hp_gain":0,"max_hp_loss":0,"event_name":"Addict","floor":31,"gold_loss":85},{"damage_healed":0,"gold_gain":100,"player_choice":"Pray","damage_taken":0,"max_hp_gain":0,"max_hp_loss":0,"event_name":"Golden Shrine","floor":37,"gold_loss":0},{"damage_healed":0,"gold_gain":0,"player_choice":"Fight","damage_taken":0,"max_hp_gain":0,"max_hp_loss":0,"event_name":"MindBloom","floor":46,"gold_loss":0},{"cards_removed":["Ball Lightning"],"damage_healed":0,"gold_gain":0,"player_choice":"Removed Attack","damage_taken":0,"max_hp_gain":0,"max_hp_loss":0,"event_name":"Falling","floor":47,"gold_loss":0}],"is_beta":false,"boss_relics":[{"not_picked":["Philosopher\u0027s Stone","Orrery"],"picked":"Sozu"},{"not_picked":["Lizard Tail","Cursed Key"],"picked":"Astrolabe"}],"items_purged_floors":[22,45,53],"is_endless":false,"potions_floor_spawned":[2,7,14,16,18,24,29,30,33,38,40,44,46,48,54],"ascension_level":0}