{"gold_per_floor":[110,43,53,70,70,108,108,127,176,195,195,195,195,215,215,341,341,361,361,375,388,388,388,403,443,443,353,353,376,419,444,444,574,574,594,619,87,100,100,100,134,134,134,175,191,230,146,162,162,162,162,162,13,52,52],"floor_reached":56,"playtime":4687,"items_purged":["Envenom","Poisoned Stab+1"],"score":1379,"play_id":"65c963f9-1497-4de0-97a4-7b7ad6f6bdfa","local_time":"20190624001914","is_ascension_mode":false,"campfire_choices":[{"data":"Predator","floor":7,"key":"SMITH"},{"data":"Flechettes","floor":11,"key":"SMITH"},{"data":"Well Laid Plans","floor":15,"key":"SMITH"},{"data":"RitualDagger","floor":23,"key":"SMITH"},{"data":"Leg Sweep","floor":28,"key":"SMITH"},{"data":"Envenom","floor":32,"key":"SMITH"},{"data":"Wraith Form v2","floor":40,"key":"SMITH"},{"data":"Footwork","floor":42,"key":"SMITH"},{"floor":49,"key":"RECALL"},{"data":"Skewer","floor":52,"key":"SMITH"}],"neow_cost":"NONE","seed_source_timestamp":713412587058677,"circlet_count":0,"master_deck":["Survivor","Neutralize+1","Backflip","Flechettes+1","PiercingWail","Predator+1","Leg Sweep+1","Well Laid Plans+1","Malaise+1","Outmaneuver+1","Dodge and Roll+1","Backflip+1","RitualDagger+1","Deadly Poison+1","Deflect+1","Envenom+1","Adrenaline+1","Deadly Poison+1","Wraith Form v2+1","Tactician+1","Skewer+1","Footwork+1","Slice","Burst+1","Dash+1","Flying Knee+1","Venomology+1","Enlightenment+1","Dodge and Roll+1","Cloak And Dagger+1","Dagger Throw","Burst+1","hubris:Insight+1","Terror+1","After Image"],"relics":["Ring of the Serpent","Golden Idol","hubris:OldNail","Blood Vial","Toxic Egg 2","hubris:Icosahedron","Pear","Tough Bandages","hubris:PeanutButter","Pandora\u0027s Box","hubris:EmptyBottle","Happy Flower","Pantograph","Letter Opener","Pen Nib"],"potions_floor_usage":[16,30,38,38,41,41,41,41,44,45,46,46,48,48,50,50,50,50,50,50,54,54,55,55,55,55],"damage_taken":[{"damage":0,"enemies":"Cultist","floor":1,"turns":3},{"damage":0,"enemies":"Jaw Worm","floor":3,"turns":4},{"damage":0,"enemies":"Small Slimes","floor":4,"turns":4},{"damage":32,"enemies":"3 Sentries","floor":6,"turns":10},{"damage":0,"enemies":"3 Louse","floor":8,"turns":3},{"damage":2,"enemies":"Gremlin Gang","floor":10,"turns":4},{"damage":0,"enemies":"Large Slime","floor":14,"turns":4},{"damage":17,"enemies":"Slime Boss","floor":16,"turns":8},{"damage":3,"enemies":"3 Byrds","floor":18,"turns":6},{"damage":0,"enemies":"Chosen","floor":20,"turns":6},{"damage":0,"enemies":"Snecko","floor":21,"turns":6},{"damage":2,"enemies":"Shelled Parasite and Fungi","floor":24,"turns":7},{"damage":7,"enemies":"Gremlin Leader","floor":25,"turns":9},{"damage":0,"enemies":"Cultist and Chosen","floor":29,"turns":6},{"damage":0,"enemies":"Book of Stabbing","floor":30,"turns":7},{"damage":0,"enemies":"3 Cultists","floor":31,"turns":7},{"damage":23,"enemies":"hubris:MusketHawk","floor":33,"turns":11},{"damage":4,"enemies":"3 Darklings","floor":35,"turns":5},{"damage":0,"enemies":"3 Shapes","floor":36,"turns":4},{"damage":0,"enemies":"Sphere and 2 Shapes","floor":38,"turns":6},{"damage":0,"enemies":"Nemesis","floor":41,"turns":5},{"damage":2,"enemies":"Giant Head","floor":44,"turns":9},{"damage":0,"enemies":"3 Darklings","floor":45,"turns":6},{"damage":0,"enemies":"Reptomancer","floor":46,"turns":10},{"damage":0,"enemies":"Transient","floor":48,"turns":5},{"damage":0,"enemies":"Donu and Deca","floor":50,"turns":8},{"damage":3,"enemies":"Shield and Spear","floor":54,"turns":5},{"damage":53,"enemies":"The Heart","floor":55,"turns":9}],"seed_played":"-6048446700190198914","potions_obtained":[{"floor":6,"key":"EssenceOfSteel"},{"floor":8,"key":"Poison Potion"},{"floor":16,"key":"Strength Potion"},{"floor":18,"key":"Swift Potion"},{"floor":36,"key":"Block Potion"},{"floor":45,"key":"Strength Potion"}],"is_trial":false,"path_per_floor":["M","$","M","M","?","E","R","M","T","M","R","?","?","M","R","B",null,"M","?","M","M","?","R","M","E","T","?","R","M","E","M","R","B",null,"M","M","$","M","?","R","E","R","T","E","M","E","$","M","R","B",null,"R","$","E","B",null],"character_chosen":"THE_SILENT","items_purchased":["Flechettes","hubris:EmptyBottle","Venomology+1","Enlightenment+1","hubris:Insight+1","Fire Potion"],"campfire_rested":0,"item_purchase_floors":[2,37,37,37,47,53],"current_hp_per_floor":[70,70,70,70,65,33,33,33,33,33,33,30,30,32,32,17,65,62,62,64,65,59,59,59,64,64,64,64,66,68,70,70,49,75,71,73,73,75,71,71,71,71,71,69,71,71,71,71,71,71,71,71,71,68,18],"gold":52,"neow_bonus":"UPGRADE_CARD","is_prod":false,"is_daily":false,"chose_seed":false,"campfire_upgraded":9,"win_rate":0,"timestamp":1561331954,"path_taken":["M","$","M","?","?","E","R","M","T","M","R","?","?","M","R","BOSS","M","?","M","?","?","R","M","E","T","?","R","M","E","M","R","BOSS","M","M","$","?","?","R","E","R","T","E","M","E","$","M","R","BOSS","R","$","E","BOSS"],"build_version":"2019-01-23","purchased_purges":2,"victory":true,"max_hp_per_floor":[70,70,70,70,65,65,65,65,65,65,65,65,65,65,65,65,65,65,65,65,65,65,65,65,75,75,75,75,75,75,75,75,75,75,75,75,75,75,71,71,71,71,71,71,71,71,71,71,71,71,71,71,71,71,71],"card_choices":[{"not_picked":["PiercingWail","Underhanded Strike"],"picked":"Backflip","floor":1},{"not_picked":["Dagger Spray","Outmaneuver"],"picked":"PiercingWail","floor":3},{"not_picked":["Bullet Time","Concentrate"],"picked":"Predator","floor":4},{"not_picked":["Flying Knee","Poisoned Stab","hubris:Counter"],"picked":"SKIP","floor":6},{"not_picked":["Expertise","Finisher"],"picked":"Poisoned Stab","floor":8},{"not_picked":["Bane","Dagger Throw"],"picked":"Leg Sweep","floor":10},{"not_picked":["Setup+1","Unload"],"picked":"Well Laid Plans","floor":14},{"not_picked":["Burst+1","Wraith Form v2"],"picked":"Malaise+1","floor":16},{"not_picked":["PiercingWail+1","Blade Dance+1"],"picked":"Outmaneuver+1","floor":18},{"not_picked":["PiercingWail+1","Dagger Throw"],"picked":"Dodge and Roll+1","floor":20},{"not_picked":["Choke","Masterful Stab+1"],"picked":"Backflip+1","floor":21},{"not_picked":["Dodge and Roll+1","Distraction+1"],"picked":"Deadly Poison+1","floor":24},{"not_picked":["Finisher","Infinite Blades","Heel Hook"],"picked":"SKIP","floor":25},{"not_picked":["Acrobatics+1","Slice+1"],"picked":"Deflect+1","floor":29},{"not_picked":["Accuracy+1","hubris:SlightOfHand+1"],"picked":"Envenom","floor":30},{"not_picked":["Deflect+1","hubris:SlightOfHand+1","Poisoned Stab+1"],"picked":"SKIP","floor":31},{"not_picked":["Doppelganger+1","Tools of the Trade"],"picked":"Adrenaline+1","floor":33},{"not_picked":["Flying Knee+1","Finisher+1"],"picked":"Dash+1","floor":35},{"not_picked":["Slice","Sucker Punch"],"picked":"Flying Knee+1","floor":36},{"not_picked":["Distraction+1","Blade Dance+1","Predator"],"picked":"SKIP","floor":38},{"not_picked":["Sucker Punch+1","Setup+1"],"picked":"Dodge and Roll+1","floor":41},{"not_picked":["Sucker Punch","Dagger Spray"],"picked":"Cloak And Dagger+1","floor":44},{"not_picked":["Reflex+1","Deflect+1"],"picked":"Dagger Throw","floor":45},{"not_picked":["hubris:SlightOfHand+1","Flechettes"],"picked":"Burst+1","floor":46},{"not_picked":["Deadly Poison+1","Blur+1"],"picked":"Terror+1","floor":48},{"not_picked":["Poisoned Stab+1","Finisher+1"],"picked":"After Image","floor":54}],"player_experience":1638916,"relics_obtained":[{"floor":6,"key":"hubris:OldNail"},{"floor":9,"key":"Blood Vial"},{"floor":25,"key":"Pear"},{"floor":26,"key":"Tough Bandages"},{"floor":30,"key":"hubris:PeanutButter"},{"floor":41,"key":"Happy Flower"},{"floor":44,"key":"Pantograph"},{"floor":46,"key":"Letter Opener"},{"floor":54,"key":"Pen Nib"}],"event_choices":[{"damage_healed":0,"gold_gain":0,"player_choice":"Lose Max HP","damage_taken":0,"relics_obtained":["Golden Idol"],"max_hp_gain":0,"max_hp_loss":5,"event_name":"Golden Idol","floor":5,"gold_loss":0},{"damage_healed":0,"gold_gain":0,"player_choice":"Success","damage_taken":3,"relics_obtained":["Toxic Egg 2"],"max_hp_gain":0,"max_hp_loss":0,"event_name":"Scrap Ooze","floor":12,"gold_loss":0},{"cards_removed":["Strike_G"],"damage_healed":0,"gold_gain":0,"player_choice":"Forget","damage_taken":0,"max_hp_gain":0,"max_hp_loss":0,"event_name":"Living Wall","floor":13,"gold_loss":0},{"damage_healed":0,"gold_gain":0,"player_choice":"Joined the Cult","damage_taken":6,"max_hp_gain":0,"max_hp_loss":0,"event_name":"Nest","floor":22,"gold_loss":0,"cards_obtained":["RitualDagger"]},{"cards_removed":["Strike_G"],"damage_healed":0,"gold_gain":0,"player_choice":"Upgrade and Remove","damage_taken":0,"max_hp_gain":0,"max_hp_loss":0,"event_name":"Designer","floor":27,"gold_loss":90,"cards_upgraded":["Poisoned Stab"]},{"damage_healed":0,"gold_gain":0,"player_choice":"Max HP","damage_taken":0,"max_hp_gain":0,"max_hp_loss":4,"event_name":"Winding Halls","floor":39,"gold_loss":0}],"is_beta":false,"boss_relics":[{"not_picked":["Tiny House","Philosopher\u0027s Stone"],"picked":"Ring of the Serpent"},{"not_picked":["Busted Crown","Orrery"],"picked":"Pandora\u0027s Box"}],"items_purged_floors":[37,53],"is_endless":false,"potions_floor_spawned":[6,8,16,18,21,24,29,36,44,45,46,48],"ascension_level":0}