{"gold_per_floor":[110,9,9,29,40,40,60,25,71,98,110,122,146,158,170,182],"floor_reached":16,"playtime":1370,"items_purged":["Strike_R"],"score":100,"play_id":"d751d112-110f-453c-91c4-cb863c1e52d1","local_time":"20191006053323","is_ascension_mode":false,"campfire_choices":[{"data":"Seeing Red","floor":6,"key":"SMITH"},{"data":"Entrench","floor":12,"key":"SMITH"},{"data":"Uppercut","floor":15,"key":"SMITH"}],"neow_cost":"NONE","seed_source_timestamp":201943314742600,"circlet_count":0,"master_deck":["Strike_R","Strike_R","Strike_R","Strike_R","Defend_R","Defend_R","Defend_R","Defend_R","Seeing Red+1","Cleave","Shrug It Off","Headbutt","Heavy Blade","Entrench+1","Uppercut+1"],"relics":["Burning Blood","Juzu Bracelet","MawBank","Centennial Puzzle"],"potions_floor_usage":[10,10],"damage_taken":[{"damage":6,"enemies":"2 Louse","floor":1,"turns":4},{"damage":5,"enemies":"Small Slimes","floor":4,"turns":4},{"damage":1,"enemies":"Cultist","floor":5,"turns":4},{"damage":0,"enemies":"3 Louse","floor":7,"turns":2},{"damage":5,"enemies":"3 Sentries","floor":10,"turns":7},{"damage":3,"enemies":"Lots of Slimes","floor":13,"turns":3},{"damage":78,"enemies":"The Guardian","floor":16,"turns":17}],"seed_played":"7092510353406655413","potions_obtained":[{"floor":1,"key":"AttackPotion"},{"floor":4,"key":"EssenceOfSteel"}],"is_trial":false,"path_per_floor":["M","$","?","M","M","R","M","$","T","E","?","R","M","?","R","B"],"character_chosen":"IRONCLAD","items_purchased":["Cleave","Entrench"],"campfire_rested":0,"item_purchase_floors":[2,8],"current_hp_per_floor":[80,80,85,85,85,85,85,85,85,85,73,73,76,76,76,0],"gold":182,"neow_bonus":"REMOVE_CARD","is_prod":false,"is_daily":false,"chose_seed":false,"campfire_upgraded":3,"win_rate":0,"timestamp":1570361603,"path_taken":["M","$","?","M","M","R","M","$","T","E","?","R","M","?","R","BOSS"],"build_version":"2019-07-17","purchased_purges":1,"victory":false,"max_hp_per_floor":[80,80,85,85,85,85,85,85,85,85,85,85,85,85,85,85],"card_choices":[{"not_picked":["Infernal Blade","Shrug It Off"],"picked":"Seeing Red","floor":1},{"not_picked":["Anger","Twin Strike"],"picked":"Shrug It Off","floor":4},{"not_picked":["Reckless Charge","Sword Boomerang"],"picked":"Headbutt","floor":5},{"not_picked":["Hemokinesis","Sword Boomerang"],"picked":"Heavy Blade","floor":7},{"not_picked":["Whirlwind","Fire Breathing","Dropkick"],"picked":"SKIP","floor":10},{"not_picked":["Clothesline","Cleave"],"picked":"Uppercut","floor":13}],"player_experience":376414,"relics_obtained":[{"floor":9,"key":"Juzu Bracelet"},{"floor":10,"key":"MawBank"}],"event_choices":[{"damage_healed":0,"gold_gain":0,"player_choice":"Donut","damage_taken":0,"max_hp_gain":5,"max_hp_loss":0,"event_name":"Big Fish","floor":3,"gold_loss":0},{"damage_healed":0,"gold_gain":0,"player_choice":"Success","damage_taken":12,"relics_obtained":["Centennial Puzzle"],"max_hp_gain":0,"max_hp_loss":0,"event_name":"Scrap Ooze","floor":11,"gold_loss":0},{"damage_healed":0,"gold_gain":0,"player_choice":"Ignored","damage_taken":0,"max_hp_gain":0,"max_hp_loss":0,"event_name":"Golden Idol","floor":14,"gold_loss":0}],"is_beta":false,"boss_relics":[],"items_purged_floors":[2],"is_endless":false,"potions_floor_spawned":[1,4],"killed_by":"The Guardian","ascension_level":0}