{"gold_per_floor":[368,368,385,40,40,74,74,99,99,116,116,70,80,91,91,193,193,206,219,229,246,24,24,24,24,95,129,56,81,81,114,114,211,211,221,221,234,247,267,300,28,40,67,119,134,186,223,249,261,273,285,297,41,76,76],"floor_reached":55,"playtime":4652,"items_purged":["Strike_R"],"score":1054,"play_id":"68022c09-c2ce-4dca-ae69-b284f80c1154","local_time":"20191013135633","is_ascension_mode":true,"campfire_choices":[{"data":"Perfected Strike","floor":7.0,"key":"SMITH"},{"data":"Fire Breathing","floor":11.0,"key":"SMITH"},{"data":"Shrug It Off","floor":15.0,"key":"SMITH"},{"data":"True Grit","floor":23.0,"key":"SMITH"},{"floor":25.0,"key":"REST"},{"data":"Heavy Blade","floor":30.0,"key":"SMITH"},{"data":"Power Through","floor":32.0,"key":"SMITH"},{"floor":49.0,"key":"RECALL"},{"data":"Impervious","floor":52,"key":"SMITH"}],"neow_cost":"PERCENT_DAMAGE","seed_source_timestamp":0,"circlet_count":0,"master_deck":["Strike_R","Strike_R","Strike_R+1","Strike_R","Defend_R","Defend_R","Defend_R","Bash+1","Anger","Perfected Strike+1","Fire Breathing+1","Heavy Blade+1","Perfected Strike","Shrug It Off+1","Power Through","Demon Form","Impervious+1","Headbutt","True Grit","Warcry+1","Twin Strike","Shrug It Off","True Grit+1","Inflame+1","Evolve+1","Power Through+1","Offering","Wild Strike+1","Intimidate","Disarm+1","Metallicize+1","Headbutt","Shockwave+1","Armaments+1","Corruption+1","Power Through+1","Seeing Red+1","Headbutt+1"],"special_seed":0,"relics":["Burning Blood","Torii","Shuriken","Self Forming Clay","Matryoshka","Philosopher\u0027s Stone","Bag of Preparation","Orichalcum","Frozen Egg 2","Centennial Puzzle","Lantern","Incense Burner","Sozu","Toxic Egg 2","Bronze Scales","Blood Vial","Magic Flower","MawBank","Pocketwatch","Frozen Eye","Art of War"],"potions_floor_usage":[54],"damage_taken":[{"damage":0.0,"enemies":"Small Slimes","floor":1.0,"turns":3.0},{"damage":6.0,"enemies":"2 Louse","floor":3.0,"turns":3.0},{"damage":20.0,"enemies":"Lagavulin","floor":6.0,"turns":7.0},{"damage":12.0,"enemies":"Gremlin Nob","floor":8.0,"turns":3.0},{"damage":7.0,"enemies":"Jaw Worm","floor":10.0,"turns":2.0},{"damage":3.0,"enemies":"Lots of Slimes","floor":13.0,"turns":4.0},{"damage":0.0,"enemies":"Large Slime","floor":14.0,"turns":4.0},{"damage":21.0,"enemies":"The Guardian","floor":16.0,"turns":7.0},{"damage":0.0,"enemies":"Chosen","floor":18.0,"turns":4.0},{"damage":25.0,"enemies":"2 Thieves","floor":19.0,"turns":3.0},{"damage":22.0,"enemies":"Shelled Parasite and Fungi","floor":20.0,"turns":4.0},{"damage":14.0,"enemies":"3 Cultists","floor":21.0,"turns":6.0},{"damage":32.0,"enemies":"Slavers","floor":27.0,"turns":4.0},{"damage":1.0,"enemies":"Gremlin Leader","floor":29.0,"turns":5.0},{"damage":15.0,"enemies":"Slavers","floor":31.0,"turns":3.0},{"damage":20.0,"enemies":"Automaton","floor":33.0,"turns":7.0},{"damage":1.0,"enemies":"Orb Walker","floor":35.0,"turns":2.0},{"damage":11.0,"enemies":"3 Shapes","floor":37.0,"turns":8.0},{"damage":12.0,"enemies":"Jaw Worm Horde","floor":38.0,"turns":5.0},{"damage":6.0,"enemies":"Transient","floor":39.0,"turns":5.0},{"damage":23.0,"enemies":"Nemesis","floor":40.0,"turns":5.0},{"damage":7.0,"enemies":"4 Shapes","floor":42.0,"turns":5.0},{"damage":2.0,"enemies":"2 Orb Walkers","floor":44.0,"turns":6.0},{"damage":1.0,"enemies":"Maw","floor":45.0,"turns":6.0},{"damage":45.0,"enemies":"Giant Head","floor":47.0,"turns":7.0},{"damage":11.0,"enemies":"Sphere and 2 Shapes","floor":48.0,"turns":6.0},{"damage":14,"enemies":"Donu and Deca","floor":50,"turns":7},{"damage":50,"enemies":"Shield and Spear","floor":54,"turns":6},{"damage":36,"enemies":"The Heart","floor":55,"turns":5}],"seed_played":"-6028479766824959143","potions_obtained":[{"floor":6.0,"key":"EssenceOfSteel"},{"floor":8.0,"key":"Regen Potion"},{"floor":13.0,"key":"GamblersBrew"},{"floor":14.0,"key":"FearPotion"},{"floor":18.0,"key":"Poison Potion"},{"floor":19.0,"key":"FearPotion"},{"floor":20.0,"key":"Strength Potion"},{"floor":27.0,"key":"BloodPotion"},{"floor":33.0,"key":"AttackPotion"}],"is_trial":false,"path_per_floor":["M","?","M","$","?","E","R","E","T","M","R","$","M","M","R","B",null,"M","M","M","M","$","R","?","R","T","E","$","E","R","E","R","B",null,"M","?","M","M","M","E","$","M","T","?","M","T","E","M","R","B",null,"R","$","E","B"],"character_chosen":"IRONCLAD","items_purchased":["Torii","Fire Breathing","Shrug It Off","Bag of Preparation","Shrug It Off","True Grit","Evolve+1","Bronze Scales","Headbutt","Frozen Eye","Seeing Red+1"],"campfire_rested":1,"item_purchase_floors":[4,4,12,22,22,22,28,41,41,53,53],"current_hp_per_floor":[57,41,41,41,67,53,53,47,47,46,46,46,49,55,55,55,74,80,61,45,37,37,37,37,61,61,35,35,60,60,51,51,37,69,74,74,69,63,63,46,46,45,45,51,62,62,29,30,30,28,67,67,67,29,0],"gold":76,"neow_bonus":"TWO_FIFTY_GOLD","is_prod":false,"is_daily":false,"chose_seed":false,"campfire_upgraded":7,"win_rate":0,"timestamp":1571000193,"path_taken":["M","?","M","$","?","E","R","E","T","M","R","?","?","M","R","BOSS","M","M","M","M","$","R","?","R","T","E","$","E","R","E","R","BOSS","M","?","M","M","M","E","$","M","T","?","M","?","E","M","R","BOSS","R","$","E","BOSS"],"build_version":"2019-07-17","purchased_purges":1,"victory":false,"max_hp_per_floor":[80,80,80,80,80,80,80,80,80,80,80,80,80,80,80,80,80,80,80,80,80,80,80,80,80,80,80,80,80,80,80,80,80,80,80,80,80,80,80,80,80,80,80,80,80,80,80,80,80,80,80,80,80,80,80],"card_choices":[{"not_picked":["True Grit","Armaments"],"picked":"Anger","floor":1.0},{"not_picked":["Anger","Warcry"],"picked":"Perfected Strike","floor":3.0},{"not_picked":["Fire Breathing","Sever Soul"],"picked":"Heavy Blade","floor":6.0},{"not_picked":["Anger","Havoc"],"picked":"Twin Strike","floor":8.0},{"not_picked":["Sword Boomerang","Shockwave"],"picked":"Perfected Strike","floor":10.0},{"not_picked":["Whirlwind","Second Wind"],"picked":"Power Through","floor":13.0},{"not_picked":["Twin Strike","Carnage"],"picked":"Demon Form","floor":14.0},{"not_picked":["Exhume","Demon Form"],"picked":"Impervious","floor":16.0},{"not_picked":["Flex","Sentinel"],"picked":"Headbutt","floor":18.0},{"not_picked":["Iron Wave","Cleave"],"picked":"True Grit","floor":19.0},{"not_picked":["Second Wind+1","Shrug It Off"],"picked":"Warcry+1","floor":20.0},{"not_picked":["Heavy Blade","Bloodletting"],"picked":"Twin Strike","floor":21.0},{"not_picked":["Pommel Strike","Disarm+1"],"picked":"Inflame+1","floor":27.0},{"not_picked":["True Grit","Carnage"],"picked":"Power Through","floor":29.0},{"not_picked":["Clothesline","Exhume","Immolate"],"picked":"SKIP","floor":31.0},{"not_picked":["Feed","Double Tap"],"picked":"Offering","floor":33.0},{"not_picked":["Bloodletting+1","Clothesline+1","Warcry"],"picked":"SKIP","floor":35.0},{"not_picked":["Feel No Pain+1","Pummel+1"],"picked":"Wild Strike+1","floor":37.0},{"not_picked":["Cleave","Twin Strike"],"picked":"Intimidate","floor":38.0},{"not_picked":["Anger+1","Rampage"],"picked":"Disarm+1","floor":39.0},{"not_picked":["Feed","Fire Breathing+1"],"picked":"Metallicize+1","floor":40.0},{"not_picked":["Sword Boomerang+1","Heavy Blade"],"picked":"Shockwave+1","floor":42.0},{"not_picked":["Sword Boomerang+1","Searing Blow+1"],"picked":"Armaments+1","floor":44.0},{"not_picked":["Rage+1","Body Slam+1"],"picked":"Corruption+1","floor":45.0},{"not_picked":["Wild Strike+1","Thunderclap"],"picked":"Power Through+1","floor":47.0},{"not_picked":["Intimidate+1","Clothesline+1","Anger+1"],"picked":"SKIP","floor":48.0},{"not_picked":["Sword Boomerang","Flex+1"],"picked":"Headbutt+1","floor":54}],"player_experience":308679,"relics_obtained":[{"floor":6.0,"key":"Shuriken"},{"floor":8.0,"key":"Self Forming Clay"},{"floor":9.0,"key":"Matryoshka"},{"floor":26.0,"key":"Orichalcum"},{"floor":26.0,"key":"Frozen Egg 2"},{"floor":27.0,"key":"Centennial Puzzle"},{"floor":29.0,"key":"Lantern"},{"floor":31.0,"key":"Incense Burner"},{"floor":40.0,"key":"Toxic Egg 2"},{"floor":43.0,"key":"Blood Vial"},{"floor":44.0,"key":"Magic Flower"},{"floor":46.0,"key":"MawBank"},{"floor":47.0,"key":"Pocketwatch"},{"floor":54,"key":"Art of War"}],"event_choices":[{"damage_healed":0.0,"max_hp_gain":0.0,"max_hp_loss":0.0,"gold_gain":0.0,"event_name":"Shining Light","player_choice":"Entered Light","floor":2.0,"gold_loss":0.0,"damage_taken":16.0,"cards_upgraded":["Strike_R","Bash"]},{"damage_healed":26.0,"max_hp_gain":0.0,"max_hp_loss":0.0,"gold_gain":0.0,"event_name":"Big Fish","player_choice":"Banana","floor":5.0,"gold_loss":0.0,"damage_taken":0.0},{"cards_removed":["Defend_R"],"damage_healed":0.0,"max_hp_gain":0.0,"max_hp_loss":0.0,"gold_gain":0.0,"event_name":"Bonfire Elementals","player_choice":"Offered Basic","floor":24.0,"gold_loss":0.0,"damage_taken":0.0},{"cards_removed":["Twin Strike"],"damage_healed":0.0,"max_hp_gain":0.0,"max_hp_loss":0.0,"gold_gain":0.0,"event_name":"Falling","player_choice":"Removed Attack","floor":36.0,"gold_loss":0.0,"damage_taken":0.0},{"damage_healed":0.0,"max_hp_gain":0.0,"max_hp_loss":0.0,"gold_gain":0.0,"event_name":"Mysterious Sphere","player_choice":"Fight","floor":44.0,"gold_loss":0.0,"damage_taken":0.0}],"is_beta":false,"boss_relics":[{"not_picked":["Calling Bell","Eternal Feather"],"picked":"Philosopher\u0027s Stone"},{"not_picked":["Lizard Tail","Velvet Choker"],"picked":"Sozu"}],"items_purged_floors":[41],"is_endless":false,"potions_floor_spawned":[6,8,13,14,18,19,20,27,33,35,37,39,42,47,48,54],"killed_by":"The Heart","ascension_level":6}