{"gold_per_floor":[116,129,129,129,148,177,177,197,252,252,129,149,182,202,202,301,301,317,317,342,362,381,381,396,184,207,242,242,292,292,302,302,405,405,423,423,116,132,132,132,147,157,157,157,183,183,46,46,46,46],"floor_reached":51,"playtime":2031,"items_purged":["Strike_R","Bite","Bash"],"score":848,"play_id":"586962a8-5f78-4eed-b346-5c345ff4ee42","local_time":"20190413190526","is_ascension_mode":true,"campfire_choices":[{"data":"Havoc","floor":7,"key":"SMITH"},{"data":"Armaments","floor":15,"key":"SMITH"},{"data":"Bite","floor":23,"key":"PURGE"},{"data":"Bite","floor":28,"key":"PURGE"},{"data":"Bite","floor":30,"key":"PURGE"},{"data":"Bite","floor":32,"key":"PURGE"},{"data":"Armaments","floor":40,"key":"SMITH"},{"data":"Havoc","floor":44,"key":"SMITH"},{"data":"Whirlwind","floor":46,"key":"SMITH"},{"data":"Inflame","floor":49,"key":"SMITH"}],"neow_cost":"TEN_PERCENT_HP_LOSS","seed_source_timestamp":0,"circlet_count":0,"master_deck":["Defend_R","Defend_R","Defend_R","Battle Trance","Shockwave","Second Wind","Havoc+1","Havoc","Corruption","Armaments+1","Flame Barrier","Juggernaut","Armaments+1","Infernal Blade","Shrug It Off","Infernal Blade","Intimidate","Juggernaut","Infernal Blade+1","Madness","Madness","Havoc+1","Thinking Ahead","Whirlwind+1","Shockwave+1","Seeing Red","Inflame+1"],"relics":["Burning Blood","Dead Branch","Smiling Mask","Tiny Chest","Lantern","Peace Pipe","Busted Crown","Boot","Dream Catcher","Du-Vu Doll","Art of War","Mark of Pain","Letter Opener","Vajra","Bag of Preparation"],"potions_floor_usage":[6,13,14,22,22,27,27,31,31,50],"damage_taken":[{"damage":1,"enemies":"Cultist","floor":1,"turns":4},{"damage":7,"enemies":"2 Louse","floor":2,"turns":3},{"damage":14,"enemies":"Small Slimes","floor":5,"turns":4},{"damage":20,"enemies":"3 Sentries","floor":6,"turns":9},{"damage":9,"enemies":"2 Fungi Beasts","floor":8,"turns":4},{"damage":1,"enemies":"Blue Slaver","floor":12,"turns":2},{"damage":6,"enemies":"Lagavulin","floor":13,"turns":3},{"damage":0,"enemies":"Lots of Slimes","floor":14,"turns":1},{"damage":4,"enemies":"The Guardian","floor":16,"turns":3},{"damage":10,"enemies":"2 Thieves","floor":18,"turns":4},{"damage":8,"enemies":"Spheric Guardian","floor":21,"turns":3},{"damage":3,"enemies":"3 Cultists","floor":22,"turns":2},{"damage":0,"enemies":"Cultist and Chosen","floor":24,"turns":3},{"damage":22,"enemies":"Gremlin Leader","floor":27,"turns":4},{"damage":0,"enemies":"Snake Plant","floor":31,"turns":1},{"damage":23,"enemies":"Automaton","floor":33,"turns":6},{"damage":0,"enemies":"3 Shapes","floor":35,"turns":3},{"damage":3,"enemies":"Orb Walker","floor":38,"turns":1},{"damage":0,"enemies":"Sphere and 2 Shapes","floor":41,"turns":1},{"damage":3,"enemies":"4 Shapes","floor":42,"turns":3},{"damage":0,"enemies":"Awakened One","floor":50,"turns":5}],"seed_played":"5195854280559570815","potions_obtained":[{"floor":5,"key":"PowerPotion"},{"floor":6,"key":"Weak Potion"},{"floor":13,"key":"SkillPotion"},{"floor":21,"key":"EntropicBrew"},{"floor":27,"key":"Swift Potion"},{"floor":35,"key":"FearPotion"},{"floor":38,"key":"BloodPotion"},{"floor":41,"key":"Swift Potion"}],"is_trial":false,"path_per_floor":["M","M","?","?","M","E","R","M","T","?","$","M","E","M","R","B",null,"M","?","T","M","M","R","M","$","T","E","R","T","R","M","R","B",null,"M","?","$","M","T","R","M","M","T","R","T","R","$","$","R","B",null],"character_chosen":"IRONCLAD","items_purchased":["Corruption","Infernal Blade","Intimidate","PowerPotion","Havoc","Thinking Ahead","SkillPotion","Seeing Red","Inflame"],"campfire_rested":0,"item_purchase_floors":[11,25,25,25,37,37,37,47,47],"current_hp_per_floor":[72,71,64,64,56,42,42,39,39,36,36,41,41,47,47,49,72,68,50,50,48,50,50,50,50,50,36,36,36,36,42,42,25,50,50,44,44,47,47,47,50,50,50,50,50,50,50,50,50,50],"gold":46,"neow_bonus":"ONE_RARE_RELIC","is_prod":false,"is_daily":false,"chose_seed":true,"campfire_upgraded":6,"win_rate":0,"timestamp":1555171526,"path_taken":["M","M","?","?","M","E","R","M","T","?","$","M","E","M","R","BOSS","M","?","?","M","?","R","M","$","T","E","R","?","R","M","R","BOSS","M","?","$","M","?","R","M","?","T","R","?","R","?","$","R","BOSS"],"build_version":"2019-01-23","purchased_purges":3,"victory":true,"max_hp_per_floor":[72,72,72,72,72,72,72,72,72,72,72,72,72,72,72,72,72,72,50,50,50,50,50,50,50,50,50,50,50,50,50,50,50,50,50,50,50,50,50,50,50,50,50,50,50,50,50,50,50,50],"card_choices":[{"not_picked":["Anger","Sword Boomerang"],"picked":"Battle Trance","floor":1},{"not_picked":["Combust","Body Slam"],"picked":"Shockwave","floor":2},{"not_picked":["Iron Wave","Flex"],"picked":"Second Wind","floor":5},{"not_picked":["True Grit","Cleave"],"picked":"Havoc","floor":6},{"not_picked":["Clash","Heavy Blade"],"picked":"Havoc","floor":8},{"not_picked":["Brutality","Reckless Charge"],"picked":"Armaments","floor":12},{"not_picked":["Rampage","Reckless Charge"],"picked":"Flame Barrier","floor":13},{"not_picked":["Wild Strike","Iron Wave","Blood for Blood"],"picked":"SKIP","floor":14},{"not_picked":["Bludgeon","Brutality"],"picked":"Juggernaut","floor":16},{"not_picked":["Heavy Blade"],"picked":"SKIP","floor":18},{"not_picked":[],"picked":"Armaments","floor":21},{"not_picked":[],"picked":"Infernal Blade","floor":22},{"not_picked":[],"picked":"Shrug It Off","floor":24},{"not_picked":["Immolate"],"picked":"SKIP","floor":27},{"not_picked":["Clash"],"picked":"SKIP","floor":31},{"not_picked":[],"picked":"Juggernaut","floor":33},{"not_picked":[],"picked":"Infernal Blade+1","floor":35},{"not_picked":[],"picked":"Whirlwind","floor":38},{"not_picked":["Clothesline+1"],"picked":"SKIP","floor":41},{"not_picked":[],"picked":"Shockwave+1","floor":42}],"player_experience":260885,"relics_obtained":[{"floor":6,"key":"Smiling Mask"},{"floor":9,"key":"Tiny Chest"},{"floor":13,"key":"Peace Pipe"},{"floor":20,"key":"Boot"},{"floor":26,"key":"Dream Catcher"},{"floor":27,"key":"Du-Vu Doll"},{"floor":29,"key":"Art of War"},{"floor":39,"key":"Letter Opener"},{"floor":43,"key":"Vajra"},{"floor":45,"key":"Bag of Preparation"}],"event_choices":[{"cards_removed":["Strike_R"],"damage_healed":0,"gold_gain":0,"player_choice":"Card Removal","damage_taken":7,"max_hp_gain":0,"max_hp_loss":0,"event_name":"Golden Wing","floor":3,"gold_loss":0},{"cards_removed":["Defend_R"],"damage_healed":0,"gold_gain":0,"player_choice":"Forget","damage_taken":0,"max_hp_gain":0,"max_hp_loss":0,"event_name":"Living Wall","floor":4,"gold_loss":0},{"damage_healed":0,"gold_gain":0,"player_choice":"Success","damage_taken":3,"relics_obtained":["Lantern"],"max_hp_gain":0,"max_hp_loss":0,"event_name":"Scrap Ooze","floor":10,"gold_loss":0},{"damage_healed":0,"gold_gain":0,"player_choice":"Became a vampire","damage_taken":0,"max_hp_gain":0,"max_hp_loss":22,"event_name":"Vampires","floor":19,"gold_loss":0,"cards_obtained":["Bite","Bite","Bite","Bite","Bite"]},{"damage_healed":0,"gold_gain":0,"player_choice":"Embrace Madness","damage_taken":6,"max_hp_gain":0,"max_hp_loss":0,"event_name":"Winding Halls","floor":36,"gold_loss":0,"cards_obtained":["Madness","Madness"]}],"is_beta":false,"boss_relics":[{"not_picked":["Calling Bell","Runic Dome"],"picked":"Busted Crown"},{"not_picked":["Eternal Feather","Sozu"],"picked":"Mark of Pain"}],"items_purged_floors":[11,25,37],"is_endless":false,"potions_floor_spawned":[5,6,13,21,27,35,38,41],"ascension_level":2}