{"gold_per_floor":[118,118,128,8,25,25,52,69,93,44,44,61,61,78,78,78],"floor_reached":16,"playtime":427,"items_purged":["Strike_R"],"score":112,"play_id":"6e43f422-6359-4b1a-bd51-800a8918b4c0","local_time":"20190413210628","is_ascension_mode":true,"campfire_choices":[{"data":"Rage","floor":6,"key":"SMITH"},{"data":"Armaments","floor":11,"key":"SMITH"},{"data":"Armaments","floor":15,"key":"SMITH"}],"neow_cost":"NONE","seed_source_timestamp":1824823847862800,"circlet_count":0,"master_deck":["Strike_R","Strike_R","Strike_R+1","Defend_R","Defend_R","Defend_R","Defend_R","Bash","Wild Strike+1","Cleave","Armaments+1","Rage+1","Headbutt+1","Reckless Charge","Armaments+1"],"relics":["Burning Blood","NeowsBlessing","Potion Belt","Whetstone"],"potions_floor_usage":[7,7,16,16,16,16],"damage_taken":[{"damage":0,"enemies":"Small Slimes","floor":1,"turns":1},{"damage":0,"enemies":"Cultist","floor":3,"turns":1},{"damage":0,"enemies":"Jaw Worm","floor":5,"turns":1},{"damage":21,"enemies":"Lagavulin","floor":7,"turns":6},{"damage":25,"enemies":"Large Slime","floor":8,"turns":8},{"damage":0,"enemies":"2 Fungi Beasts","floor":12,"turns":2},{"damage":11,"enemies":"Looter","floor":14,"turns":2},{"damage":41,"enemies":"Slime Boss","floor":16,"turns":13}],"seed_played":"-6641585699624101760","potions_obtained":[{"floor":1,"key":"FearPotion"},{"floor":3,"key":"GamblersBrew"},{"floor":5,"key":"Fire Potion"},{"floor":12,"key":"Weak Potion"},{"floor":14,"key":"Explosive Potion"}],"is_trial":false,"path_per_floor":["M","?","M","$","M","R","E","M","T","$","R","M","?","M","R","B"],"character_chosen":"IRONCLAD","items_purchased":["Armaments","SteroidPotion"],"campfire_rested":0,"item_purchase_floors":[4,10],"current_hp_per_floor":[80,80,80,80,80,80,65,46,46,46,46,52,45,40,40,0],"gold":78,"neow_bonus":"THREE_ENEMY_KILL","is_prod":false,"is_daily":false,"chose_seed":false,"campfire_upgraded":3,"win_rate":0,"timestamp":1555178788,"path_taken":["M","?","M","$","?","R","E","?","T","$","R","M","?","M","R","BOSS"],"build_version":"2019-01-23","purchased_purges":1,"victory":false,"max_hp_per_floor":[80,80,80,80,80,80,80,80,80,80,80,80,80,80,80,80],"card_choices":[{"not_picked":["Evolve","Pummel"],"picked":"Wild Strike","floor":1},{"not_picked":["Shrug It Off","Clash"],"picked":"Cleave","floor":3},{"not_picked":["Corruption","Clash"],"picked":"Rage","floor":5},{"not_picked":["Pummel","Hemokinesis"],"picked":"Headbutt","floor":7},{"not_picked":["Ghostly Armor","Warcry"],"picked":"Reckless Charge","floor":8},{"not_picked":["Perfected Strike","Anger","Pommel Strike"],"picked":"SKIP","floor":12},{"not_picked":["Dropkick","Intimidate"],"picked":"Armaments","floor":14}],"player_experience":269394,"relics_obtained":[{"floor":7,"key":"Potion Belt"},{"floor":9,"key":"Whetstone"}],"event_choices":[{"damage_healed":0,"gold_gain":0,"player_choice":"Upgraded","damage_taken":0,"max_hp_gain":0,"max_hp_loss":0,"event_name":"Upgrade Shrine","floor":2,"gold_loss":0,"cards_upgraded":["Wild Strike"]},{"cards_removed":["Strike_R"],"damage_healed":0,"gold_gain":0,"player_choice":"Card Removal","damage_taken":7,"max_hp_gain":0,"max_hp_loss":0,"event_name":"Golden Wing","floor":13,"gold_loss":0}],"is_beta":false,"boss_relics":[],"items_purged_floors":[4],"is_endless":false,"potions_floor_spawned":[1,3,5,12,14],"killed_by":"Slime Boss","ascension_level":2}