{"gold_per_floor":[114,114,133,143,123,153,173,198,246,246,263,279,307,319,319,319],"floor_reached":16,"playtime":678,"items_purged":[],"score":224,"play_id":"877dfb8e-8c61-44a6-8ae2-b93275c75da7","local_time":"20191012192955","is_ascension_mode":true,"campfire_choices":[{"data":"Infernal Blade","floor":10,"key":"SMITH"},{"floor":15,"key":"REST"}],"neow_cost":"NONE","seed_source_timestamp":542265410850500,"circlet_count":0,"master_deck":["Strike_R","Strike_R","Strike_R+1","Strike_R","Strike_R","Defend_R","Defend_R","Defend_R","Defend_R+1","Bash","Feed","Shrug It Off","Metallicize","Infernal Blade+1","Barricade+1"],"relics":["Burning Blood","Art of War","Frozen Egg 2","Strawberry","Lantern"],"potions_floor_usage":[6,6,6,6,8,8,16,16],"damage_taken":[{"damage":6,"enemies":"Cultist","floor":1,"turns":5},{"damage":14,"enemies":"2 Louse","floor":3,"turns":3},{"damage":16,"enemies":"Small Slimes","floor":4,"turns":5},{"damage":17,"enemies":"3 Sentries","floor":6,"turns":15},{"damage":7,"enemies":"Red Slaver","floor":7,"turns":5},{"damage":16,"enemies":"Lagavulin","floor":8,"turns":7},{"damage":0,"enemies":"2 Fungi Beasts","floor":11,"turns":6},{"damage":25,"enemies":"Exordium Thugs","floor":12,"turns":9},{"damage":19,"enemies":"Gremlin Nob","floor":13,"turns":5},{"damage":11,"enemies":"3 Louse","floor":14,"turns":4},{"damage":48,"enemies":"Hexaghost","floor":16,"turns":11}],"seed_played":"6477094933259920157","potions_obtained":[{"floor":1,"key":"GamblersBrew"},{"floor":4,"key":"Dexterity Potion"},{"floor":5,"key":"EntropicBrew"},{"floor":7,"key":"Energy Potion"},{"floor":11,"key":"LiquidBronze"},{"floor":12,"key":"Dexterity Potion"}],"is_trial":false,"path_per_floor":["M","?","M","M","?","E","M","E","T","R","M","M","E","M","R","B"],"character_chosen":"IRONCLAD","items_purchased":[],"campfire_rested":1,"item_purchase_floors":[],"current_hp_per_floor":[75,58,53,46,46,38,40,30,37,37,46,30,17,15,48,0],"gold":319,"neow_bonus":"ONE_RANDOM_RARE_CARD","is_prod":false,"is_daily":false,"chose_seed":false,"campfire_upgraded":1,"win_rate":0,"timestamp":1570897795,"path_taken":["M","?","M","M","?","E","?","E","T","R","M","M","E","M","R","BOSS"],"build_version":"2019-10-11","purchased_purges":0,"victory":false,"max_hp_per_floor":[83,83,86,89,89,92,95,95,102,102,105,108,108,111,111,111],"card_choices":[{"not_picked":["Searing Blow","Entrench","Clash"],"picked":"SKIP","floor":1},{"not_picked":["True Grit","Anger"],"picked":"Shrug It Off","floor":3},{"not_picked":["True Grit","Power Through"],"picked":"Metallicize","floor":4},{"not_picked":["Pommel Strike","Sword Boomerang"],"picked":"Infernal Blade","floor":6},{"not_picked":["Sword Boomerang","Bloodletting","Thunderclap"],"picked":"SKIP","floor":7},{"not_picked":["Dual Wield","Blood for Blood"],"picked":"Barricade","floor":8},{"not_picked":["Havoc","Thunderclap","Twin Strike"],"picked":"SKIP","floor":11},{"not_picked":["Sword Boomerang","Twin Strike","Pommel Strike"],"picked":"SKIP","floor":12},{"not_picked":["Barricade+1","Second Wind","Clash"],"picked":"SKIP","floor":13},{"not_picked":["Iron Wave","Whirlwind","Clothesline"],"picked":"SKIP","floor":14}],"player_experience":389282,"relics_obtained":[{"floor":6,"key":"Art of War"},{"floor":8,"key":"Frozen Egg 2"},{"floor":9,"key":"Strawberry"},{"floor":13,"key":"Lantern"}],"event_choices":[{"damage_healed":0,"gold_gain":0,"player_choice":"Entered Light","damage_taken":17,"max_hp_gain":0,"max_hp_loss":0,"event_name":"Shining Light","floor":2,"gold_loss":0,"cards_upgraded":["Strike_R","Defend_R"]},{"damage_healed":0,"gold_gain":0,"player_choice":"Bought 1 Potion","damage_taken":0,"max_hp_gain":0,"max_hp_loss":0,"event_name":"The Woman in Blue","floor":5,"gold_loss":0}],"is_beta":true,"boss_relics":[],"items_purged_floors":[],"is_endless":false,"potions_floor_spawned":[1,4,7,11,12],"killed_by":"Hexaghost","ascension_level":8}