{"gold_per_floor":[117,128,128,53,70,101,125,125,125,125,125,125,156,167,167,268,268,279,179,190,209,209,236,236,262,262,290,319,361,373,401,413,524,536,561,592,62,74,93,120,220,220,220,220,235,255,271,288,288,288],"floor_reached":51,"playtime":4196,"items_purged":["Decay","Strike_B","Strike_B+1"],"score":1078,"play_id":"b86a0785-0ee2-4fe9-9383-b71809d7d268","local_time":"20191011033615","is_ascension_mode":true,"campfire_choices":[{"floor":8.0,"key":"REST"},{"data":"Mind Blast","floor":10.0,"key":"SMITH"},{"data":"Genetic Algorithm","floor":12.0,"key":"SMITH"},{"data":"BootSequence","floor":15.0,"key":"SMITH"},{"floor":24.0,"key":"REST"},{"floor":30,"key":"REST"},{"data":"White Noise","floor":32,"key":"SMITH"},{"floor":44,"key":"REST"},{"floor":49,"key":"REST"}],"neow_cost":"CURSE","seed_source_timestamp":6503961870800,"circlet_count":0,"master_deck":["Defend_B","Defend_B","Defend_B","Zap","Dualcast+1","Thinking Ahead","Mind Blast+1","BootSequence+1","Compile Driver+1","Conserve Battery","Electrodynamics","Genetic Algorithm+1","Steam","Undo","Cold Snap","Core Surge","White Noise+1","Lockon+1","Buffer","Capacitor+1","Darkness","Electrodynamics","Leap+1","White Noise+1","Biased Cognition","Capacitor","Glacier","Master of Strategy","Loop","Conserve Battery","Storm","Heatsinks+1","Steam+1","Madness","Madness","Capacitor"],"special_seed":0,"relics":["Cracked Core","Mummified Hand","Odd Mushroom","PreservedInsect","Whetstone","Sozu","Dodecahedron","DataDisk","Oddly Smooth Stone","MawBank","Bag of Preparation","Empty Cage","Membership Card","Bottled Tornado","Juzu Bracelet","Du-Vu Doll","Question Card"],"potions_floor_usage":[50,50],"damage_taken":[{"damage":1.0,"enemies":"Cultist","floor":1.0,"turns":3.0},{"damage":4.0,"enemies":"Jaw Worm","floor":2.0,"turns":3.0},{"damage":0.0,"enemies":"Small Slimes","floor":5.0,"turns":2.0},{"damage":21.0,"enemies":"3 Sentries","floor":6.0,"turns":10.0},{"damage":0.0,"enemies":"The Mushroom Lair","floor":7.0,"turns":3.0},{"damage":13.0,"enemies":"Lagavulin","floor":13.0,"turns":4.0},{"damage":0.0,"enemies":"2 Fungi Beasts","floor":14.0,"turns":3.0},{"damage":18.0,"enemies":"Hexaghost","floor":16.0,"turns":10.0},{"damage":8.0,"enemies":"2 Thieves","floor":18.0,"turns":3.0},{"damage":4.0,"enemies":"3 Byrds","floor":20.0,"turns":4.0},{"damage":12.0,"enemies":"Snake Plant","floor":21.0,"turns":3.0},{"damage":9.0,"enemies":"Slavers","floor":23.0,"turns":5.0},{"damage":10.0,"enemies":"Gremlin Leader","floor":25.0,"turns":6.0},{"damage":0,"enemies":"Snecko","floor":27,"turns":4},{"damage":0,"enemies":"Centurion and Healer","floor":28,"turns":4},{"damage":20,"enemies":"Slavers","floor":29,"turns":5},{"damage":0,"enemies":"Cultist and Chosen","floor":31,"turns":4},{"damage":16,"enemies":"Automaton","floor":33,"turns":8},{"damage":0,"enemies":"3 Darklings","floor":35,"turns":3},{"damage":0,"enemies":"Orb Walker","floor":36,"turns":3},{"damage":6,"enemies":"3 Darklings","floor":38,"turns":3},{"damage":0,"enemies":"Spire Growth","floor":39,"turns":4},{"damage":0,"enemies":"Giant Head","floor":40,"turns":5},{"damage":0,"enemies":"Mind Bloom Boss Battle","floor":41,"turns":5},{"damage":0,"enemies":"Maw","floor":45,"turns":5},{"damage":3,"enemies":"4 Shapes","floor":46,"turns":3},{"damage":21,"enemies":"Spire Growth","floor":47,"turns":4},{"damage":0,"enemies":"Maw","floor":48,"turns":4},{"damage":22,"enemies":"Time Eater","floor":50,"turns":10}],"seed_played":"8788970882775363849","potions_obtained":[{"floor":5.0,"key":"FocusPotion"},{"floor":7.0,"key":"EssenceOfSteel"},{"floor":13.0,"key":"Poison Potion"},{"floor":16.0,"key":"Ancient Potion"}],"is_trial":false,"path_per_floor":["M","M","?","$","M","E","?","R","T","R","?","R","E","M","R","B",null,"M","$","M","M","T","E","R","E","T","M","M","E","R","M","R","B",null,"M","M","$","M","M","E","?","?","T","R","M","M","M","M","R","B",null],"character_chosen":"DEFECT","items_purchased":["Membership Card","Bottled Tornado","Master of Strategy","Loop","Conserve Battery"],"campfire_rested":5,"item_purchase_floors":[37,37,37,37,37],"current_hp_per_floor":[67,63,48,48,48,27,27,49,49,49,49,49,36,36,36,18,61,53,53,49,37,37,28,50,40,40,40,40,20,42,42,42,26,63,63,63,63,57,57,57,57,48,48,70,70,67,46,46,68,46],"gold":288,"neow_bonus":"RANDOM_COLORLESS_2","is_prod":false,"is_daily":false,"chose_seed":false,"campfire_upgraded":4,"win_rate":0,"timestamp":1570757775,"path_taken":["M","?","?","$","M","E","?","R","T","R","?","R","E","M","R","BOSS","M","$","M","M","?","E","R","E","T","M","M","E","R","M","R","BOSS","M","M","$","M","M","E","?","?","T","R","M","M","M","M","R","BOSS"],"build_version":"2019-07-17","purchased_purges":3,"victory":true,"max_hp_per_floor":[75,75,75,75,75,75,75,75,75,75,75,75,75,75,75,75,75,75,75,75,75,75,75,75,75,75,75,75,75,75,75,75,75,75,75,75,75,75,75,75,75,75,75,75,75,75,75,75,75,75],"card_choices":[{"not_picked":["Leap","Gash"],"picked":"BootSequence","floor":1.0},{"not_picked":["Steam","Stack"],"picked":"Compile Driver","floor":2.0},{"not_picked":["Blizzard","Beam Cell"],"picked":"Conserve Battery","floor":5.0},{"not_picked":["Beam Cell","Reprogram"],"picked":"Electrodynamics","floor":6.0},{"not_picked":["Barrage","Blizzard"],"picked":"Genetic Algorithm","floor":7.0},{"not_picked":["Rebound","Steam"],"picked":"Undo","floor":13.0},{"not_picked":["Electrodynamics","Blizzard"],"picked":"Cold Snap","floor":14.0},{"not_picked":["Fission","Seek"],"picked":"Core Surge","floor":16.0},{"not_picked":["Stack","Rebound"],"picked":"White Noise+1","floor":18.0},{"not_picked":["Go for the Eyes","Sweeping Beam+1"],"picked":"Lockon+1","floor":20.0},{"not_picked":["Streamline","BootSequence+1"],"picked":"Buffer","floor":21.0},{"not_picked":["Undo","Reinforced Body"],"picked":"Capacitor+1","floor":23.0},{"not_picked":["Beam Cell+1","Compile Driver"],"picked":"Darkness","floor":25.0},{"not_picked":["Compile Driver+1","Streamline"],"picked":"Electrodynamics","floor":27},{"not_picked":["Steam","Go for the Eyes","Doom and Gloom"],"picked":"SKIP","floor":28},{"not_picked":["Lockon","Doom and Gloom"],"picked":"Leap+1","floor":29},{"not_picked":["FTL","Go for the Eyes"],"picked":"White Noise","floor":31},{"not_picked":["All For One","Hyperbeam"],"picked":"Biased Cognition","floor":33},{"not_picked":["Steam+1","Consume"],"picked":"Capacitor","floor":35},{"not_picked":["Gash+1","Turbo+1"],"picked":"Glacier","floor":36},{"not_picked":["Sweeping Beam+1","Gash"],"picked":"Storm","floor":38},{"not_picked":["Double Energy","White Noise+1"],"picked":"Heatsinks+1","floor":39},{"not_picked":["Rebound+1","Gash"],"picked":"Steam+1","floor":40},{"not_picked":["Gash","Hologram+1","Stack+1"],"picked":"Capacitor","floor":45},{"not_picked":["Rebound","White Noise+1","Scrape+1","Doom and Gloom+1"],"picked":"SKIP","floor":46},{"not_picked":["Electrodynamics","Genetic Algorithm","Chill","Barrage"],"picked":"SKIP","floor":47},{"not_picked":["Compile Driver","Cold Snap+1","Sweeping Beam","Go for the Eyes"],"picked":"SKIP","floor":48}],"player_experience":240836,"relics_obtained":[{"floor":6.0,"key":"Mummified Hand"},{"floor":7.0,"key":"Odd Mushroom"},{"floor":9.0,"key":"PreservedInsect"},{"floor":13.0,"key":"Whetstone"},{"floor":22.0,"key":"Dodecahedron"},{"floor":23.0,"key":"DataDisk"},{"floor":25.0,"key":"Oddly Smooth Stone"},{"floor":26.0,"key":"MawBank"},{"floor":29,"key":"Bag of Preparation"},{"floor":40,"key":"Juzu Bracelet"},{"floor":41,"key":"Du-Vu Doll"},{"floor":43,"key":"Question Card"}],"event_choices":[{"damage_healed":0.0,"max_hp_gain":0.0,"max_hp_loss":0.0,"gold_gain":0.0,"event_name":"Shining Light","player_choice":"Entered Light","floor":3.0,"gold_loss":0.0,"damage_taken":15.0,"cards_upgraded":["Dualcast","Compile Driver"]},{"damage_healed":0.0,"max_hp_gain":0.0,"max_hp_loss":0.0,"gold_gain":0.0,"event_name":"Mushrooms","player_choice":"Fought Mushrooms","floor":7.0,"gold_loss":0.0,"damage_taken":0.0},{"damage_healed":0.0,"max_hp_gain":0.0,"max_hp_loss":0.0,"gold_gain":0.0,"cards_transformed":["Strike_B"],"event_name":"Transmorgrifier","player_choice":"Transformed","floor":11.0,"gold_loss":0.0,"damage_taken":0.0,"cards_obtained":["Steam"]},{"damage_healed":0,"gold_gain":0,"player_choice":"Fight","damage_taken":0,"max_hp_gain":0,"max_hp_loss":0,"event_name":"MindBloom","floor":41,"gold_loss":0},{"damage_healed":0,"gold_gain":0,"player_choice":"Embrace Madness","damage_taken":9,"max_hp_gain":0,"max_hp_loss":0,"event_name":"Winding Halls","floor":42,"gold_loss":0,"cards_obtained":["Madness","Madness"]}],"is_beta":false,"boss_relics":[{"not_picked":["Calling Bell","FrozenCore"],"picked":"Sozu"},{"not_picked":["Tiny House","Eternal Feather"],"picked":"Empty Cage"}],"items_purged_floors":[4,19,37],"is_endless":false,"potions_floor_spawned":[5,7,13,16,23,25,28,31,33,35,38,40,41,45,48],"ascension_level":9}