{"gold_per_floor":[110,174,148,168,168,168,168,168,168,168,185,200,215,215,215,310,310,324,336,336,353,278,278,102,113,113,113,113],"floor_reached":28,"playtime":884,"items_purged":["Defend_R"],"score":228,"play_id":"a42d2bf9-0240-4489-96c3-ea6233242f6b","local_time":"20180720211008","is_ascension_mode":false,"campfire_choices":[{"data":"Flex","floor":6,"key":"SMITH"},{"data":"Flex","floor":8,"key":"SMITH"},{"data":"Wild Strike","floor":10,"key":"SMITH"},{"data":"Body Slam","floor":15,"key":"SMITH"},{"floor":23,"key":"REST"}],"neow_cost":"NONE","seed_source_timestamp":541385679905536,"circlet_count":0,"master_deck":["Strike_R+1","Strike_R","Strike_R","Strike_R","Defend_R+1","Defend_R","Defend_R","Bash","Wild Strike+1","Flex+1","Flex+1","Body Slam+1","Brutality","Shrug It Off","Madness","Infernal Blade"],"relics":["Burning Blood","Happy Flower","Singing Bowl","Bottled Flame","Velvet Choker","NlothsMask"],"potions_floor_usage":[13,16,27,27,27],"damage_taken":[{"damage":3,"enemies":"Small Slimes","floor":1,"turns":3},{"damage":5,"enemies":"2 Louse","floor":4,"turns":2},{"damage":6,"enemies":"Jaw Worm","floor":11,"turns":4},{"damage":2,"enemies":"3 Louse","floor":12,"turns":3},{"damage":8,"enemies":"2 Fungi Beasts","floor":13,"turns":3},{"damage":71,"enemies":"Hexaghost","floor":16,"turns":10},{"damage":20,"enemies":"3 Byrds","floor":18,"turns":6},{"damage":17,"enemies":"2 Thieves","floor":19,"turns":3},{"damage":30,"enemies":"Snake Plant","floor":21,"turns":3},{"damage":12,"enemies":"3 Cultists","floor":25,"turns":6},{"damage":35,"enemies":"Slavers","floor":27,"turns":3},{"damage":34,"floor":28,"turns":4}],"seed_played":"1489587652565628616","potions_obtained":[{"floor":12,"key":"SkillPotion"},{"floor":13,"key":"Regen Potion"},{"floor":18,"key":"Ancient Potion"},{"floor":21,"key":"Weak Potion"},{"floor":25,"key":"SmokeBomb"}],"is_trial":false,"path_per_floor":["M","?","$","M","?","R","$","R","T","R","M","M","M","?","R","B",null,"M","M","?","M","?","R","$","M","T","E"],"character_chosen":"IRONCLAD","items_purchased":["Flex","Madness"],"campfire_rested":1,"item_purchase_floors":[3,24],"current_hp_per_floor":[80,80,80,80,68,68,68,68,68,68,70,76,74,57,57,7,84,72,63,63,39,39,65,65,59,59,30,0],"gold":113,"neow_bonus":"RANDOM_COMMON_RELIC","is_prod":false,"is_daily":false,"chose_seed":false,"campfire_upgraded":4,"win_rate":0.0,"timestamp":1532110208,"path_taken":["M","?","$","M","?","R","$","R","T","R","M","M","M","?","R","BOSS","M","M","?","M","?","R","$","?","T","E","?"],"build_version":"2018-07-19v2","purchased_purges":1,"victory":false,"max_hp_per_floor":[80,80,80,80,80,80,80,80,80,80,82,84,84,84,84,84,84,86,88,88,88,88,88,88,88,88,88,88],"card_choices":[{"not_picked":["Body Slam","Ghostly Armor"],"picked":"Wild Strike","floor":1},{"not_picked":["Corruption","Pommel Strike"],"picked":"Flex","floor":4},{"not_picked":["Second Wind","Intimidate","Clothesline"],"picked":"Singing Bowl","floor":11},{"not_picked":["Corruption","Warcry","Feed"],"picked":"Singing Bowl","floor":12},{"not_picked":["True Grit","Warcry"],"picked":"Body Slam","floor":13},{"not_picked":["Impervious","Feed"],"picked":"Brutality","floor":16},{"not_picked":["Body Slam","Evolve","Rampage"],"picked":"Singing Bowl","floor":18},{"not_picked":["Fire Breathing","Body Slam","Anger+1"],"picked":"Singing Bowl","floor":19},{"not_picked":["Fire Breathing+1","Twin Strike"],"picked":"Shrug It Off","floor":21},{"not_picked":["Sever Soul","Armaments"],"picked":"Infernal Blade","floor":25}],"player_experience":120489,"relics_obtained":[{"floor":9,"key":"Bottled Flame"}],"event_choices":[{"event_name":"Golden Wing","player_choice":"Gained Gold","floor":2,"damage_taken":0},{"event_name":"Scrap Ooze","player_choice":"success","floor":5,"damage_taken":12},{"event_name":"Shining Light","player_choice":"Entered Light","floor":14,"damage_taken":0},{"event_name":"FaceTrader","player_choice":"Trade","floor":20,"damage_taken":0},{"event_name":"Beggar","player_choice":"Gave Gold","floor":22,"damage_taken":0},{"event_name":"Masked Bandits","player_choice":"Fought over 113 gold","floor":28,"damage_taken":0}],"is_beta":false,"boss_relics":[{"not_picked":["Black Star","Orrery"],"picked":"Velvet Choker"}],"items_purged_floors":[24],"is_endless":false,"potions_floor_spawned":[12,13,18,21,25],"ascension_level":0}