{"gold_per_floor":[114,132,143,143,158,158,176,176,176,176,195,195,214,230,230,325,325,339,354,366,366,384,384,410,422,422,422,435,482,53,69,69,69],"floor_reached":33,"playtime":1358,"items_purged":["Defend_R"],"score":265,"play_id":"dd7ec92c-dad5-40bd-bc1c-d80b665ca2df","local_time":"20180720182419","is_ascension_mode":false,"campfire_choices":[{"data":"True Grit","floor":6,"key":"SMITH"},{"data":"True Grit","floor":10,"key":"SMITH"},{"data":"Perfected Strike","floor":12,"key":"SMITH"},{"data":"Flex","floor":15,"key":"SMITH"},{"data":"Perfected Strike","floor":23,"key":"SMITH"},{"data":"Inflame","floor":27,"key":"SMITH"},{"floor":32,"key":"REST"}],"neow_cost":"NONE","seed_source_timestamp":530965242843135,"circlet_count":0,"master_deck":["Strike_R","Strike_R","Strike_R","Strike_R","Strike_R","Defend_R","Defend_R","Defend_R","Bash","Flex+1","Perfected Strike+1","True Grit+1","True Grit+1","Inflame+1","Offering+1","Sentinel+1","Rage+1","Perfected Strike+1","Heavy Blade","Bandage Up+1","Thunderclap+1","Burning Pact+1","Iron Wave+1","Offering+1","Perfected Strike+1","Second Wind+1"],"relics":["Black Blood","NeowsBlessing","Toxic Egg 2","Dodecahedron","Darkstone Periapt","Bottled Flame","Oddly Smooth Stone","DollysMirror","Juzu Bracelet"],"potions_floor_usage":[5,13,16,18,24,28,33,33],"damage_taken":[{"damage":0,"enemies":"Cultist","floor":1,"turns":1},{"damage":0,"enemies":"Jaw Worm","floor":2,"turns":1},{"damage":0,"enemies":"Small Slimes","floor":3,"turns":1},{"damage":9,"enemies":"3 Louse","floor":5,"turns":4},{"damage":7,"enemies":"Gremlin Gang","floor":7,"turns":7},{"damage":10,"enemies":"2 Fungi Beasts","floor":11,"turns":3},{"damage":14,"enemies":"Exordium Thugs","floor":13,"turns":5},{"damage":12,"enemies":"Blue Slaver","floor":14,"turns":3},{"damage":51,"enemies":"The Guardian","floor":16,"turns":12},{"damage":17,"enemies":"2 Thieves","floor":18,"turns":5},{"damage":19,"enemies":"Chosen","floor":19,"turns":5},{"damage":15,"enemies":"Centurion and Healer","floor":20,"turns":6},{"damage":25,"enemies":"Sentry and Sphere","floor":22,"turns":5},{"damage":30,"enemies":"Slavers","floor":24,"turns":5},{"damage":17,"enemies":"Chosen and Byrds","floor":25,"turns":5},{"damage":17,"enemies":"3 Cultists","floor":28,"turns":5},{"damage":10,"enemies":"Snecko","floor":31,"turns":1},{"damage":79,"enemies":"Champ","floor":33,"turns":11}],"seed_played":"-1203651796532489875","potions_obtained":[{"floor":2,"key":"Fire Potion"},{"floor":3,"key":"GamblersBrew"},{"floor":14,"key":"Poison Potion"},{"floor":16,"key":"PowerPotion"},{"floor":19,"key":"Ancient Potion"},{"floor":22,"key":"SteroidPotion"},{"floor":25,"key":"SteroidPotion"},{"floor":28,"key":"Energy Potion"}],"is_trial":false,"path_per_floor":["M","M","M","?","M","R","M","?","T","R","M","R","M","M","R","B",null,"M","M","M","?","M","R","E","M","T","R","M","T","$","M","R"],"character_chosen":"IRONCLAD","items_purchased":["DollysMirror","Juzu Bracelet"],"campfire_rested":1,"item_purchase_floors":[30,30],"current_hp_per_floor":[80,80,80,80,77,77,76,73,73,73,69,69,61,55,55,10,80,73,64,59,59,50,50,36,35,35,35,34,34,34,34,58,0],"gold":69,"neow_bonus":"THREE_ENEMY_KILL","is_prod":false,"is_daily":false,"chose_seed":false,"campfire_upgraded":6,"win_rate":0.0,"timestamp":1532100259,"path_taken":["M","?","M","?","?","R","M","?","T","R","M","R","M","M","R","BOSS","M","?","M","?","M","R","E","M","T","R","M","?","$","M","R","BOSS"],"build_version":"2018-07-19v2","purchased_purges":1,"victory":false,"max_hp_per_floor":[80,80,80,80,80,80,80,80,80,80,80,80,80,80,80,80,80,80,80,80,80,80,80,80,80,80,80,80,80,80,80,80,80],"card_choices":[{"not_picked":["Burning Pact","Shockwave"],"picked":"Flex","floor":1},{"not_picked":["Evolve","Pommel Strike"],"picked":"Perfected Strike","floor":2},{"not_picked":["Anger","Combust","Wild Strike"],"picked":"SKIP","floor":3},{"not_picked":["Cleave","Twin Strike"],"picked":"True Grit","floor":5},{"not_picked":["Evolve","Clothesline"],"picked":"True Grit","floor":7},{"not_picked":["Blood for Blood","Clothesline"],"picked":"Inflame","floor":11},{"not_picked":["Anger","Pommel Strike","Intimidate+1"],"picked":"SKIP","floor":13},{"not_picked":["Anger","Fire Breathing","Berserk"],"picked":"SKIP","floor":14},{"not_picked":["Berserk","Bludgeon"],"picked":"Offering+1","floor":16},{"not_picked":["Shrug It Off+1","Cleave"],"picked":"Sentinel+1","floor":18},{"not_picked":["Combust+1","Shrug It Off+1"],"picked":"Rage+1","floor":19},{"not_picked":["Pummel","Armaments+1"],"picked":"Perfected Strike","floor":20},{"not_picked":["Dropkick","Pommel Strike"],"picked":"Thunderclap+1","floor":22},{"not_picked":["Whirlwind","Anger+1"],"picked":"Burning Pact+1","floor":24},{"not_picked":["Rage+1","Twin Strike+1"],"picked":"Iron Wave+1","floor":25},{"not_picked":["Iron Wave","Body Slam"],"picked":"Offering+1","floor":28},{"not_picked":["Combust+1","Bloodletting+1"],"picked":"Second Wind+1","floor":31}],"player_experience":114937,"relics_obtained":[{"floor":9,"key":"Dodecahedron"},{"floor":24,"key":"Darkstone Periapt"},{"floor":26,"key":"Bottled Flame"},{"floor":29,"key":"Oddly Smooth Stone"}],"event_choices":[{"event_name":"Wheel of Change","player_choice":"Full Heal","floor":4,"damage_taken":0},{"event_name":"Scrap Ooze","player_choice":"success","floor":8,"damage_taken":3},{"event_name":"Match and Keep!","player_choice":"2 cards matched","floor":21,"damage_taken":0}],"is_beta":false,"boss_relics":[{"not_picked":["Tiny House","Calling Bell"],"picked":"Black Blood"}],"items_purged_floors":[30],"is_endless":false,"potions_floor_spawned":[2,3,14,16,19,22,25,28],"killed_by":"Champ","ascension_level":0}