{"gold_per_floor":[110,110,110,35,50,50,83,83,106,106,119,119,135,179,179,302,302,325,121,44,43,63,63,102,120,144,144,158,158,192,210,210,330,330,344,362,380,255,255,255,255],"floor_reached":41,"playtime":2091,"items_purged":["Injury","Defend_R","Clumsy"],"score":441,"play_id":"9a210e3e-5fa8-41c8-895d-0df46646e905","local_time":"20180720192609","is_ascension_mode":false,"campfire_choices":[{"data":"Barricade","floor":6,"key":"SMITH"},{"data":"Uppercut","floor":8,"key":"SMITH"},{"data":"Iron Wave","floor":12,"key":"SMITH"},{"data":"Evolve","floor":15,"key":"SMITH"},{"data":"Limit Break","floor":23,"key":"SMITH"},{"floor":32,"key":"REST"},{"data":"Spot Weakness","floor":40,"key":"SMITH"}],"neow_cost":"CURSE","seed_source_timestamp":533943569223167,"circlet_count":0,"master_deck":["Strike_R+1","Strike_R+1","Strike_R+1","Strike_R+1","Defend_R+1","Defend_R+1","Defend_R+1","Bash","Wild Strike","Barricade+1","Iron Wave+1","Uppercut+1","Inflame","Evolve+1","Reaper","Limit Break+1","Shrug It Off","Flash of Steel","J.A.X.+1","Flex","Spot Weakness+1","Dual Wield+1","Inflame","Seeing Red","Iron Wave","Armaments","Double Tap","Flame Barrier"],"relics":["Burning Blood","Turnip","Golden Idol","War Paint","Anchor","Pen Nib","Pear","Cursed Key","Bag of Marbles","Bronze Scales","Bottled Tornado","Eternal Feather"],"potions_floor_usage":[18,24,28,33,41,41,41],"damage_taken":[{"damage":11,"enemies":"Jaw Worm","floor":1,"turns":2},{"damage":5,"enemies":"2 Louse","floor":5,"turns":2},{"damage":26,"enemies":"Lagavulin","floor":7,"turns":11},{"damage":1,"enemies":"Cultist","floor":11,"turns":3},{"damage":3,"enemies":"3 Louse","floor":13,"turns":2},{"damage":17,"enemies":"Gremlin Nob","floor":14,"turns":4},{"damage":49,"enemies":"Slime Boss","floor":16,"turns":14},{"damage":0,"enemies":"Chosen","floor":18,"turns":5},{"damage":8,"enemies":"2 Thieves","floor":21,"turns":4},{"damage":24,"enemies":"Centurion and Healer","floor":22,"turns":7},{"damage":38,"enemies":"Book of Stabbing","floor":24,"turns":5},{"damage":30,"enemies":"Sentry and Sphere","floor":25,"turns":6},{"damage":18,"enemies":"Snecko","floor":28,"turns":5},{"damage":22,"enemies":"Gremlin Leader","floor":30,"turns":5},{"damage":4,"enemies":"Centurion and Healer","floor":31,"turns":5},{"damage":26,"enemies":"Automaton","floor":33,"turns":10},{"damage":43,"enemies":"3 Darklings","floor":35,"turns":7},{"damage":47,"enemies":"Flame Bruiser 1 Orb","floor":36,"turns":17},{"damage":60,"enemies":"Transient","floor":37,"turns":5},{"damage":50,"enemies":"2 Orb Walkers","floor":41,"turns":4}],"seed_played":"8562525049649581468","potions_obtained":[{"floor":16,"key":"LiquidBronze"},{"floor":21,"key":"Poison Potion"},{"floor":25,"key":"SpeedPotion"},{"floor":31,"key":"Block Potion"},{"floor":33,"key":"SpeedPotion"},{"floor":35,"key":"Energy Potion"},{"floor":37,"key":"Swift Potion"}],"is_trial":false,"path_per_floor":["M","?","?","$","M","R","E","R","T","?","M","R","M","E","R","B",null,"M","$","?","M","M","R","E","M","T","?","M","?","E","M","R","B",null,"M","M","M","$","?","R"],"character_chosen":"IRONCLAD","items_purchased":["Flash of Steel"],"campfire_rested":1,"item_purchase_floors":[19],"current_hp_per_floor":[75,74,74,74,74,74,54,54,54,54,59,59,62,61,61,24,84,84,84,84,82,81,81,49,25,25,25,25,25,9,27,52,84,84,48,84,30,30,30,45,0],"gold":255,"neow_bonus":"ONE_RARE_RELIC","is_prod":false,"is_daily":false,"chose_seed":false,"campfire_upgraded":6,"win_rate":0.0,"timestamp":1532103969,"path_taken":["M","?","?","$","?","R","E","R","T","?","M","R","M","E","R","BOSS","M","$","?","M","M","R","E","M","T","?","?","?","E","M","R","BOSS","M","M","M","$","?","R","E"],"build_version":"2018-07-19v2","purchased_purges":3,"victory":false,"max_hp_per_floor":[80,74,74,74,74,74,74,74,74,74,74,74,74,84,84,84,84,84,84,84,84,84,84,84,84,84,84,84,84,84,84,84,84,84,84,84,84,84,84,84,84],"card_choices":[{"not_picked":["Metallicize","Ghostly Armor"],"picked":"Wild Strike","floor":1},{"not_picked":["Warcry","Armaments"],"picked":"Iron Wave","floor":5},{"not_picked":["Thunderclap","Combust"],"picked":"Uppercut","floor":7},{"not_picked":["Havoc","Second Wind"],"picked":"Inflame","floor":11},{"not_picked":["Heavy Blade","Rupture"],"picked":"Evolve","floor":13},{"not_picked":["Battle Trance","Thunderclap"],"picked":"Reaper","floor":14},{"not_picked":["Dark Embrace","Bludgeon"],"picked":"Limit Break","floor":16},{"not_picked":["Ghostly Armor+1","Anger"],"picked":"Shrug It Off","floor":18},{"not_picked":["Anger+1","Searing Blow"],"picked":"Flex","floor":21},{"not_picked":["Heavy Blade","Rampage+1"],"picked":"Spot Weakness","floor":22},{"not_picked":["Feel No Pain","Disarm"],"picked":"Dual Wield+1","floor":24},{"not_picked":["Pommel Strike","Clothesline"],"picked":"Inflame","floor":25},{"not_picked":["Anger","Thunderclap"],"picked":"Seeing Red","floor":28},{"not_picked":["Pommel Strike","Rupture"],"picked":"Iron Wave","floor":30},{"not_picked":["Iron Wave","Impervious"],"picked":"Armaments","floor":31},{"not_picked":["Demon Form","Impervious"],"picked":"Double Tap","floor":33},{"not_picked":["Clash+1","Dual Wield"],"picked":"Flame Barrier","floor":35},{"not_picked":["Metallicize","Clothesline","Sentinel+1"],"picked":"SKIP","floor":36},{"not_picked":["Shockwave+1","Rampage+1","Uppercut+1"],"picked":"SKIP","floor":37}],"player_experience":117540,"relics_obtained":[{"floor":7,"key":"War Paint"},{"floor":9,"key":"Anchor"},{"floor":14,"key":"Pear"},{"floor":24,"key":"Bag of Marbles"},{"floor":26,"key":"Bronze Scales"},{"floor":30,"key":"Bottled Tornado"}],"event_choices":[{"event_name":"Golden Idol","player_choice":"Lose Max HP","floor":2,"damage_taken":0},{"event_name":"Living Wall","player_choice":"Change","floor":3,"damage_taken":0},{"event_name":"Dead Adventurer","player_choice":"Searched \u00271\u0027 times","floor":10,"damage_taken":0},{"event_name":"Drug Dealer","player_choice":"Got JAXXED","floor":20,"damage_taken":0},{"event_name":"Back to Basics","player_choice":"Simplicity","floor":27,"damage_taken":0},{"event_name":"Upgrade Shrine","player_choice":"Upgraded","floor":29,"damage_taken":0},{"event_name":"The Woman in Blue","player_choice":"Bought 0 Potions","floor":39,"damage_taken":0}],"is_beta":false,"boss_relics":[{"not_picked":["Lizard Tail","Ectoplasm"],"picked":"Cursed Key"},{"not_picked":["Tiny House","Philosopher\u0027s Stone"],"picked":"Eternal Feather"}],"items_purged_floors":[4,19,38],"is_endless":false,"potions_floor_spawned":[16,21,25,31,33,35,37],"killed_by":"2 Orb Walkers","ascension_level":0}