{"gold_per_floor":[117,117,135,147,157,157,182,182,227,244,262,262,293,311,311,408,408,419,419,438,438,449,23,23,51,51,85,101,118,118,132,132,235,235,248,268,283,295,295,325,325,360,360,360,373,66,166,201,201,201],"floor_reached":51,"playtime":3052,"items_purged":["Strike_G"],"score":966,"play_id":"d8c26bca-3fad-43b9-8b1c-9e9d9fac9d0a","local_time":"20190609233130","is_ascension_mode":false,"campfire_choices":[{"data":"Noxious Fumes","floor":6,"key":"SMITH"},{"data":"Well Laid Plans","floor":12,"key":"SMITH"},{"data":"Bite","floor":15,"key":"SMITH"},{"data":"Blade Dance","floor":24,"key":"SMITH"},{"data":"Corpse Explosion","floor":30,"key":"SMITH"},{"floor":32,"key":"RECALL"},{"data":"Choke","floor":41,"key":"SMITH"},{"data":"Doppelganger","floor":44,"key":"SMITH"},{"data":"Acrobatics","floor":49,"key":"SMITH"}],"neow_cost":"NONE","seed_source_timestamp":1074277483353142,"circlet_count":0,"master_deck":["Neutralize+1","Flying Knee","Bite+1","Dagger Throw","Noxious Fumes+1","Backflip","Well Laid Plans+1","Acrobatics+1","After Image","After Image","Blade Dance+1","Calculated Gamble+1","Cloak And Dagger+1","Infinite Blades","Corpse Explosion+1","Infinite Blades","Calculated Gamble","Choke+1","PiercingWail","Eviscerate","Escape Plan","Doppelganger+1","Dodge and Roll","Flying Knee","Tactician+1","Reflex+1","Footwork+1","After Image","Backflip+1"],"relics":["Ring of the Snake","Singing Bowl","War Paint","Blood Vial","Cursed Key","Nilry\u0027s Codex","Sling","PreservedInsect","Lantern","Matryoshka","Pandora\u0027s Box","Toxic Egg 2","Gambling Chip","Oddly Smooth Stone","Turnip","Vajra"],"potions_floor_usage":[7,14,16,22,33,33,37,40],"damage_taken":[{"damage":1,"enemies":"Small Slimes","floor":1,"turns":4},{"damage":1,"enemies":"Cultist","floor":3,"turns":3},{"damage":0,"enemies":"2 Louse","floor":4,"turns":3},{"damage":22,"enemies":"Exordium Thugs","floor":5,"turns":6},{"damage":17,"enemies":"Gremlin Nob","floor":7,"turns":4},{"damage":2,"enemies":"Exordium Wildlife","floor":10,"turns":5},{"damage":0,"enemies":"Red Slaver","floor":11,"turns":4},{"damage":12,"enemies":"3 Sentries","floor":13,"turns":7},{"damage":3,"enemies":"Gremlin Gang","floor":14,"turns":4},{"damage":0,"enemies":"The Guardian","floor":16,"turns":11},{"damage":4,"enemies":"3 Byrds","floor":18,"turns":6},{"damage":0,"enemies":"Shell Parasite","floor":20,"turns":6},{"damage":7,"enemies":"3 Cultists","floor":22,"turns":3},{"damage":0,"enemies":"Gremlin Leader","floor":25,"turns":4},{"damage":0,"enemies":"Book of Stabbing","floor":27,"turns":5},{"damage":0,"enemies":"Sentry and Sphere","floor":28,"turns":6},{"damage":0,"enemies":"Cultist and Chosen","floor":29,"turns":5},{"damage":0,"enemies":"Snecko","floor":31,"turns":4},{"damage":30,"enemies":"Collector","floor":33,"turns":8},{"damage":3,"enemies":"3 Shapes","floor":35,"turns":3},{"damage":6,"enemies":"3 Darklings","floor":36,"turns":3},{"damage":7,"enemies":"Writhing Mass","floor":37,"turns":6},{"damage":8,"enemies":"Spire Growth","floor":38,"turns":4},{"damage":1,"enemies":"Reptomancer","floor":40,"turns":4},{"damage":4,"enemies":"Giant Head","floor":42,"turns":6},{"damage":0,"enemies":"Jaw Worm Horde","floor":45,"turns":2},{"damage":0,"enemies":"Mind Bloom Boss Battle","floor":47,"turns":3},{"damage":5,"enemies":"Nemesis","floor":48,"turns":5},{"damage":0,"enemies":"Donu and Deca","floor":50,"turns":5}],"seed_played":"7951476994522437692","potions_obtained":[{"floor":1,"key":"SteroidPotion"},{"floor":5,"key":"Weak Potion"},{"floor":10,"key":"SkillPotion"},{"floor":11,"key":"Strength Potion"},{"floor":16,"key":"Strength Potion"},{"floor":18,"key":"Block Potion"},{"floor":25,"key":"AttackPotion"},{"floor":36,"key":"SpeedPotion"},{"floor":38,"key":"GhostInAJar"},{"floor":45,"key":"AttackPotion"},{"floor":48,"key":"Explosive Potion"}],"is_trial":false,"path_per_floor":["M","?","M","M","M","R","E","?","T","M","M","R","E","M","R","B",null,"M","?","M","T","M","$","R","E","T","E","M","M","R","M","R","B",null,"M","M","M","M","?","E","R","E","T","R","M","$","?","E","R","B",null],"character_chosen":"THE_SILENT","items_purchased":["Sling","PreservedInsect","After Image","Oddly Smooth Stone"],"campfire_rested":0,"item_purchase_floors":[23,23,46,46],"current_hp_per_floor":[76,76,76,77,57,57,46,46,46,48,52,52,42,45,45,59,79,79,63,71,71,71,71,71,76,76,81,83,83,83,85,85,60,87,87,89,87,86,86,89,89,89,89,89,90,90,90,90,90,92],"gold":201,"neow_bonus":"TEN_PERCENT_HP_BONUS","is_prod":false,"is_daily":false,"chose_seed":false,"campfire_upgraded":8,"win_rate":0,"timestamp":1560119490,"path_taken":["M","?","M","?","M","R","E","?","T","M","M","R","E","M","R","BOSS","M","?","M","?","?","?","R","E","T","E","M","M","R","M","R","BOSS","M","M","?","M","?","E","R","E","T","R","M","$","?","E","R","BOSS"],"build_version":"2019-01-23","purchased_purges":1,"victory":true,"max_hp_per_floor":[77,77,77,77,77,77,79,79,79,79,79,79,79,79,79,79,79,79,79,79,79,81,81,81,81,81,81,83,83,83,85,85,87,87,87,89,91,93,88,90,90,90,90,90,90,90,90,92,92,92],"card_choices":[{"not_picked":["Infinite Blades","Blade Dance"],"picked":"Flying Knee","floor":1},{"not_picked":["Blade Dance","Flechettes"],"picked":"Dagger Throw","floor":3},{"not_picked":["Quick Slash","Finisher"],"picked":"Noxious Fumes","floor":4},{"not_picked":["Prepared","Expertise","Outmaneuver"],"picked":"SKIP","floor":5},{"not_picked":["Outmaneuver","Flechettes","Slice"],"picked":"Singing Bowl","floor":7},{"not_picked":["Heel Hook","Slice"],"picked":"Backflip","floor":10},{"not_picked":["Slice","Blade Dance"],"picked":"Well Laid Plans","floor":11},{"not_picked":["Setup","Blur"],"picked":"Acrobatics","floor":13},{"not_picked":["Deadly Poison","Deflect"],"picked":"After Image","floor":14},{"not_picked":["Venomology","Storm of Steel"],"picked":"After Image","floor":16},{"not_picked":["Blur","Tactician"],"picked":"Blade Dance","floor":18},{"not_picked":["Masterful Stab","Prepared"],"picked":"Calculated Gamble+1","floor":20},{"not_picked":["Dodge and Roll","Calculated Gamble","Skewer"],"picked":"Singing Bowl","floor":22},{"not_picked":["PiercingWail","Finisher"],"picked":"Cloak And Dagger+1","floor":25},{"not_picked":["Dagger Throw","Endless Agony"],"picked":"Infinite Blades","floor":27},{"not_picked":["Prepared+1","Heel Hook","Flying Knee"],"picked":"Singing Bowl","floor":28},{"not_picked":["Underhanded Strike","Deflect"],"picked":"Corpse Explosion","floor":29},{"not_picked":["Flying Knee","Deadly Poison","Dash"],"picked":"Singing Bowl","floor":31},{"not_picked":["Grand Finale","Die Die Die","Unload"],"picked":"Singing Bowl","floor":33},{"not_picked":["Terror+1","Footwork"],"picked":"Tactician+1","floor":35},{"not_picked":["Bane","Distraction+1","Dagger Throw+1"],"picked":"Singing Bowl","floor":36},{"not_picked":["Backstab+1","Crippling Poison","Distraction"],"picked":"Singing Bowl","floor":37},{"not_picked":["Concentrate","Crippling Poison","Slice"],"picked":"Singing Bowl","floor":38},{"not_picked":["Noxious Fumes","Choke+1","Tactician"],"picked":"Singing Bowl","floor":40},{"not_picked":["Concentrate+1","Cloak And Dagger+1"],"picked":"Reflex+1","floor":42},{"not_picked":["Backflip+1","Deadly Poison+1"],"picked":"Footwork+1","floor":45},{"not_picked":["Terror+1","Cloak And Dagger+1"],"picked":"Backflip+1","floor":47},{"not_picked":["Backstab","Dodge and Roll+1","A Thousand Cuts"],"picked":"Singing Bowl","floor":48}],"player_experience":1588950,"relics_obtained":[{"floor":7,"key":"Singing Bowl"},{"floor":9,"key":"War Paint"},{"floor":13,"key":"Blood Vial"},{"floor":19,"key":"Nilry\u0027s Codex"},{"floor":25,"key":"Lantern"},{"floor":27,"key":"Matryoshka"},{"floor":40,"key":"Toxic Egg 2"},{"floor":42,"key":"Gambling Chip"},{"floor":47,"key":"Turnip"},{"floor":48,"key":"Vajra"}],"event_choices":[{"cards_removed":["Survivor"],"damage_healed":0,"gold_gain":0,"player_choice":"Took Card","damage_taken":0,"max_hp_gain":0,"max_hp_loss":0,"event_name":"NoteForYourself","floor":2,"gold_loss":0,"cards_obtained":["Bite"]},{"damage_healed":0,"gold_gain":0,"player_choice":"Upgraded","damage_taken":0,"max_hp_gain":0,"max_hp_loss":0,"event_name":"Upgrade Shrine","floor":8,"gold_loss":0,"cards_upgraded":["Neutralize"]},{"damage_healed":0,"gold_gain":0,"player_choice":"Obtained Book","damage_taken":16,"max_hp_gain":0,"max_hp_loss":0,"event_name":"Cursed Tome","floor":19,"gold_loss":0},{"damage_healed":0,"gold_gain":0,"player_choice":"Max HP","damage_taken":0,"max_hp_gain":0,"max_hp_loss":5,"event_name":"Winding Halls","floor":39,"gold_loss":0},{"damage_healed":0,"gold_gain":0,"player_choice":"Fight","damage_taken":0,"max_hp_gain":0,"max_hp_loss":0,"event_name":"MindBloom","floor":47,"gold_loss":0}],"is_beta":false,"boss_relics":[{"not_picked":["Sozu","White Beast Statue"],"picked":"Cursed Key"},{"not_picked":["Runic Pyramid","Velvet Choker"],"picked":"Pandora\u0027s Box"}],"items_purged_floors":[23],"is_endless":false,"potions_floor_spawned":[1,5,10,11,13,16,18,25,27,29,36,38,45,48],"ascension_level":0}