{"gold_per_floor":[113,124,124,144,40,74,74,99,99,139,89,133,133,151,151,279,279,299,319,319,319,340,388,401,423,448,483,113,113,165,174,174,313,313,332,366,375,396,418,456,456,521,546,159,193,193,206,206,206,206,206,206,39,92,92],"floor_reached":56,"playtime":3047,"items_purged":["Strike_G","Decay"],"score":1635,"play_id":"2f2dc59d-87db-4d8a-92fb-fe224b1f6e7f","local_time":"20191019161023","is_ascension_mode":false,"campfire_choices":[{"data":"Crippling Poison","floor":7,"key":"SMITH"},{"data":"Noxious Fumes","floor":15,"key":"SMITH"},{"data":"Footwork","floor":32,"key":"SMITH"},{"floor":41,"key":"RECALL"},{"data":"Calculated Gamble","floor":49,"key":"SMITH"},{"data":"Adrenaline","floor":52,"key":"SMITH"}],"neow_cost":"NONE","seed_source_timestamp":716595640659100,"circlet_count":0,"master_deck":["Defend_G+1","Defend_G","Defend_G","Defend_G","Defend_G","Survivor","Neutralize+1","Backstab","Crippling Poison+1","Flying Knee","Footwork+1","Backflip+1","Escape Plan","Noxious Fumes+1","Blur+1","Escape Plan+1","Storm of Steel+1","Catalyst+1","PiercingWail","Poisoned Stab","Deflect","Backflip","Adrenaline+1","A Thousand Cuts+1","Blade Dance+1","Finesse","Caltrops+1","Calculated Gamble+1","Noxious Fumes+1","Noxious Fumes+1","Catalyst+1"],"relics":["Ring of the Snake","Golden Idol","White Beast Statue","Bottled Tornado","Matryoshka","CloakClasp","Astrolabe","CeramicFish","Frozen Egg 2","War Paint","Molten Egg 2","Happy Flower","PreservedInsect","Juzu Bracelet","Runic Pyramid","Ancient Tea Set","The Specimen","Oddly Smooth Stone","TwistedFunnel","Letter Opener","Art of War","Paper Crane"],"potions_floor_usage":[10,16,27,27,33,33,33,33,38,40,55,55],"damage_taken":[{"damage":10,"enemies":"Jaw Worm","floor":1,"turns":5},{"damage":0,"enemies":"2 Louse","floor":2,"turns":3},{"damage":0,"enemies":"Cultist","floor":4,"turns":3},{"damage":9,"enemies":"3 Sentries","floor":6,"turns":11},{"damage":3,"enemies":"2 Fungi Beasts","floor":8,"turns":2},{"damage":15,"enemies":"Gremlin Nob","floor":10,"turns":4},{"damage":3,"enemies":"Lagavulin","floor":12,"turns":7},{"damage":0,"enemies":"Gremlin Gang","floor":14,"turns":3},{"damage":0,"enemies":"The Guardian","floor":16,"turns":10},{"damage":0,"enemies":"2 Thieves","floor":18,"turns":5},{"damage":0,"enemies":"Shell Parasite","floor":19,"turns":5},{"damage":8,"enemies":"Sentry and Sphere","floor":22,"turns":6},{"damage":0,"enemies":"Book of Stabbing","floor":23,"turns":7},{"damage":0,"enemies":"3 Cultists","floor":24,"turns":6},{"damage":1,"enemies":"Snake Plant","floor":25,"turns":4},{"damage":0,"enemies":"Slavers","floor":27,"turns":3},{"damage":0,"enemies":"Gremlin Leader","floor":30,"turns":4},{"damage":0,"enemies":"Automaton","floor":33,"turns":9},{"damage":0,"enemies":"3 Shapes","floor":35,"turns":4},{"damage":0,"enemies":"3 Darklings","floor":36,"turns":4},{"damage":0,"enemies":"Jaw Worm Horde","floor":38,"turns":5},{"damage":0,"enemies":"Sphere and 2 Shapes","floor":39,"turns":6},{"damage":0,"enemies":"Giant Head","floor":40,"turns":6},{"damage":0,"enemies":"2 Orb Walkers","floor":42,"turns":5},{"damage":0,"enemies":"Reptomancer","floor":45,"turns":4},{"damage":0,"enemies":"3 Darklings","floor":47,"turns":3},{"damage":0,"enemies":"Time Eater","floor":50,"turns":11},{"damage":0,"enemies":"Shield and Spear","floor":54,"turns":5},{"damage":13,"enemies":"The Heart","floor":55,"turns":8}],"seed_played":"1762066828284885673","potions_obtained":[{"floor":1,"key":"Weak Potion"},{"floor":6,"key":"Poison Potion"},{"floor":8,"key":"AttackPotion"},{"floor":10,"key":"EntropicBrew"},{"floor":13,"key":"GhostInAJar"},{"floor":16,"key":"Swift Potion"},{"floor":22,"key":"DuplicationPotion"},{"floor":27,"key":"FearPotion"},{"floor":30,"key":"Strength Potion"},{"floor":33,"key":"Swift Potion"},{"floor":38,"key":"SteroidPotion"},{"floor":40,"key":"Dexterity Potion"},{"floor":42,"key":"LiquidMemories"},{"floor":45,"key":"Energy Potion"}],"is_trial":false,"path_per_floor":["M","M","?","M","$","E","R","M","T","E","?","E","?","M","R","B",null,"M","M","?","?","M","E","M","M","T","E","$","?","E","?","R","B",null,"M","M","?","M","M","E","R","?","T","$","E","?","M","?","R","B",null,"R","$","E","B",null],"character_chosen":"THE_SILENT","items_purchased":["Footwork","Backflip","Happy Flower","PreservedInsect","TwistedFunnel","Calculated Gamble","Noxious Fumes+1","Noxious Fumes+1","Art of War"],"campfire_rested":0,"item_purchase_floors":[5,5,28,28,44,44,44,53,53],"current_hp_per_floor":[60,60,60,60,60,51,51,48,48,33,33,30,30,30,30,30,65,65,65,65,65,57,57,57,56,56,56,56,56,56,56,56,56,65,65,65,65,65,65,65,65,65,65,65,65,62,62,62,62,62,62,62,62,62,49],"gold":92,"neow_bonus":"UPGRADE_CARD","is_prod":false,"is_daily":false,"chose_seed":false,"campfire_upgraded":5,"win_rate":0,"timestamp":1571497823,"path_taken":["M","M","?","M","$","E","R","M","T","E","?","E","?","M","R","BOSS","M","M","?","?","M","E","M","?","T","E","$","?","E","?","R","BOSS","M","M","?","M","M","E","R","?","T","$","E","?","M","?","R","BOSS","R","$","E","BOSS"],"build_version":"2019-10-18","purchased_purges":2,"victory":true,"max_hp_per_floor":[70,70,65,65,65,65,65,65,65,65,65,65,65,65,65,65,65,65,65,65,65,65,65,65,65,65,65,65,65,65,65,65,65,65,65,65,65,65,65,65,65,65,65,65,65,62,62,62,62,62,62,62,62,62,62],"card_choices":[{"not_picked":["Acrobatics","Blade Dance"],"picked":"Backstab","floor":1},{"not_picked":["Poisoned Stab","Blur"],"picked":"Crippling Poison","floor":2},{"not_picked":["Choke","Deflect"],"picked":"Flying Knee","floor":4},{"not_picked":["Sucker Punch","Blade Dance"],"picked":"Glass Knife","floor":6},{"not_picked":["Acrobatics","Infinite Blades"],"picked":"Escape Plan","floor":8},{"not_picked":["Cloak And Dagger","Outmaneuver"],"picked":"Noxious Fumes","floor":10},{"not_picked":["Predator","Outmaneuver","Dagger Spray"],"picked":"SKIP","floor":12},{"not_picked":["Deadly Poison","Dagger Throw","Underhanded Strike"],"picked":"SKIP","floor":14},{"not_picked":["Acrobatics+1","Underhanded Strike"],"picked":"Catalyst+1","floor":18},{"not_picked":["Flying Knee","Distraction"],"picked":"PiercingWail","floor":19},{"not_picked":["Masterful Stab","Underhanded Strike+1","Choke"],"picked":"SKIP","floor":22},{"not_picked":["Slice","Backflip"],"picked":"Deflect","floor":23},{"not_picked":["Dagger Spray","Terror","Bane"],"picked":"SKIP","floor":24},{"not_picked":["Reflex","PiercingWail+1"],"picked":"Backflip","floor":25},{"not_picked":["Sucker Punch","Dodge and Roll","Dagger Throw"],"picked":"SKIP","floor":27},{"not_picked":["Crippling Poison","Dagger Throw+1"],"picked":"Adrenaline","floor":30},{"not_picked":["Night Terror","Adrenaline"],"picked":"A Thousand Cuts+1","floor":33},{"not_picked":["Underhanded Strike+1","Sucker Punch+1","All Out Attack+1"],"picked":"SKIP","floor":35},{"not_picked":["Reflex+1","Quick Slash+1"],"picked":"Blade Dance+1","floor":36},{"not_picked":["Forethought","Jack Of All Trades"],"picked":"Finesse","floor":37},{"not_picked":["Blade Dance","Masterful Stab+1","Expertise+1"],"picked":"SKIP","floor":38},{"not_picked":["Calculated Gamble","Flying Knee+1"],"picked":"Caltrops+1","floor":39},{"not_picked":["Flying Knee+1","Terror","Bullet Time"],"picked":"SKIP","floor":40},{"not_picked":["Quick Slash+1","Predator+1","Sucker Punch+1"],"picked":"SKIP","floor":45},{"not_picked":["Escape Plan","Sucker Punch+1","Flying Knee+1"],"picked":"SKIP","floor":47},{"not_picked":["Tactician","Bane+1"],"picked":"Catalyst+1","floor":54}],"player_experience":1655442,"relics_obtained":[{"floor":6,"key":"White Beast Statue"},{"floor":9,"key":"Bottled Tornado"},{"floor":10,"key":"Matryoshka"},{"floor":12,"key":"CloakClasp"},{"floor":23,"key":"CeramicFish"},{"floor":26,"key":"Frozen Egg 2"},{"floor":26,"key":"War Paint"},{"floor":27,"key":"Molten Egg 2"},{"floor":30,"key":"Juzu Bracelet"},{"floor":40,"key":"Ancient Tea Set"},{"floor":42,"key":"The Specimen"},{"floor":43,"key":"Oddly Smooth Stone"},{"floor":45,"key":"Letter Opener"},{"floor":54,"key":"Paper Crane"}],"event_choices":[{"damage_healed":0,"gold_gain":0,"player_choice":"Lose Max HP","damage_taken":0,"relics_obtained":["Golden Idol"],"max_hp_gain":0,"max_hp_loss":5,"event_name":"Golden Idol","floor":3,"gold_loss":0},{"cards_removed":["Strike_G"],"damage_healed":0,"gold_gain":0,"player_choice":"Card Removal","damage_taken":0,"max_hp_gain":0,"max_hp_loss":0,"event_name":"The Cleric","floor":11,"gold_loss":50},{"damage_healed":0,"gold_gain":0,"player_choice":"Got Potions","damage_taken":0,"max_hp_gain":0,"max_hp_loss":0,"event_name":"Lab","floor":13,"gold_loss":0},{"damage_healed":0,"gold_gain":0,"player_choice":"Ignored","damage_taken":0,"max_hp_gain":0,"max_hp_loss":0,"event_name":"The Mausoleum","floor":20,"gold_loss":0},{"damage_healed":0,"gold_gain":0,"player_choice":"1 cards matched","damage_taken":0,"max_hp_gain":0,"max_hp_loss":0,"event_name":"Match and Keep!","floor":21,"gold_loss":0,"cards_obtained":["Poisoned Stab"]},{"damage_healed":0,"gold_gain":0,"player_choice":"Ignored","damage_taken":0,"max_hp_gain":0,"max_hp_loss":0,"event_name":"Vampires","floor":29,"gold_loss":0},{"damage_healed":0,"gold_gain":0,"player_choice":"Cursed","damage_taken":0,"max_hp_gain":0,"max_hp_loss":0,"event_name":"Wheel of Change","floor":31,"gold_loss":0,"cards_obtained":["Decay"]},{"damage_healed":0,"gold_gain":0,"player_choice":"Memory 1","damage_taken":0,"max_hp_gain":0,"max_hp_loss":0,"event_name":"SensoryStone","floor":37,"gold_loss":0},{"damage_healed":0,"gold_gain":0,"player_choice":"Fight","damage_taken":0,"max_hp_gain":0,"max_hp_loss":0,"event_name":"Mysterious Sphere","floor":42,"gold_loss":0},{"damage_healed":0,"gold_gain":0,"player_choice":"Max HP","damage_taken":0,"max_hp_gain":0,"max_hp_loss":3,"event_name":"Winding Halls","floor":46,"gold_loss":0},{"cards_removed":["Glass Knife"],"damage_healed":0,"gold_gain":0,"player_choice":"Card Removal","damage_taken":0,"max_hp_gain":0,"max_hp_loss":0,"event_name":"Wheel of Change","floor":48,"gold_loss":0}],"is_beta":true,"boss_relics":[{"not_picked":["Velvet Choker","SlaversCollar"],"picked":"Astrolabe"},{"not_picked":["Empty Cage","Tiny House"],"picked":"Runic Pyramid"}],"items_purged_floors":[28,44],"is_endless":false,"potions_floor_spawned":[1,6,8,10,12,14,16,18,19,22,23,24,25,27,30,33,35,36,38,39,40,42,45,47,54],"ascension_level":0}