{"gold_per_floor":[14,27,47,62,76,105,124,124,124,136,164,184,184,217,217,318,318,336,138,148,167,181,181,208,223,268,294,309,309,12,43,43,148,148,163,183,196,108,127,162,162,162,216,216,228,262,0,17,17,17],"floor_reached":51,"playtime":4562,"items_purged":["Strike_R","Strike_R","Strike_R"],"score":1228,"play_id":"246a03c5-0650-4bc9-b093-ef484af2d560","local_time":"20191020202102","is_ascension_mode":true,"campfire_choices":[{"data":"Uppercut","floor":8.0,"key":"SMITH"},{"data":"Rage","floor":13.0,"key":"SMITH"},{"data":"Heavy Blade","floor":15.0,"key":"SMITH"},{"data":"Bash","floor":23.0,"key":"SMITH"},{"floor":29.0,"key":"REST"},{"data":"Apotheosis","floor":32.0,"key":"SMITH"},{"data":"Spot Weakness","floor":42,"key":"SMITH"},{"data":"Offering","floor":44,"key":"SMITH"},{"floor":49,"key":"REST"}],"neow_cost":"NO_GOLD","seed_source_timestamp":0,"circlet_count":0,"master_deck":["Defend_R","Defend_R","Defend_R","Defend_R","Bash+1","Uppercut+1","Second Wind","Rage+1","Clothesline","Heavy Blade+1","Anger","Iron Wave","Rampage","Feed","Inflame+1","Feed","Offering+1","Inflame+1","Offering","Sword Boomerang","Battle Trance","Disarm+1","Corruption+1","Feel No Pain+1","Pommel Strike+1","Corruption+1","Apotheosis+1","Reaper","Spot Weakness+1","Disarm","Burning Pact","Shockwave","Sword Boomerang","Limit Break","Pummel+1"],"special_seed":0,"relics":["Burning Blood","Frozen Egg 2","Letter Opener","Red Skull","Incense Burner","Velvet Choker","Singing Bowl","Dream Catcher","Art of War","Membership Card","Shuriken","White Beast Statue","Sundial","Bronze Scales","Mercury Hourglass","Toy Ornithopter"],"potions_floor_usage":[50,50,50],"damage_taken":[{"damage":6.0,"enemies":"Cultist","floor":1.0,"turns":4.0},{"damage":1.0,"enemies":"2 Louse","floor":2.0,"turns":3.0},{"damage":1.0,"enemies":"Jaw Worm","floor":3.0,"turns":3.0},{"damage":9.0,"enemies":"Blue Slaver","floor":4.0,"turns":4.0},{"damage":10.0,"enemies":"2 Fungi Beasts","floor":5.0,"turns":4.0},{"damage":12.0,"enemies":"Gremlin Nob","floor":6.0,"turns":4.0},{"damage":8.0,"enemies":"3 Louse","floor":7.0,"turns":3.0},{"damage":29.0,"enemies":"Gremlin Gang","floor":10.0,"turns":4.0},{"damage":19.0,"enemies":"Lagavulin","floor":11.0,"turns":6.0},{"damage":11.0,"enemies":"Red Slaver","floor":12.0,"turns":4.0},{"damage":0.0,"enemies":"3 Sentries","floor":14.0,"turns":4.0},{"damage":34.0,"enemies":"Hexaghost","floor":16.0,"turns":8.0},{"damage":6.0,"enemies":"Shell Parasite","floor":18.0,"turns":3.0},{"damage":1.0,"enemies":"3 Byrds","floor":20.0,"turns":5.0},{"damage":7.0,"enemies":"Snecko","floor":21.0,"turns":2.0},{"damage":38.0,"enemies":"Snake Plant","floor":22.0,"turns":3.0},{"damage":27.0,"enemies":"Slavers","floor":24.0,"turns":4.0},{"damage":0.0,"enemies":"Chosen and Byrds","floor":25.0,"turns":3.0},{"damage":23.0,"enemies":"Book of Stabbing","floor":27.0,"turns":3.0},{"damage":25.0,"enemies":"Centurion and Healer","floor":28.0,"turns":4.0},{"damage":35.0,"enemies":"Gremlin Leader","floor":31.0,"turns":7.0},{"damage":49.0,"enemies":"Collector","floor":33.0,"turns":7.0},{"damage":11,"enemies":"Orb Walker","floor":35,"turns":5},{"damage":15,"enemies":"3 Shapes","floor":36,"turns":6},{"damage":31,"enemies":"Transient","floor":37,"turns":5},{"damage":15,"enemies":"Jaw Worm Horde","floor":39,"turns":4},{"damage":11,"enemies":"Giant Head","floor":40,"turns":5},{"damage":35,"enemies":"Spire Growth","floor":45,"turns":5},{"damage":58,"enemies":"Nemesis","floor":46,"turns":7},{"damage":15,"enemies":"Transient","floor":48,"turns":5},{"damage":88,"enemies":"Awakened One","floor":50,"turns":8}],"seed_played":"5476518017186097766","potions_obtained":[{"floor":1.0,"key":"Swift Potion"},{"floor":3.0,"key":"Regen Potion"},{"floor":11.0,"key":"SteroidPotion"},{"floor":12.0,"key":"SkillPotion"},{"floor":14.0,"key":"Regen Potion"},{"floor":21.0,"key":"BloodPotion"},{"floor":27.0,"key":"FearPotion"},{"floor":31.0,"key":"Fire Potion"},{"floor":35,"key":"FearPotion"},{"floor":36,"key":"Energy Potion"},{"floor":37,"key":"Block Potion"},{"floor":40,"key":"Strength Potion"}],"is_trial":false,"path_per_floor":["M","M","M","M","M","E","M","R","T","M","E","M","R","E","R","B",null,"M","$","M","M","M","R","E","M","T","E","M","R","$","E","R","B",null,"M","M","M","$","M","E","?","R","T","R","M","E","$","M","R","B",null],"character_chosen":"IRONCLAD","items_purchased":["Offering","Sword Boomerang","Membership Card","Apotheosis","Burning Pact","Limit Break","Toy Ornithopter","PowerPotion"],"campfire_rested":2,"item_purchase_floors":[19,19,30,30,38,47,47,47],"current_hp_per_floor":[72,77,80,77,73,67,65,65,65,45,35,33,33,42,42,17,76,79,79,87,89,60,60,45,54,54,56,40,75,75,52,52,9,96,91,91,96,96,112,121,121,121,121,121,92,46,46,53,95,63],"gold":17,"neow_bonus":"TRANSFORM_TWO_CARDS","is_prod":false,"is_daily":false,"chose_seed":false,"campfire_upgraded":7,"win_rate":0,"timestamp":1571595662,"path_taken":["M","M","M","M","M","E","M","R","T","?","E","M","R","E","R","BOSS","M","$","M","M","M","R","E","M","T","E","M","R","$","E","R","BOSS","M","M","M","$","M","E","?","R","T","R","M","E","$","M","R","BOSS"],"build_version":"2019-07-17","purchased_purges":3,"victory":true,"max_hp_per_floor":[80,80,80,80,80,80,80,80,80,83,86,89,89,92,92,95,95,98,98,101,104,107,107,113,116,116,116,119,119,119,125,125,125,125,125,127,127,127,133,133,133,133,133,133,133,139,139,141,141,141],"card_choices":[{"not_picked":["Battle Trance","Corruption"],"picked":"Rage","floor":1.0},{"not_picked":["Pommel Strike","Warcry"],"picked":"Clothesline","floor":2.0},{"not_picked":["Searing Blow","Armaments"],"picked":"Heavy Blade","floor":3.0},{"not_picked":["Wild Strike","Evolve"],"picked":"Anger","floor":4.0},{"not_picked":["Wild Strike","Hemokinesis"],"picked":"Iron Wave","floor":5.0},{"not_picked":["Iron Wave","Armaments"],"picked":"Rampage","floor":6.0},{"not_picked":["Fire Breathing+1","Shockwave"],"picked":"Feed","floor":7.0},{"not_picked":["Iron Wave","Thunderclap","Pommel Strike"],"picked":"SKIP","floor":10.0},{"not_picked":["Twin Strike","Dropkick"],"picked":"Inflame+1","floor":11.0},{"not_picked":["Havoc","Infernal Blade","Clash"],"picked":"SKIP","floor":12.0},{"not_picked":["Shrug It Off","Sentinel"],"picked":"Feed","floor":14.0},{"not_picked":["Exhume","Dark Embrace+1"],"picked":"Offering","floor":16.0},{"not_picked":["Entrench","Carnage"],"picked":"Inflame+1","floor":18.0},{"not_picked":["Combust+1","Havoc","Iron Wave"],"picked":"SKIP","floor":20.0},{"not_picked":["Dual Wield","Clothesline+1"],"picked":"Battle Trance","floor":21.0},{"not_picked":["Thunderclap","Anger+1","Iron Wave"],"picked":"SKIP","floor":22.0},{"not_picked":["Seeing Red","Pommel Strike"],"picked":"Disarm+1","floor":24.0},{"not_picked":["Cleave+1","Ghostly Armor"],"picked":"Corruption+1","floor":25.0},{"not_picked":["Immolate","Twin Strike"],"picked":"Feel No Pain+1","floor":27.0},{"not_picked":["Iron Wave","Perfected Strike"],"picked":"Pommel Strike+1","floor":28.0},{"not_picked":["Anger","Battle Trance"],"picked":"Corruption+1","floor":29.0},{"not_picked":["Dropkick","Rampage+1","Pommel Strike+1"],"picked":"Singing Bowl","floor":31.0},{"not_picked":["Berserk+1","Feed"],"picked":"Reaper","floor":33.0},{"not_picked":["Sword Boomerang","Flex+1"],"picked":"Spot Weakness","floor":35},{"not_picked":["Body Slam+1","Clothesline","Evolve+1"],"picked":"Singing Bowl","floor":36},{"not_picked":["Iron Wave","Havoc"],"picked":"Disarm","floor":37},{"not_picked":["Combust+1","Searing Blow","Warcry"],"picked":"Singing Bowl","floor":39},{"not_picked":["Pommel Strike+1","Sever Soul"],"picked":"Shockwave","floor":40},{"not_picked":["Blood for Blood+1","Wild Strike+1"],"picked":"Sword Boomerang","floor":45},{"not_picked":["Infernal Blade+1","True Grit","Iron Wave+1"],"picked":"Singing Bowl","floor":46},{"not_picked":["Perfected Strike","Burning Pact","Clothesline+1"],"picked":"Singing Bowl","floor":48},{"not_picked":["Wild Strike","Anger"],"picked":"Pummel+1","floor":49}],"player_experience":302791,"relics_obtained":[{"floor":6.0,"key":"Frozen Egg 2"},{"floor":9.0,"key":"Letter Opener"},{"floor":11.0,"key":"Red Skull"},{"floor":14.0,"key":"Incense Burner"},{"floor":24.0,"key":"Singing Bowl"},{"floor":26.0,"key":"Dream Catcher"},{"floor":27.0,"key":"Art of War"},{"floor":31.0,"key":"Shuriken"},{"floor":40,"key":"Sundial"},{"floor":43,"key":"Bronze Scales"},{"floor":46,"key":"Mercury Hourglass"}],"event_choices":[{"damage_healed":0,"gold_gain":0,"player_choice":"Ignored","damage_taken":0,"max_hp_gain":0,"max_hp_loss":0,"event_name":"Tomb of Lord Red Mask","floor":41,"gold_loss":0}],"is_beta":false,"boss_relics":[{"not_picked":["Calling Bell","Orrery"],"picked":"Velvet Choker"},{"not_picked":["Runic Pyramid","Tiny House"],"picked":"White Beast Statue"}],"items_purged_floors":[19,38,47],"is_endless":false,"potions_floor_spawned":[1,3,11,12,14,21,27,31,35,36,37,39,40,45,46,48],"ascension_level":9}