{"gold_per_floor":[109,126,126,76,97,131,131,171,171,171,171,20,39,77,77,208,208,232,251,251,251,265,298,298,322,322,44,87,112,112,148,148,276,276,289,312,326,226,136,136,174,174,242,265,265,288,321,335,335,335],"floor_reached":51,"playtime":2623,"items_purged":["Strike_B","Go for the Eyes"],"score":845,"play_id":"a57044f1-0f09-4e04-b23c-6b722149b883","local_time":"20190928152030","is_ascension_mode":true,"campfire_choices":[{"data":"Sweeping Beam","floor":7,"key":"SMITH"},{"data":"Zap","floor":10,"key":"SMITH"},{"data":"Defragment","floor":15,"key":"SMITH"},{"floor":24,"key":"REST"},{"floor":30,"key":"REST"},{"data":"Echo Form","floor":32,"key":"SMITH"},{"data":"Coolheaded","floor":40,"key":"SMITH"},{"floor":42,"key":"REST"},{"data":"Conserve Battery","floor":45,"key":"SMITH"},{"data":"Leap","floor":49,"key":"SMITH"}],"neow_cost":"PERCENT_DAMAGE","seed_source_timestamp":1169007779384900,"circlet_count":0,"master_deck":["Strike_B","Defend_B","Zap+1","Dualcast","Conserve Battery+1","Cold Snap","Sweeping Beam+1","Coolheaded+1","Rebound","Defragment+1","Ball Lightning+1","Leap+1","Echo Form+1","Cold Snap+1","Cold Snap","Undo+1","Enlightenment+1","Barrage","Capacitor+1","Sweeping Beam+1","Seek+1","Defragment+1","Turbo+1","Leap+1","Cold Snap+1","Loop+1","Recycle+1"],"relics":["Cracked Core","Golden Idol","Shuriken","Oddly Smooth Stone","Pear","Centennial Puzzle","Runic Dome","Nilry\u0027s Codex","MutagenicStrength","Toxic Egg 2","Meat on the Bone","Orichalcum","Ice Cream","Bag of Marbles","Snecko Eye","Dream Catcher","StrikeDummy","Bird Faced Urn"],"potions_floor_usage":[16,16,22,22,44],"damage_taken":[{"damage":0,"enemies":"2 Louse","floor":1,"turns":2},{"damage":4,"enemies":"Jaw Worm","floor":2,"turns":3},{"damage":2,"enemies":"Small Slimes","floor":5,"turns":3},{"damage":20,"enemies":"Lagavulin","floor":6,"turns":7},{"damage":8,"enemies":"Gremlin Nob","floor":8,"turns":4},{"damage":0,"enemies":"Red Slaver","floor":13,"turns":2},{"damage":13,"enemies":"Lagavulin","floor":14,"turns":5},{"damage":2,"enemies":"Slime Boss","floor":16,"turns":6},{"damage":0,"enemies":"Spheric Guardian","floor":18,"turns":3},{"damage":0,"enemies":"Shell Parasite","floor":19,"turns":5},{"damage":8,"enemies":"Shelled Parasite and Fungi","floor":22,"turns":3},{"damage":28,"enemies":"Slavers","floor":23,"turns":4},{"damage":6,"enemies":"Book of Stabbing","floor":28,"turns":6},{"damage":2,"enemies":"Cultist and Chosen","floor":29,"turns":4},{"damage":8,"enemies":"Slavers","floor":31,"turns":5},{"damage":15,"enemies":"Champ","floor":33,"turns":9},{"damage":1,"enemies":"3 Darklings","floor":35,"turns":4},{"damage":4,"enemies":"Orb Walker","floor":36,"turns":4},{"damage":0,"enemies":"Jaw Worm Horde","floor":37,"turns":2},{"damage":39,"enemies":"Reptomancer","floor":41,"turns":6},{"damage":0,"enemies":"Transient","floor":44,"turns":5},{"damage":8,"enemies":"3 Darklings","floor":46,"turns":3},{"damage":14,"enemies":"Nemesis","floor":47,"turns":7},{"damage":0,"enemies":"Jaw Worm Horde","floor":48,"turns":2},{"damage":8,"enemies":"Donu and Deca","floor":50,"turns":9}],"seed_played":"5850657595622521391","potions_obtained":[{"floor":2,"key":"Explosive Potion"},{"floor":6,"key":"Dexterity Potion"},{"floor":14,"key":"EssenceOfSteel"},{"floor":16,"key":"DuplicationPotion"},{"floor":18,"key":"AttackPotion"},{"floor":23,"key":"Dexterity Potion"},{"floor":28,"key":"FairyPotion"},{"floor":31,"key":"Regen Potion"},{"floor":47,"key":"Strength Potion"}],"is_trial":false,"path_per_floor":["M","M","?","?","M","E","R","E","T","R","?","$","M","E","R","B",null,"M","M","?","?","M","E","R","T","T","$","E","M","R","E","R","B",null,"M","M","M","$","?","R","E","R","T","M","R","M","E","M","R","B",null],"character_chosen":"DEFECT","items_purchased":["Defragment","Enlightenment+1","Barrage","Orichalcum"],"campfire_rested":3,"item_purchase_floors":[12,27,27,27],"current_hp_per_floor":[54,50,50,50,48,28,28,20,30,30,30,30,30,17,17,15,79,79,79,63,63,55,27,50,50,50,50,44,42,65,57,57,42,79,78,74,74,74,74,74,47,70,70,79,79,71,57,65,65,79],"gold":335,"neow_bonus":"REMOVE_TWO","is_prod":false,"is_daily":false,"chose_seed":false,"campfire_upgraded":7,"win_rate":0,"timestamp":1569680430,"path_taken":["M","M","?","?","M","E","R","E","T","R","?","$","M","E","R","BOSS","M","M","?","?","?","E","R","?","T","$","E","M","R","E","R","BOSS","M","M","M","$","?","R","E","R","T","M","R","M","E","M","R","BOSS"],"build_version":"2019-09-27","purchased_purges":2,"victory":true,"max_hp_per_floor":[75,75,69,69,69,69,69,69,79,79,79,79,79,79,79,79,79,79,79,79,79,79,79,79,79,79,79,79,79,79,79,79,79,79,79,79,79,79,79,79,79,79,79,79,79,79,79,79,79,79],"card_choices":[{"not_picked":["Leap","Heatsinks"],"picked":"Conserve Battery","floor":1},{"not_picked":["Scrape","Lockon"],"picked":"Cold Snap","floor":2},{"not_picked":["White Noise","Leap"],"picked":"Sweeping Beam","floor":5},{"not_picked":["Conserve Battery","Stack"],"picked":"Coolheaded","floor":6},{"not_picked":["Hyperbeam","Chaos"],"picked":"Rebound","floor":8},{"not_picked":["Turbo","Leap"],"picked":"Ball Lightning","floor":13},{"not_picked":["Rebound","Turbo"],"picked":"Leap","floor":14},{"not_picked":["Reboot","All For One"],"picked":"Echo Form","floor":16},{"not_picked":["Chill","Heatsinks"],"picked":"Cold Snap+1","floor":18},{"not_picked":["Steam","Sunder"],"picked":"Cold Snap","floor":19},{"not_picked":["Redo","Reprogram","Auto Shields+1"],"picked":"SKIP","floor":22},{"not_picked":["Steam Power+1","Sunder+1"],"picked":"Undo","floor":23},{"not_picked":["Beam Cell","Fusion+1"],"picked":"Capacitor+1","floor":28},{"not_picked":["Ball Lightning","Chaos+1"],"picked":"Go for the Eyes","floor":29},{"not_picked":["Turbo+1","Rebound"],"picked":"Sweeping Beam+1","floor":31},{"not_picked":["Reboot+1","Fission+1"],"picked":"Seek+1","floor":33},{"not_picked":["Redo+1","Steam Power+1"],"picked":"Defragment+1","floor":35},{"not_picked":["Cold Snap","Tempest+1"],"picked":"Turbo+1","floor":36},{"not_picked":["Turbo+1","Stack+1"],"picked":"Leap+1","floor":37},{"not_picked":["Leap+1","Compile Driver"],"picked":"Cold Snap+1","floor":41},{"not_picked":["Beam Cell+1","Capacitor"],"picked":"Loop+1","floor":44},{"not_picked":["Recycle+1","Leap+1","Ball Lightning+1"],"picked":"SKIP","floor":46},{"not_picked":["Leap+1","Ball Lightning+1"],"picked":"Recycle+1","floor":46},{"not_picked":["Coolheaded+1","Gash","Loop"],"picked":"SKIP","floor":47},{"not_picked":["Defragment","Static Discharge","Chill+1"],"picked":"SKIP","floor":48}],"player_experience":1579149,"relics_obtained":[{"floor":6,"key":"Shuriken"},{"floor":8,"key":"Oddly Smooth Stone"},{"floor":9,"key":"Pear"},{"floor":14,"key":"Centennial Puzzle"},{"floor":20,"key":"Nilry\u0027s Codex"},{"floor":23,"key":"Toxic Egg 2"},{"floor":26,"key":"Meat on the Bone"},{"floor":28,"key":"Ice Cream"},{"floor":31,"key":"Bag of Marbles"},{"floor":41,"key":"Dream Catcher"},{"floor":43,"key":"StrikeDummy"},{"floor":47,"key":"Bird Faced Urn"}],"event_choices":[{"damage_healed":0,"gold_gain":0,"player_choice":"Lose Max HP","damage_taken":0,"relics_obtained":["Golden Idol"],"max_hp_gain":0,"max_hp_loss":6,"event_name":"Golden Idol","floor":3,"gold_loss":0},{"cards_removed":["Defend_B"],"damage_healed":0,"gold_gain":0,"player_choice":"Card Removal","damage_taken":0,"max_hp_gain":0,"max_hp_loss":0,"event_name":"The Cleric","floor":4,"gold_loss":50},{"cards_removed":["Defend_B"],"damage_healed":0,"gold_gain":0,"player_choice":"Forget","damage_taken":0,"max_hp_gain":0,"max_hp_loss":0,"event_name":"Living Wall","floor":11,"gold_loss":0},{"damage_healed":0,"gold_gain":0,"player_choice":"Obtained Book","damage_taken":16,"max_hp_gain":0,"max_hp_loss":0,"event_name":"Cursed Tome","floor":20,"gold_loss":0},{"damage_healed":0,"gold_gain":0,"player_choice":"Inject Mutagens","damage_taken":0,"relics_obtained":["MutagenicStrength"],"max_hp_gain":0,"max_hp_loss":0,"event_name":"Drug Dealer","floor":21,"gold_loss":0},{"cards_removed":["Strike_B"],"damage_healed":0,"gold_gain":0,"player_choice":"Upgrade and Remove","damage_taken":0,"max_hp_gain":0,"max_hp_loss":0,"event_name":"Designer","floor":39,"gold_loss":90,"cards_upgraded":["Ball Lightning"]}],"is_beta":true,"boss_relics":[{"not_picked":["Black Star","SacredBark"],"picked":"Runic Dome"},{"not_picked":["Calling Bell","SlaversCollar"],"picked":"Snecko Eye"}],"items_purged_floors":[12,38],"is_endless":false,"potions_floor_spawned":[2,6,14,16,18,23,28,31,36,47],"ascension_level":1}