{"gold_per_floor":[111,124,124,124,124,124,156,176,203,236,253,253,264,297,297,402,402,420,443,144,164,181,221,131,166,166,166,184,184,200,210,210,315,315,332,156,37,137,152,187,205,205,205,205,217,217,250,273,285,297,309,321,92,127,127],"floor_reached":56,"playtime":2546,"items_purged":["Strike_R","Strike_R"],"score":1419,"play_id":"84021b87-cdf1-4b27-aeb8-70ef506d0d4e","local_time":"20190921224526","is_ascension_mode":false,"campfire_choices":[{"data":"Carnage","floor":6.0,"key":"SMITH"},{"data":"Uppercut","floor":12.0,"key":"SMITH"},{"data":"Inflame","floor":15.0,"key":"SMITH"},{"data":"Metallicize","floor":27,"key":"SMITH"},{"data":"Dual Wield","floor":32,"key":"SMITH"},{"data":"Bloodletting","floor":42,"key":"SMITH"},{"data":"Juggernaut","floor":44,"key":"SMITH"},{"floor":49,"key":"RECALL"},{"data":"Defend_R","floor":52,"key":"SMITH"}],"neow_cost":"NONE","seed_source_timestamp":0,"circlet_count":0,"master_deck":["Strike_R","Defend_R+1","Defend_R+1","Bash+1","Carnage+1","Metallicize+1","Twin Strike","Shrug It Off+1","Inflame+1","Uppercut+1","Feed","Offering+1","Havoc+1","Dual Wield+1","Flame Barrier+1","Juggernaut+1","Inflame+1","Bloodletting+1","Burning Pact+1","Headbutt","Feel No Pain","Disarm+1"],"special_seed":0,"relics":["Burning Blood","Self Forming Clay","CeramicFish","Strawberry","War Paint","Centennial Puzzle","SacredBark","Sling","The Courier","White Beast Statue","Mummified Hand","Incense Burner","Runic Pyramid","Art of War","Question Card","MawBank","Bronze Scales","Toy Ornithopter"],"potions_floor_usage":[23,23,25,25,33,41,45,55,55,55],"damage_taken":[{"damage":1.0,"enemies":"Cultist","floor":1.0,"turns":3.0},{"damage":1.0,"enemies":"Jaw Worm","floor":2.0,"turns":3.0},{"damage":24.0,"enemies":"Lagavulin","floor":7.0,"turns":6.0},{"damage":0.0,"enemies":"Small Slimes","floor":8.0,"turns":2.0},{"damage":3.0,"enemies":"3 Sentries","floor":10.0,"turns":8.0},{"damage":8.0,"enemies":"Gremlin Gang","floor":11.0,"turns":4.0},{"damage":0.0,"enemies":"2 Fungi Beasts","floor":13.0,"turns":2.0},{"damage":7.0,"enemies":"Gremlin Nob","floor":14.0,"turns":3.0},{"damage":39.0,"enemies":"Hexaghost","floor":16.0,"turns":11.0},{"damage":11.0,"enemies":"2 Thieves","floor":18.0,"turns":5.0},{"damage":10.0,"enemies":"Shell Parasite","floor":19.0,"turns":3.0},{"damage":6.0,"enemies":"Centurion and Healer","floor":21.0,"turns":5.0},{"damage":15.0,"enemies":"Snake Plant","floor":22.0,"turns":4.0},{"damage":6,"enemies":"Book of Stabbing","floor":23,"turns":2},{"damage":15,"enemies":"Slavers","floor":25,"turns":3},{"damage":11,"enemies":"Snecko","floor":28,"turns":4},{"damage":6,"enemies":"Cultist and Chosen","floor":30,"turns":6},{"damage":6,"enemies":"Snake Plant","floor":31,"turns":1},{"damage":33,"enemies":"Automaton","floor":33,"turns":14},{"damage":6,"enemies":"Orb Walker","floor":35,"turns":2},{"damage":12,"enemies":"3 Darklings","floor":39,"turns":6},{"damage":8,"enemies":"Reptomancer","floor":40,"turns":6},{"damage":9,"enemies":"4 Shapes","floor":41,"turns":3},{"damage":9,"enemies":"Jaw Worm Horde","floor":45,"turns":5},{"damage":9,"enemies":"Giant Head","floor":47,"turns":6},{"damage":13,"enemies":"Spire Growth","floor":48,"turns":4},{"damage":15,"enemies":"Donu and Deca","floor":50,"turns":8},{"damage":45,"enemies":"Shield and Spear","floor":54,"turns":6},{"damage":57,"enemies":"The Heart","floor":55,"turns":6}],"seed_played":"-2710393556743331600","potions_obtained":[{"floor":7.0,"key":"HeartOfIron"},{"floor":8.0,"key":"BloodPotion"},{"floor":14.0,"key":"Fruit Juice"},{"floor":16.0,"key":"SteroidPotion"},{"floor":19.0,"key":"PowerPotion"},{"floor":23,"key":"Block Potion"},{"floor":28,"key":"Ancient Potion"},{"floor":30,"key":"Fire Potion"},{"floor":31,"key":"Swift Potion"},{"floor":33,"key":"Energy Potion"},{"floor":39,"key":"EssenceOfSteel"},{"floor":41,"key":"PowerPotion"},{"floor":45,"key":"BloodPotion"}],"is_trial":false,"path_per_floor":["M","M","?","T","?","R","E","M","T","E","M","R","M","E","R","B",null,"M","M","$","M","M","E","?","E","T","R","M","T","M","M","R","B",null,"M","$","$","?","M","E","M","R","T","R","M","?","E","M","R","B",null,"R","$","E","B",null],"character_chosen":"IRONCLAD","items_purchased":["Sling","Ancient Potion","Bloodletting","SteroidPotion","Art of War","Headbutt","Bronze Scales","Feel No Pain","LiquidBronze"],"campfire_rested":0,"item_purchase_floors":[20,20,36,36,37,53,53,53,53],"current_hp_per_floor":[80,80,80,80,80,80,62,68,75,78,76,76,82,81,81,51,100,98,94,94,97,88,91,91,85,85,85,80,80,83,83,83,56,115,118,118,118,118,115,116,119,119,119,119,119,119,119,115,115,112,145,145,145,112,136],"gold":127,"neow_bonus":"UPGRADE_CARD","is_prod":false,"is_daily":false,"chose_seed":false,"campfire_upgraded":8,"win_rate":0,"timestamp":1569102326,"path_taken":["M","M","?","?","?","R","E","M","T","E","M","R","?","E","R","BOSS","M","M","$","M","M","E","?","E","T","R","?","?","M","M","R","BOSS","M","?","$","?","?","E","?","R","T","R","?","?","E","M","R","BOSS","R","$","E","BOSS"],"build_version":"2019-09-20","purchased_purges":2,"victory":true,"max_hp_per_floor":[80,80,80,80,80,80,80,80,87,87,87,87,87,87,87,90,100,103,103,103,106,106,109,109,112,112,112,112,112,115,115,115,115,115,118,118,118,118,121,124,130,130,130,130,133,133,136,139,139,145,145,145,145,151,151],"card_choices":[{"not_picked":["Heavy Blade","Headbutt"],"picked":"Carnage","floor":1.0},{"not_picked":["Pommel Strike","Hemokinesis"],"picked":"Metallicize","floor":2.0},{"not_picked":["True Grit","Sword Boomerang"],"picked":"Twin Strike","floor":7.0},{"not_picked":["Intimidate","Uppercut"],"picked":"Shrug It Off","floor":8.0},{"not_picked":["Carnage","Clothesline"],"picked":"Inflame","floor":10.0},{"not_picked":["Armaments","Iron Wave"],"picked":"Uppercut","floor":11.0},{"not_picked":["Twin Strike","Sword Boomerang","Rage"],"picked":"SKIP","floor":13.0},{"not_picked":["Blood for Blood","Clash"],"picked":"Feed","floor":14.0},{"not_picked":["Berserk","Bludgeon"],"picked":"Offering","floor":16.0},{"not_picked":["True Grit","Pummel","Perfected Strike+1"],"picked":"SKIP","floor":18.0},{"not_picked":["Entrench","Anger"],"picked":"Havoc+1","floor":19.0},{"not_picked":["Combust","Anger"],"picked":"Dual Wield","floor":21.0},{"not_picked":["Evolve","Infernal Blade","Sword Boomerang+1"],"picked":"SKIP","floor":22.0},{"not_picked":["Cleave+1","Armaments"],"picked":"Flame Barrier+1","floor":23},{"not_picked":["True Grit","Fire Breathing","Blood for Blood+1"],"picked":"SKIP","floor":25},{"not_picked":["Clash","Armaments","Spot Weakness"],"picked":"SKIP","floor":28},{"not_picked":["Whirlwind","Thunderclap+1","Sword Boomerang"],"picked":"SKIP","floor":30},{"not_picked":["Bludgeon","Pommel Strike","Flex"],"picked":"SKIP","floor":31},{"not_picked":["Fiend Fire","Berserk"],"picked":"Juggernaut","floor":33},{"not_picked":["Cleave+1","Iron Wave"],"picked":"Inflame+1","floor":35},{"not_picked":["Armaments","Wild Strike","Hemokinesis"],"picked":"SKIP","floor":39},{"not_picked":["Clothesline","Cleave+1"],"picked":"Burning Pact+1","floor":40},{"not_picked":["Flex","Clothesline+1","Armaments","Warcry+1"],"picked":"SKIP","floor":41},{"not_picked":["Havoc+1","Perfected Strike","Rage","Iron Wave+1"],"picked":"SKIP","floor":45},{"not_picked":["Shockwave+1","Fire Breathing","Combust+1","Infernal Blade"],"picked":"SKIP","floor":47},{"not_picked":["Exhume","Warcry","Body Slam+1","Pommel Strike"],"picked":"SKIP","floor":48},{"not_picked":["Pummel+1","Wild Strike","Searing Blow+1"],"picked":"Disarm+1","floor":54}],"player_experience":1544430,"relics_obtained":[{"floor":4.0,"key":"Self Forming Clay"},{"floor":7.0,"key":"CeramicFish"},{"floor":9.0,"key":"Strawberry"},{"floor":10.0,"key":"War Paint"},{"floor":14.0,"key":"Centennial Puzzle"},{"floor":23,"key":"The Courier"},{"floor":25,"key":"White Beast Statue"},{"floor":26,"key":"Mummified Hand"},{"floor":29,"key":"Incense Burner"},{"floor":40,"key":"Question Card"},{"floor":47,"key":"MawBank"},{"floor":54,"key":"Toy Ornithopter"}],"event_choices":[{"cards_removed":["Strike_R"],"damage_healed":0.0,"max_hp_gain":0.0,"max_hp_loss":0.0,"gold_gain":0.0,"event_name":"Living Wall","player_choice":"Forget","floor":3.0,"gold_loss":0.0,"damage_taken":0.0},{"cards_removed":["Defend_R"],"damage_healed":0.0,"max_hp_gain":0.0,"max_hp_loss":0.0,"gold_gain":0.0,"event_name":"Wheel of Change","player_choice":"Card Removal","floor":5.0,"gold_loss":0.0,"damage_taken":0.0},{"cards_removed":["Strike_R"],"damage_healed":0,"gold_gain":0,"player_choice":"Upgrade and Remove","damage_taken":0,"max_hp_gain":0,"max_hp_loss":0,"event_name":"Designer","floor":24,"gold_loss":90,"cards_upgraded":["Offering"]},{"damage_healed":0,"gold_gain":100,"player_choice":"Pray","damage_taken":0,"max_hp_gain":0,"max_hp_loss":0,"event_name":"Golden Shrine","floor":38,"gold_loss":0},{"cards_removed":["Defend_R"],"damage_healed":0,"gold_gain":0,"player_choice":"Removed Skill","damage_taken":0,"max_hp_gain":0,"max_hp_loss":0,"event_name":"Falling","floor":46,"gold_loss":0}],"is_beta":true,"boss_relics":[{"not_picked":["Cursed Key","Empty Cage"],"picked":"SacredBark"},{"not_picked":["Mark of Pain","Runic Cube"],"picked":"Runic Pyramid"}],"items_purged_floors":[20,36],"is_endless":false,"potions_floor_spawned":[7,8,14,16,19,21,23,28,30,31,33,35,39,40,41,45,47,48,54],"ascension_level":0}