{"gold_per_floor":[125,125,7,24,50,50,83,103,103,145,145,184,209,31,31,143,143,166,201,201,62,62,98,122,158,185,203,51,70,70,90,90,185,185,202,202,213,230,22,22],"floor_reached":40,"playtime":1808,"items_purged":["Strike_B","Strike_B"],"score":547,"play_id":"02e0c23b-07cf-4d3d-8fa7-cd993a3eef0b","local_time":"20191001221501","is_ascension_mode":true,"campfire_choices":[{"data":"Chaos","floor":6.0,"key":"SMITH"},{"data":"Doom and Gloom","floor":11.0,"key":"SMITH"},{"floor":15.0,"key":"REST"},{"data":"Apotheosis","floor":32.0,"key":"SMITH"}],"neow_cost":"NONE","seed_source_timestamp":0,"circlet_count":0,"master_deck":["Strike_B","Defend_B","Defend_B","Defend_B","Zap","Dualcast","CurseOfTheBell","Steam","Chaos+1","Reinforced Body","White Noise","Ball Lightning","Doom and Gloom+1","Self Repair","Coolheaded","Seek","Apotheosis+1","Core Surge","Static Discharge+1","Steam Power+1","Capacitor","Barrage","Redo","Chaos+1","Sweeping Beam+1","Sweeping Beam+1","Stack+1","Hologram+1","Compile Driver","Heatsinks"],"special_seed":0,"relics":["Calling Bell","CeramicFish","Cables","Lizard Tail","Gremlin Horn","Bottled Flame","Art of War","Omamori","Cursed Key","Red Mask","Nilry\u0027s Codex","Pear","Lantern","Orichalcum","Bag of Marbles","MutagenicStrength","Philosopher\u0027s Stone"],"potions_floor_usage":[],"damage_taken":[{"damage":7.0,"enemies":"2 Louse","floor":1.0,"turns":3.0},{"damage":7.0,"enemies":"Jaw Worm","floor":4.0,"turns":5.0},{"damage":0.0,"enemies":"Cultist","floor":5.0,"turns":3.0},{"damage":16.0,"enemies":"Gremlin Nob","floor":7.0,"turns":3.0},{"damage":8.0,"enemies":"Lots of Slimes","floor":8.0,"turns":4.0},{"damage":9.0,"enemies":"Lagavulin","floor":10.0,"turns":4.0},{"damage":13.0,"enemies":"3 Sentries","floor":12.0,"turns":5.0},{"damage":0.0,"enemies":"3 Louse","floor":13.0,"turns":1.0},{"damage":9.0,"enemies":"The Guardian","floor":16.0,"turns":7.0},{"damage":11.0,"enemies":"2 Thieves","floor":18.0,"turns":4.0},{"damage":18.0,"enemies":"Masked Bandits","floor":19.0,"turns":3.0},{"damage":2.0,"enemies":"Gremlin Leader","floor":23.0,"turns":6.0},{"damage":6.0,"enemies":"3 Byrds","floor":24.0,"turns":4.0},{"damage":36.0,"enemies":"Slavers","floor":25.0,"turns":6.0},{"damage":15.0,"enemies":"Snake Plant","floor":27.0,"turns":2.0},{"damage":7.0,"enemies":"Snecko","floor":29.0,"turns":3.0},{"damage":0.0,"enemies":"Sentry and Sphere","floor":31.0,"turns":3.0},{"damage":0.0,"enemies":"Champ","floor":33.0,"turns":8.0},{"damage":0.0,"enemies":"Orb Walker","floor":35.0,"turns":3.0},{"damage":4.0,"enemies":"3 Darklings","floor":37.0,"turns":3.0},{"damage":3.0,"enemies":"Maw","floor":38.0,"turns":5.0},{"damage":0,"enemies":"Nemesis","floor":40,"turns":1}],"seed_played":"-2572377630998124210","potions_obtained":[{"floor":1.0,"key":"FearPotion"},{"floor":5.0,"key":"AttackPotion"},{"floor":7.0,"key":"Swift Potion"},{"floor":10.0,"key":"AttackPotion"},{"floor":13.0,"key":"Swift Potion"},{"floor":16.0,"key":"FearPotion"},{"floor":18.0,"key":"Regen Potion"},{"floor":23.0,"key":"Ancient Potion"},{"floor":29.0,"key":"Block Potion"},{"floor":38.0,"key":"GamblersBrew"}],"is_trial":false,"path_per_floor":["M","?","$","M","M","R","E","M","T","E","R","E","M","$","R","B",null,"M","?","?","$","?","E","M","E","T","M","$","M","?","M","R","B",null,"M","?","M","M","$","E"],"character_chosen":"DEFECT","items_purchased":["Chaos","Strength Potion","Apotheosis","Capacitor","Bag of Marbles","Compile Driver","Heatsinks"],"campfire_rested":1,"item_purchase_floors":[3,3,14,21,28,39,39],"current_hp_per_floor":[68,61,61,54,54,54,38,30,30,21,21,15,15,15,37,38,75,74,63,47,47,47,75,79,50,50,45,45,47,47,54,54,64,85,85,85,81,85,85,85],"gold":22,"neow_bonus":"BOSS_RELIC","is_prod":false,"is_daily":false,"chose_seed":false,"campfire_upgraded":3,"win_rate":0,"timestamp":1569964501,"path_taken":["M","?","$","M","M","R","E","M","T","E","R","E","M","$","R","BOSS","M","?","?","$","?","E","M","E","T","?","$","M","?","M","R","BOSS","M","?","?","?","$","E"],"build_version":"2019-10-01","purchased_purges":2,"victory":false,"max_hp_per_floor":[75,75,75,75,75,75,75,75,75,75,75,75,75,75,75,75,75,75,75,75,75,75,85,85,85,85,85,85,85,85,85,85,85,85,85,85,85,85,85,85],"card_choices":[{"not_picked":["Turbo","Scrape"],"picked":"Steam","floor":1.0},{"not_picked":["Thunder Strike","Gash"],"picked":"Reinforced Body","floor":4.0},{"not_picked":["Steam","Blizzard"],"picked":"White Noise","floor":5.0},{"not_picked":["Meteor Strike","Aggregate"],"picked":"Ball Lightning","floor":7.0},{"not_picked":["Sweeping Beam","Conserve Battery"],"picked":"Doom and Gloom","floor":8.0},{"not_picked":["Ball Lightning","Coolheaded"],"picked":"Self Repair","floor":10.0},{"not_picked":["Turbo","Ball Lightning"],"picked":"Coolheaded","floor":12.0},{"not_picked":["Gash","Consume"],"picked":"Seek","floor":13.0},{"not_picked":["Hyperbeam","Buffer"],"picked":"Core Surge","floor":16.0},{"not_picked":["Rip and Tear+1","Chill"],"picked":"Static Discharge+1","floor":18.0},{"not_picked":["Loop+1","Reinforced Body+1"],"picked":"Steam Power+1","floor":19.0},{"not_picked":["Gash","Chaos"],"picked":"Barrage","floor":23.0},{"not_picked":["Conserve Battery","Cold Snap"],"picked":"Redo","floor":24.0},{"not_picked":["Multi-Cast","Barrage"],"picked":"Chaos+1","floor":25.0},{"not_picked":["Steam","Turbo+1"],"picked":"Sweeping Beam+1","floor":27.0},{"not_picked":["Hello World+1","Redo"],"picked":"Sweeping Beam+1","floor":29.0},{"not_picked":["Sunder","Static Discharge","Coolheaded"],"picked":"SKIP","floor":31.0},{"not_picked":["Steam+1","Barrage"],"picked":"Stack+1","floor":35.0},{"not_picked":["Ball Lightning+1","Steam Power","Static Discharge+1"],"picked":"SKIP","floor":37.0},{"not_picked":["Recycle","Beam Cell"],"picked":"Hologram+1","floor":38.0}],"player_experience":1597244,"relics_obtained":[{"floor":0.0,"key":"CeramicFish"},{"floor":0.0,"key":"Cables"},{"floor":0.0,"key":"Lizard Tail"},{"floor":7.0,"key":"Gremlin Horn"},{"floor":9.0,"key":"Bottled Flame"},{"floor":10.0,"key":"Art of War"},{"floor":12.0,"key":"Omamori"},{"floor":19.0,"key":"Red Mask"},{"floor":20.0,"key":"Nilry\u0027s Codex"},{"floor":23.0,"key":"Pear"},{"floor":25.0,"key":"Lantern"},{"floor":26.0,"key":"Orichalcum"}],"event_choices":[{"cards_removed":["Defend_B"],"damage_healed":0.0,"max_hp_gain":0.0,"max_hp_loss":0.0,"gold_gain":0.0,"event_name":"Golden Wing","player_choice":"Card Removal","floor":2.0,"gold_loss":0.0,"damage_taken":7.0},{"damage_healed":0.0,"max_hp_gain":0.0,"max_hp_loss":0.0,"gold_gain":0.0,"event_name":"Masked Bandits","player_choice":"Fought Bandits","floor":19.0,"gold_loss":0.0,"damage_taken":0.0},{"damage_healed":0.0,"max_hp_gain":0.0,"max_hp_loss":0.0,"gold_gain":0.0,"event_name":"Cursed Tome","player_choice":"Obtained Book","floor":20.0,"gold_loss":0.0,"damage_taken":16.0},{"cards_removed":["Strike_B"],"damage_healed":0.0,"max_hp_gain":0.0,"max_hp_loss":0.0,"gold_gain":0.0,"event_name":"Back to Basics","player_choice":"Elegance","floor":22.0,"gold_loss":0.0,"damage_taken":0.0},{"damage_healed":0.0,"max_hp_gain":0.0,"max_hp_loss":0.0,"gold_gain":0.0,"event_name":"Drug Dealer","player_choice":"Inject Mutagens","floor":30.0,"gold_loss":0.0,"damage_taken":0.0,"relics_obtained":["MutagenicStrength"]},{"damage_healed":0.0,"max_hp_gain":0.0,"max_hp_loss":0.0,"gold_gain":0.0,"event_name":"The Woman in Blue","player_choice":"Bought 0 Potions","floor":36.0,"gold_loss":0.0,"damage_taken":0.0}],"is_beta":true,"boss_relics":[{"not_picked":["Busted Crown","Inserter"],"picked":"Cursed Key"},{"not_picked":["Velvet Choker","Runic Dome"],"picked":"Philosopher\u0027s Stone"}],"items_purged_floors":[21,39],"is_endless":false,"potions_floor_spawned":[1,5,7,10,13,16,18,23,29,38],"killed_by":"Nemesis","ascension_level":1}