{"gold_per_floor":[109,119,119,137,62,90,90,122,122,136,165,65,80,90,90,188,188,207,224,241,48,64,64,64],"floor_reached":24,"playtime":694,"items_purged":["Strike_R","Strike_R"],"score":297,"play_id":"c917b33a-c1f3-47dd-951f-5233b4bded87","local_time":"20191012155910","is_ascension_mode":true,"campfire_choices":[{"data":"Fire Breathing","floor":7,"key":"SMITH"},{"floor":15,"key":"REST"},{"data":"Evolve","floor":23,"key":"SMITH"}],"neow_cost":"NONE","seed_source_timestamp":529603666927600,"circlet_count":0,"master_deck":["Defend_R","Defend_R","Defend_R","Defend_R","Bash","Wild Strike","Uppercut","Fire Breathing+1","Twin Strike+1","Reckless Charge","Body Slam","Iron Wave","Wild Strike","Reckless Charge+1","Reaper","Whirlwind+1","Dark Embrace+1","Carnage+1","Warcry","Wild Strike+1","Power Through","Evolve+1"],"relics":["Burning Blood","Torii","InkBottle","Self Forming Clay","Matryoshka","Astrolabe","Whetstone"],"potions_floor_usage":[6,8,10,14,16,19,20,20],"damage_taken":[{"damage":0,"enemies":"Small Slimes","floor":1,"turns":3},{"damage":6,"enemies":"Cultist","floor":2,"turns":3},{"damage":0,"enemies":"2 Louse","floor":4,"turns":2},{"damage":37,"enemies":"Lagavulin","floor":6,"turns":7},{"damage":1,"enemies":"3 Sentries","floor":8,"turns":4},{"damage":23,"enemies":"Exordium Thugs","floor":10,"turns":4},{"damage":24,"enemies":"Gremlin Nob","floor":11,"turns":4},{"damage":6,"enemies":"Looter","floor":13,"turns":2},{"damage":11,"enemies":"Exordium Wildlife","floor":14,"turns":3},{"damage":26,"enemies":"Slime Boss","floor":16,"turns":5},{"damage":23,"enemies":"Spheric Guardian","floor":18,"turns":4},{"damage":28,"enemies":"2 Thieves","floor":19,"turns":4},{"damage":17,"enemies":"Snake Plant","floor":20,"turns":3},{"damage":8,"enemies":"Centurion and Healer","floor":22,"turns":5},{"damage":32,"enemies":"Gremlin Leader","floor":24,"turns":4}],"seed_played":"2451044781043000112","potions_obtained":[{"floor":1,"key":"EssenceOfSteel"},{"floor":3,"key":"Fire Potion"},{"floor":3,"key":"SkillPotion"},{"floor":6,"key":"Fire Potion"},{"floor":11,"key":"Energy Potion"},{"floor":16,"key":"SteroidPotion"},{"floor":18,"key":"PowerPotion"},{"floor":19,"key":"Swift Potion"}],"is_trial":false,"path_per_floor":["M","M","?","M","$","E","R","E","T","M","E","$","M","M","R","B",null,"M","M","M","$","M","R","E"],"character_chosen":"IRONCLAD","items_purchased":["Evolve","Whetstone"],"campfire_rested":1,"item_purchase_floors":[21,21],"current_hp_per_floor":[78,78,78,80,80,49,49,54,54,37,19,19,19,14,38,18,65,48,26,15,15,21,21,0],"gold":64,"neow_bonus":"THREE_CARDS","is_prod":false,"is_daily":false,"chose_seed":false,"campfire_upgraded":2,"win_rate":0,"timestamp":1570885150,"path_taken":["M","M","?","M","$","E","R","E","T","M","E","$","?","M","R","BOSS","M","M","M","$","M","R","E"],"build_version":"2019-10-11","purchased_purges":2,"victory":false,"max_hp_per_floor":[80,80,80,80,80,80,80,80,80,80,80,80,80,80,80,80,80,80,80,80,80,80,80,80],"card_choices":[{"not_picked":["Metallicize","Entrench"],"picked":"Wild Strike","floor":0},{"not_picked":["Body Slam","Clothesline"],"picked":"Uppercut","floor":1},{"not_picked":["Perfected Strike","Sever Soul"],"picked":"Fire Breathing","floor":2},{"not_picked":["Headbutt","Shockwave"],"picked":"Twin Strike","floor":4},{"not_picked":["Rage","Thunderclap"],"picked":"Reckless Charge","floor":6},{"not_picked":["Combust","Immolate"],"picked":"Body Slam","floor":8},{"not_picked":["Searing Blow","Sentinel"],"picked":"Iron Wave","floor":10},{"not_picked":["Heavy Blade","Headbutt"],"picked":"Wild Strike","floor":11},{"not_picked":["Clothesline","Inflame"],"picked":"Reckless Charge","floor":13},{"not_picked":["Warcry","Second Wind","Clothesline"],"picked":"SKIP","floor":14},{"not_picked":["Dark Embrace","Double Tap"],"picked":"Reaper","floor":16},{"not_picked":["Body Slam","Flex"],"picked":"Warcry","floor":18},{"not_picked":["Armaments","Metallicize"],"picked":"Wild Strike+1","floor":19},{"not_picked":["Clothesline+1","Pommel Strike+1"],"picked":"Power Through","floor":20},{"not_picked":["Second Wind","Infernal Blade","Thunderclap"],"picked":"SKIP","floor":22}],"player_experience":377871,"relics_obtained":[{"floor":6,"key":"Torii"},{"floor":8,"key":"InkBottle"},{"floor":9,"key":"Self Forming Clay"},{"floor":11,"key":"Matryoshka"}],"event_choices":[{"damage_healed":0,"gold_gain":0,"player_choice":"Got Potions","damage_taken":0,"max_hp_gain":0,"max_hp_loss":0,"event_name":"Lab","floor":3,"gold_loss":0}],"is_beta":true,"boss_relics":[{"not_picked":["Runic Cube","Black Star"],"picked":"Astrolabe"}],"items_purged_floors":[5,12],"is_endless":false,"potions_floor_spawned":[1,6,11,16,18,19],"killed_by":"Gremlin Leader","ascension_level":7}