{"gold_per_floor":[114,74,90,108,108,136,136,163,163,113,113,113,124,138,138,233,233,244,129,111,124,144,144,144],"floor_reached":24,"playtime":883,"items_purged":[],"score":239,"play_id":"c24243cd-4e3f-487d-be8e-1a0319bc697f","local_time":"20190922191408","is_ascension_mode":true,"campfire_choices":[{"data":"Whirlwind","floor":7,"key":"SMITH"},{"data":"Fire Breathing","floor":11,"key":"SMITH"},{"data":"Strike_R","floor":15,"key":"PURGE"},{"data":"Whirlwind","floor":23,"key":"SMITH"}],"neow_cost":"NONE","seed_source_timestamp":92032931519800,"circlet_count":0,"master_deck":["Strike_R","Strike_R","Defend_R","Defend_R","Defend_R","Defend_R","Bash","Shrug It Off","Whirlwind+1","Intimidate","Sentinel","Fire Breathing+1","Pain","Exhume","Shockwave","Limit Break","Whirlwind+1","Hemokinesis"],"relics":["Black Blood","Peace Pipe","Mummified Hand","Darkstone Periapt","WarpedTongs","Anchor"],"potions_floor_usage":[8,16,16,24],"damage_taken":[{"damage":7,"enemies":"Small Slimes","floor":1,"turns":4},{"damage":5,"enemies":"Cultist","floor":3,"turns":4},{"damage":7,"enemies":"Jaw Worm","floor":4,"turns":4},{"damage":33,"enemies":"Gremlin Nob","floor":6,"turns":5},{"damage":42,"enemies":"Lagavulin","floor":8,"turns":9},{"damage":9,"enemies":"3 Louse","floor":13,"turns":3},{"damage":5,"enemies":"Lots of Slimes","floor":14,"turns":2},{"damage":58,"enemies":"Slime Boss","floor":16,"turns":14},{"damage":2,"enemies":"3 Byrds","floor":18,"turns":4},{"damage":21,"enemies":"2 Thieves","floor":20,"turns":4},{"damage":43,"enemies":"3 Cultists","floor":21,"turns":4},{"damage":45,"enemies":"Snake Plant","floor":22,"turns":5},{"damage":15,"enemies":"Snecko","floor":24,"turns":4}],"seed_played":"-7084818726005798021","potions_obtained":[{"floor":2,"key":"Explosive Potion"},{"floor":2,"key":"PowerPotion"},{"floor":2,"key":"FairyPotion"},{"floor":8,"key":"BloodPotion"},{"floor":13,"key":"Fire Potion"},{"floor":20,"key":"EssenceOfSteel"}],"is_trial":false,"path_per_floor":["M","?","M","M","?","E","R","E","T","?","R","?","M","M","R","B",null,"M","?","M","M","M","R","M"],"character_chosen":"IRONCLAD","items_purchased":[],"campfire_rested":0,"item_purchase_floors":[],"current_hp_per_floor":[87,87,88,87,87,60,60,24,24,24,24,30,27,28,28,15,94,94,94,83,50,15,15,0],"gold":144,"neow_bonus":"TEN_PERCENT_HP_BONUS","is_prod":false,"is_daily":false,"chose_seed":false,"campfire_upgraded":3,"win_rate":0,"timestamp":1569172448,"path_taken":["M","?","M","?","?","E","R","E","T","?","R","?","?","M","R","BOSS","M","?","M","M","M","R","M"],"build_version":"2019-07-17","purchased_purges":0,"victory":false,"max_hp_per_floor":[88,88,88,88,88,88,88,88,88,88,88,94,94,94,94,94,94,94,94,94,94,94,94,94],"card_choices":[{"not_picked":["Iron Wave","Twin Strike"],"picked":"Shrug It Off","floor":1},{"not_picked":["Perfected Strike","Rage"],"picked":"Whirlwind","floor":3},{"not_picked":["Perfected Strike","Wild Strike"],"picked":"Intimidate","floor":4},{"not_picked":["Anger","Clothesline"],"picked":"Sentinel","floor":6},{"not_picked":["Armaments","True Grit"],"picked":"Fire Breathing","floor":8},{"not_picked":["Anger","Perfected Strike"],"picked":"Exhume","floor":13},{"not_picked":["Rampage","True Grit"],"picked":"Shockwave","floor":14},{"not_picked":["Feed","Juggernaut"],"picked":"Limit Break","floor":16},{"not_picked":["Thunderclap","Sword Boomerang","Iron Wave"],"picked":"SKIP","floor":18},{"not_picked":["Metallicize","True Grit"],"picked":"Whirlwind","floor":20},{"not_picked":["Fire Breathing","Ghostly Armor"],"picked":"Hemokinesis","floor":21},{"not_picked":["Perfected Strike","Headbutt","Reckless Charge"],"picked":"SKIP","floor":22}],"player_experience":151727,"relics_obtained":[{"floor":6,"key":"Peace Pipe"},{"floor":8,"key":"Mummified Hand"},{"floor":9,"key":"Darkstone Periapt"}],"event_choices":[{"damage_healed":0,"gold_gain":0,"player_choice":"Bought 3 Potions","damage_taken":0,"max_hp_gain":0,"max_hp_loss":0,"event_name":"The Woman in Blue","floor":2,"gold_loss":0},{"cards_removed":["Strike_R"],"damage_healed":0,"gold_gain":0,"player_choice":"Forget","damage_taken":0,"max_hp_gain":0,"max_hp_loss":0,"event_name":"Living Wall","floor":5,"gold_loss":0},{"cards_removed":["Strike_R"],"damage_healed":0,"gold_gain":0,"player_choice":"Card Removal","damage_taken":0,"max_hp_gain":0,"max_hp_loss":0,"event_name":"The Cleric","floor":10,"gold_loss":50},{"damage_healed":0,"gold_gain":0,"player_choice":"Rummage","damage_taken":0,"relics_obtained":["WarpedTongs"],"max_hp_gain":0,"max_hp_loss":0,"event_name":"Accursed Blacksmith","floor":12,"gold_loss":0,"cards_obtained":["Pain"]},{"damage_healed":0,"gold_gain":0,"player_choice":"Paid Gold","damage_taken":0,"relics_obtained":["Anchor"],"max_hp_gain":0,"max_hp_loss":0,"event_name":"WeMeetAgain","floor":19,"gold_loss":115}],"is_beta":false,"boss_relics":[{"not_picked":["Astrolabe","Tiny House"],"picked":"Black Blood"}],"items_purged_floors":[],"is_endless":false,"potions_floor_spawned":[6,8,13,20],"killed_by":"Snecko","ascension_level":3}