{"gold_per_floor":[366,366,366,316,316,343,343,13,13,13,26,90,19,33,33,33],"floor_reached":16,"playtime":608,"items_purged":["Defend_R"],"score":106,"play_id":"7fd71934-0005-4500-a98b-c064a70fb90a","local_time":"20180721110714","is_ascension_mode":false,"campfire_choices":[{"floor":7,"key":"REST"},{"data":"Disarm","floor":10,"key":"SMITH"},{"floor":15,"key":"REST"}],"neow_cost":"TEN_PERCENT_HP_LOSS","seed_source_timestamp":591890209393408,"circlet_count":0,"master_deck":["Strike_R","Strike_R+1","Strike_R","Strike_R","Strike_R","Defend_R+1","Bash","Shrug It Off","Disarm+1","Dual Wield","Shrug It Off","True Grit","Barricade","Battle Trance","Armaments"],"relics":["Burning Blood","Bag of Marbles","Boot","Medical Kit","Shuriken","Tiny Chest"],"potions_floor_usage":[12,16],"damage_taken":[{"damage":0,"enemies":"Small Slimes","floor":1,"turns":4},{"damage":24,"enemies":"Gremlin Nob","floor":6,"turns":4},{"damage":2,"enemies":"2 Louse","floor":11,"turns":4},{"damage":38,"enemies":"Lagavulin","floor":12,"turns":7},{"damage":7,"enemies":"Jaw Worm","floor":14,"turns":8},{"damage":56,"enemies":"Slime Boss","floor":16,"turns":20}],"seed_played":"8996873484632194570","potions_obtained":[{"floor":11,"key":"FearPotion"},{"floor":14,"key":"Poison Potion"}],"is_trial":false,"path_per_floor":["M","?","?","?","?","E","R","$","T","R","M","E","$","M","R"],"character_chosen":"IRONCLAD","items_purchased":["Shrug It Off","Medical Kit","Battle Trance"],"campfire_rested":2,"item_purchase_floors":[8,8,13],"current_hp_per_floor":[72,65,51,51,51,33,54,54,54,54,58,26,26,25,46,0],"gold":33,"neow_bonus":"TWO_FIFTY_GOLD","is_prod":false,"is_daily":false,"chose_seed":false,"campfire_upgraded":1,"win_rate":0.0,"timestamp":1532160434,"path_taken":["M","?","?","?","?","E","R","?","T","R","M","E","$","M","R","BOSS"],"build_version":"2018-07-19v2","purchased_purges":1,"victory":false,"max_hp_per_floor":[72,72,72,72,72,72,72,72,72,72,72,72,72,72,72,72],"card_choices":[{"not_picked":["Havoc","Armaments"],"picked":"Shrug It Off","floor":1},{"not_picked":["Disarm","Clash"],"picked":"Dual Wield","floor":6},{"not_picked":["Havoc","Sword Boomerang"],"picked":"True Grit","floor":11},{"not_picked":["Headbutt","Offering"],"picked":"Barricade","floor":12},{"not_picked":["Heavy Blade","Havoc"],"picked":"Armaments","floor":14}],"player_experience":127311,"relics_obtained":[{"floor":6,"key":"Boot"},{"floor":9,"key":"Shuriken"},{"floor":12,"key":"Tiny Chest"}],"event_choices":[{"event_name":"Scrap Ooze","player_choice":"success","floor":2,"damage_taken":7},{"event_name":"Shining Light","player_choice":"Entered Light","floor":3,"damage_taken":0},{"event_name":"The Cleric","player_choice":"Card Removal","floor":4,"damage_taken":0},{"event_name":"Living Wall","player_choice":"Change","floor":5,"damage_taken":0}],"is_beta":false,"boss_relics":[],"items_purged_floors":[8],"is_endless":false,"potions_floor_spawned":[11,14],"killed_by":"Slime Boss","ascension_level":0}