{"gold_per_floor":[362,376,326,69,84,84,116,142,142,142,160,160,172,234,234,334,334,345,362,395,345,43,43,43,43,43,43,43,43,17,17,17,121,121,137,151,151,151,26,60,60,12,12,22,22,50,97,47,47,47],"floor_reached":51,"playtime":1190,"items_purged":["Strike_R","Strike_R","Havoc+1"],"score":872,"play_id":"32b54892-7b5b-4d5c-8cf7-93ffed902d99","local_time":"20190421223001","is_ascension_mode":true,"campfire_choices":[{"data":"Armaments","floor":6,"key":"SMITH"},{"data":"Thunderclap","floor":10,"key":"SMITH"},{"data":"Rage","floor":12,"key":"SMITH"},{"data":"Heavy Blade","floor":15,"key":"SMITH"},{"data":"Bloodletting","floor":23,"key":"SMITH"},{"data":"Double Tap","floor":25,"key":"SMITH"},{"data":"Spot Weakness","floor":27,"key":"SMITH"},{"data":"Havoc","floor":32,"key":"SMITH"},{"data":"Heavy Blade","floor":41,"key":"SMITH"},{"data":"Seeing Red","floor":45,"key":"SMITH"},{"data":"Shrug It Off","floor":49,"key":"SMITH"}],"neow_cost":"CURSE","seed_source_timestamp":2520262566100600,"circlet_count":0,"master_deck":["Strike_R+1","Strike_R+1","Defend_R+1","Defend_R+1","Defend_R+1","Defend_R+1","Bash","Twin Strike","Headbutt","Armaments+1","Rage+1","Impervious","Thunderclap+1","Spot Weakness","Heavy Blade+1","Heavy Blade+1","Double Tap+1","Bloodletting+1","Spot Weakness+1","Bludgeon","Dropkick+1","Flex+1","Shrug It Off+1","Seeing Red+1","Inflame+1","Limit Break","Limit Break"],"relics":["Burning Blood","Juzu Bracelet","Question Card","Odd Mushroom","Shuriken","WingedGreaves","Coffee Dripper","Red Mask","Brimstone","Ice Cream","Paper Frog","Bottled Lightning","Lizard Tail","Lantern","Prayer Wheel","Boot","Du-Vu Doll"],"potions_floor_usage":[7,8,20,31,35,46,50,50],"damage_taken":[{"damage":10,"enemies":"2 Louse","floor":1,"turns":4},{"damage":2,"enemies":"Small Slimes","floor":2,"turns":3},{"damage":4,"enemies":"Jaw Worm","floor":5,"turns":4},{"damage":18,"enemies":"Gremlin Nob","floor":7,"turns":4},{"damage":14,"enemies":"The Mushroom Lair","floor":8,"turns":5},{"damage":13,"enemies":"3 Louse","floor":11,"turns":2},{"damage":0,"enemies":"Large Slime","floor":13,"turns":4},{"damage":18,"enemies":"Gremlin Nob","floor":14,"turns":4},{"damage":30,"enemies":"Slime Boss","floor":16,"turns":5},{"damage":19,"enemies":"Chosen","floor":18,"turns":4},{"damage":3,"enemies":"2 Thieves","floor":19,"turns":3},{"damage":22,"enemies":"Masked Bandits","floor":20,"turns":4},{"damage":3,"enemies":"Gremlin Leader","floor":31,"turns":3},{"damage":4,"enemies":"Champ","floor":33,"turns":5},{"damage":45,"enemies":"3 Darklings","floor":35,"turns":3},{"damage":9,"enemies":"3 Shapes","floor":36,"turns":3},{"damage":15,"enemies":"Nemesis","floor":40,"turns":3},{"damage":3,"enemies":"3 Darklings","floor":44,"turns":3},{"damage":14,"enemies":"Reptomancer","floor":46,"turns":3},{"damage":24,"enemies":"2 Orb Walkers","floor":47,"turns":4},{"damage":82,"enemies":"Awakened One","floor":50,"turns":7}],"seed_played":"8183575398036422979","potions_obtained":[{"floor":1,"key":"SpeedPotion"},{"floor":7,"key":"EssenceOfSteel"},{"floor":16,"key":"Swift Potion"},{"floor":18,"key":"BloodPotion"},{"floor":33,"key":"Poison Potion"},{"floor":44,"key":"Energy Potion"},{"floor":46,"key":"Poison Potion"},{"floor":47,"key":"Fire Potion"}],"is_trial":false,"path_per_floor":["M","M","?","$","M","R","E","?","T","R","M","R","M","?","R","B",null,"M","M","?","?","$","R","?","R","T","R","?","T","$","E","R","B",null,"M","M","?","?","$","E","R","$","T","M","R","E","?","$","R","B",null],"character_chosen":"IRONCLAD","items_purchased":["Armaments","Juzu Bracelet","Brimstone","Havoc","Shrug It Off","AttackPotion"],"campfire_rested":0,"item_purchase_floors":[4,4,22,30,42,48],"current_hp_per_floor":[76,80,80,80,80,80,68,60,60,60,53,53,59,47,47,23,80,67,70,54,54,54,54,54,54,54,54,54,54,54,65,65,67,80,41,38,38,70,70,61,61,61,61,64,64,56,38,38,38,17],"gold":47,"neow_bonus":"TWO_FIFTY_GOLD","is_prod":false,"is_daily":false,"chose_seed":false,"campfire_upgraded":11,"win_rate":0,"timestamp":1555875001,"path_taken":["M","M","?","$","M","R","E","?","T","R","M","R","M","?","R","BOSS","M","M","?","?","$","R","?","R","T","R","?","?","$","E","R","BOSS","M","M","?","?","$","E","R","$","T","M","R","E","?","?","R","BOSS"],"build_version":"2019-01-23","purchased_purges":3,"victory":true,"max_hp_per_floor":[80,80,80,80,80,80,80,80,80,80,80,80,80,80,80,80,80,80,80,80,80,80,80,80,80,80,80,80,80,80,80,80,80,80,80,80,80,70,70,70,70,70,70,70,70,70,70,70,70,70],"card_choices":[{"not_picked":["Warcry","Heavy Blade"],"picked":"Twin Strike","floor":1},{"not_picked":["Sword Boomerang","Anger"],"picked":"Headbutt","floor":2},{"not_picked":["Clothesline","Perfected Strike"],"picked":"Rage","floor":5},{"not_picked":["Perfected Strike","Havoc"],"picked":"Impervious","floor":7},{"not_picked":["Sword Boomerang","Power Through","Evolve"],"picked":"Thunderclap","floor":8},{"not_picked":["Feel No Pain","Pummel","Wild Strike"],"picked":"Spot Weakness","floor":11},{"not_picked":["True Grit","Combust","Pommel Strike"],"picked":"Heavy Blade","floor":13},{"not_picked":["Clothesline","Warcry","Reaper"],"picked":"Heavy Blade","floor":14},{"not_picked":["Feed","Reaper","Immolate"],"picked":"Double Tap","floor":16},{"not_picked":["Clothesline+1","True Grit","Headbutt"],"picked":"Bloodletting","floor":18},{"not_picked":["Sentinel","Thunderclap","Combust"],"picked":"Spot Weakness","floor":19},{"not_picked":["Reaper","Havoc","Fire Breathing","Inflame"],"picked":"SKIP","floor":31},{"not_picked":["Double Tap","Brutality","Fiend Fire"],"picked":"Bludgeon","floor":33},{"not_picked":["True Grit+1","Flame Barrier","Burning Pact"],"picked":"Dropkick+1","floor":35},{"not_picked":["True Grit","Sword Boomerang+1","Heavy Blade+1"],"picked":"Flex+1","floor":36},{"not_picked":["Power Through+1","Thunderclap","Headbutt+1","Combust+1"],"picked":"SKIP","floor":40},{"not_picked":["Blood for Blood+1","Warcry+1","Feel No Pain"],"picked":"Seeing Red","floor":44},{"not_picked":["Cleave","Disarm+1","Havoc"],"picked":"Inflame+1","floor":44},{"not_picked":["Evolve+1","Blood for Blood+1","Rage+1"],"picked":"Limit Break","floor":46},{"not_picked":["Twin Strike","Warcry+1","True Grit"],"picked":"Limit Break","floor":47}],"player_experience":331773,"relics_obtained":[{"floor":7,"key":"Question Card"},{"floor":8,"key":"Odd Mushroom"},{"floor":9,"key":"Shuriken"},{"floor":14,"key":"WingedGreaves"},{"floor":20,"key":"Red Mask"},{"floor":26,"key":"Ice Cream"},{"floor":29,"key":"Paper Frog"},{"floor":31,"key":"Bottled Lightning"},{"floor":40,"key":"Lantern"},{"floor":43,"key":"Prayer Wheel"},{"floor":46,"key":"Boot"},{"floor":47,"key":"Du-Vu Doll"}],"event_choices":[{"cards_removed":["Decay"],"damage_healed":0,"gold_gain":0,"player_choice":"Card Removal","damage_taken":0,"max_hp_gain":0,"max_hp_loss":0,"event_name":"The Cleric","floor":3,"gold_loss":50},{"damage_healed":0,"gold_gain":0,"player_choice":"Fought Mushrooms","damage_taken":0,"max_hp_gain":0,"max_hp_loss":0,"event_name":"Mushrooms","floor":8,"gold_loss":0},{"damage_healed":0,"gold_gain":0,"player_choice":"Searched \u00271\u0027 times","damage_taken":0,"max_hp_gain":0,"max_hp_loss":0,"event_name":"Dead Adventurer","floor":14,"gold_loss":0},{"damage_healed":0,"gold_gain":0,"player_choice":"Fought Bandits","damage_taken":0,"max_hp_gain":0,"max_hp_loss":0,"event_name":"Masked Bandits","floor":20,"gold_loss":0},{"damage_healed":0,"gold_gain":0,"player_choice":"Bet on Murderer","damage_taken":0,"max_hp_gain":0,"max_hp_loss":0,"event_name":"The Joust","floor":21,"gold_loss":50},{"damage_healed":0,"gold_gain":0,"player_choice":"Simplicity","damage_taken":0,"max_hp_gain":0,"max_hp_loss":0,"event_name":"Back to Basics","floor":24,"gold_loss":0,"cards_upgraded":["Strike_R","Strike_R","Strike_R","Defend_R","Defend_R","Defend_R","Defend_R"]},{"damage_healed":0,"gold_gain":0,"player_choice":"Ignored","damage_taken":0,"max_hp_gain":0,"max_hp_loss":0,"event_name":"Beggar","floor":28,"gold_loss":0},{"cards_removed":["Strike_R"],"damage_healed":0,"gold_gain":0,"player_choice":"Removed Attack","damage_taken":0,"max_hp_gain":0,"max_hp_loss":0,"event_name":"Falling","floor":37,"gold_loss":0},{"damage_healed":70,"gold_gain":0,"player_choice":"Heal","damage_taken":0,"max_hp_gain":0,"max_hp_loss":10,"event_name":"The Moai Head","floor":38,"gold_loss":0},{"damage_healed":0,"gold_gain":0,"player_choice":"Fight","damage_taken":0,"max_hp_gain":0,"max_hp_loss":0,"event_name":"Mysterious Sphere","floor":47,"gold_loss":0}],"is_beta":false,"boss_relics":[{"not_picked":["White Beast Statue","Black Blood"],"picked":"Coffee Dripper"},{"not_picked":["Mark of Pain","Runic Pyramid"],"picked":"Lizard Tail"}],"items_purged_floors":[4,22,39],"is_endless":false,"potions_floor_spawned":[1,7,16,18,33,44,46,47],"ascension_level":3}