{"gold_per_floor":[113,123,135,3,3,3,14,14,14,45,45,60,385,385,385,485,485,496,47,147,166,26,26,60,72,123,133,133,215,175,210,210,315,315,334,348,24,44,144,171,171,206,229,0,26,44,74,84,84,84,84,84,34,66,66],"floor_reached":56,"playtime":5381,"items_purged":["Strike_G","Strike_G","Strike_G","Dagger Throw"],"score":1698,"play_id":"7ba54f5e-5b78-4981-b030-43a21bdcbaa2","local_time":"20190816224422","is_ascension_mode":true,"campfire_choices":[{"data":"Noxious Fumes","floor":6,"key":"SMITH"},{"data":"Neutralize","floor":8,"key":"SMITH"},{"data":"Noxious Fumes","floor":15,"key":"SMITH"},{"data":"Footwork","floor":23,"key":"SMITH"},{"floor":28,"key":"REST"},{"data":"Acrobatics","floor":32,"key":"SMITH"},{"data":"After Image","floor":41,"key":"SMITH"},{"floor":49,"key":"RECALL"},{"data":"Caltrops","floor":52,"key":"SMITH"}],"neow_cost":"NONE","seed_source_timestamp":131175649699200,"circlet_count":0,"master_deck":["Defend_G","Defend_G","Defend_G","Defend_G","Defend_G","Survivor","Neutralize+1","Bullet Time","Backflip","Predator","Noxious Fumes+1","Noxious Fumes+1","Acrobatics+1","Backflip","Adrenaline","Footwork+1","Impatience","Caltrops+1","Leg Sweep","Bane+1","Setup+1","Concentrate","After Image+1","Flechettes+1","Caltrops+1","Acrobatics","Expertise","Deadly Poison+1","Adrenaline","Leg Sweep+1","Footwork+1","Reflex+1","Backflip+1"],"relics":["Ring of the Serpent","Question Card","Pantograph","Old Coin","Letter Opener","Sundial","Bottled Flame","Mummified Hand","Runic Pyramid","Art of War","Gambling Chip","Bottled Tornado","Molten Egg 2","Smiling Mask","Red Mask","Nunchaku","Bronze Scales","Bottled Lightning"],"potions_floor_usage":[7,18,24,24,24,31,35,48,55,55,55],"damage_taken":[{"damage":0,"enemies":"Cultist","floor":1,"turns":4},{"damage":0,"enemies":"2 Louse","floor":2,"turns":3},{"damage":0,"enemies":"Jaw Worm","floor":3,"turns":3},{"damage":3,"enemies":"2 Fungi Beasts","floor":7,"turns":4},{"damage":12,"enemies":"3 Sentries","floor":10,"turns":7},{"damage":0,"enemies":"Exordium Thugs","floor":12,"turns":5},{"damage":15,"enemies":"Lagavulin","floor":13,"turns":6},{"damage":35,"enemies":"Slime Boss","floor":16,"turns":8},{"damage":8,"enemies":"Spheric Guardian","floor":18,"turns":6},{"damage":4,"enemies":"3 Byrds","floor":21,"turns":3},{"damage":37,"enemies":"Slavers","floor":24,"turns":4},{"damage":2,"enemies":"Snecko","floor":25,"turns":4},{"damage":0,"enemies":"3 Cultists","floor":27,"turns":5},{"damage":12,"enemies":"Book of Stabbing","floor":31,"turns":4},{"damage":11,"enemies":"Automaton","floor":33,"turns":8},{"damage":0,"enemies":"3 Shapes","floor":35,"turns":3},{"damage":0,"enemies":"Orb Walker","floor":36,"turns":4},{"damage":5,"enemies":"Spire Growth","floor":38,"turns":5},{"damage":2,"enemies":"Mind Bloom Boss Battle","floor":39,"turns":6},{"damage":4,"enemies":"Giant Head","floor":40,"turns":7},{"damage":0,"enemies":"Nemesis","floor":42,"turns":5},{"damage":0,"enemies":"Giant Head","floor":45,"turns":6},{"damage":0,"enemies":"Maw","floor":46,"turns":5},{"damage":0,"enemies":"Nemesis","floor":47,"turns":5},{"damage":4,"enemies":"Transient","floor":48,"turns":5},{"damage":0,"enemies":"Donu and Deca","floor":50,"turns":8},{"damage":0,"enemies":"Shield and Spear","floor":54,"turns":4},{"damage":1,"enemies":"The Heart","floor":55,"turns":6}],"seed_played":"1061901106242047321","potions_obtained":[{"floor":2,"key":"SkillPotion"},{"floor":7,"key":"EssenceOfSteel"},{"floor":10,"key":"Swift Potion"},{"floor":12,"key":"Explosive Potion"},{"floor":18,"key":"Swift Potion"},{"floor":24,"key":"Strength Potion"},{"floor":27,"key":"Fire Potion"},{"floor":30,"key":"Strength Potion"},{"floor":31,"key":"Poison Potion"},{"floor":35,"key":"Regen Potion"},{"floor":36,"key":"PowerPotion"},{"floor":45,"key":"Energy Potion"},{"floor":48,"key":"Ancient Potion"},{"floor":54,"key":"EssenceOfSteel"}],"is_trial":false,"path_per_floor":["M","M","M","$","?","R","M","R","T","E","$","M","E","?","R","B",null,"M","$","?","M","$","R","E","M","T","M","R","T","?","E","R","B",null,"M","M","$","M","?","E","R","E","T","?","E","M","E","M","R","B",null,"R","$","E","B",null],"character_chosen":"THE_SILENT","items_purchased":["Noxious Fumes","Block Potion","Impatience","Letter Opener","Caltrops","Leg Sweep","Art of War","Acrobatics"],"campfire_rested":1,"item_purchase_floors":[4,4,19,19,19,22,37,37],"current_hp_per_floor":[70,70,70,70,70,70,67,67,67,55,55,55,40,40,40,30,60,52,52,52,48,48,48,11,9,9,9,30,30,30,18,18,32,61,61,61,61,56,68,64,64,64,64,64,64,64,64,60,60,70,70,70,70,70,69],"gold":66,"neow_bonus":"ONE_RANDOM_RARE_CARD","is_prod":false,"is_daily":false,"chose_seed":false,"campfire_upgraded":7,"win_rate":0,"timestamp":1565991862,"path_taken":["M","?","M","$","?","R","M","R","T","E","?","M","E","?","R","BOSS","M","$","?","M","?","R","E","M","T","M","R","?","?","E","R","BOSS","M","M","?","M","?","E","R","E","T","?","E","M","E","M","R","BOSS","R","$","E","BOSS"],"build_version":"2019-07-17","purchased_purges":4,"victory":true,"max_hp_per_floor":[70,70,70,70,70,70,70,70,70,70,70,70,70,70,70,70,70,70,70,70,70,70,70,70,70,70,70,70,70,70,70,70,70,70,70,70,70,70,70,70,70,70,70,70,70,70,70,70,70,70,70,70,70,70,70],"card_choices":[{"not_picked":["Deflect","Bane"],"picked":"Dagger Throw","floor":1},{"not_picked":["Blade Dance","Deflect"],"picked":"Backflip","floor":2},{"not_picked":["Quick Slash","Dagger Spray"],"picked":"Predator","floor":3},{"not_picked":["Acrobatics","Tools of the Trade"],"picked":"Noxious Fumes","floor":7},{"not_picked":["Underhanded Strike","Dash","Accuracy"],"picked":"Acrobatics","floor":10},{"not_picked":["Heel Hook","Flechettes","Accuracy","Terror"],"picked":"SKIP","floor":12},{"not_picked":["Infinite Blades","Slice","Accuracy"],"picked":"Backflip","floor":13},{"not_picked":["Glass Knife","Corpse Explosion","Night Terror"],"picked":"Adrenaline","floor":16},{"not_picked":["All Out Attack","PiercingWail","Poisoned Stab"],"picked":"Footwork","floor":18},{"not_picked":["Dash","Quick Slash","Dodge and Roll","Slice"],"picked":"SKIP","floor":21},{"not_picked":["Dagger Throw","Outmaneuver","Dodge and Roll"],"picked":"Bane+1","floor":24},{"not_picked":["Accuracy","Outmaneuver","Backstab"],"picked":"Setup+1","floor":25},{"not_picked":["Deadly Poison+1","Expertise","Underhanded Strike"],"picked":"Concentrate","floor":27},{"not_picked":["Leg Sweep","Deflect","Dagger Throw","Terror"],"picked":"SKIP","floor":31},{"not_picked":["Envenom","Die Die Die","Wraith Form v2"],"picked":"After Image","floor":33},{"not_picked":["Quick Slash+1","Backflip+1","Deadly Poison+1"],"picked":"Flechettes+1","floor":35},{"not_picked":["Masterful Stab","Underhanded Strike+1","Slice"],"picked":"Caltrops+1","floor":36},{"not_picked":["Flying Knee+1","Deadly Poison","Backstab+1"],"picked":"Expertise","floor":38},{"not_picked":["Acrobatics+1","Poisoned Stab","Sucker Punch+1"],"picked":"Deadly Poison+1","floor":39},{"not_picked":["Backflip+1","Slice","Catalyst+1"],"picked":"Adrenaline","floor":40},{"not_picked":["Prepared","Dagger Spray","Backstab+1"],"picked":"Leg Sweep+1","floor":42},{"not_picked":["Prepared","Slice+1","Flechettes+1","Acrobatics"],"picked":"SKIP","floor":45},{"not_picked":["Bane+1","Well Laid Plans","Flechettes+1","Skewer+1"],"picked":"SKIP","floor":46},{"not_picked":["Underhanded Strike+1","Eviscerate+1","Slice+1"],"picked":"Footwork+1","floor":47},{"not_picked":["Dagger Spray+1","Unload+1","Bane+1"],"picked":"Reflex+1","floor":48},{"not_picked":["Blade Dance+1","Poisoned Stab+1","Dagger Throw+1"],"picked":"Backflip+1","floor":54}],"player_experience":1799721,"relics_obtained":[{"floor":9,"key":"Question Card"},{"floor":10,"key":"Pantograph"},{"floor":13,"key":"Old Coin"},{"floor":24,"key":"Sundial"},{"floor":29,"key":"Bottled Flame"},{"floor":31,"key":"Mummified Hand"},{"floor":39,"key":"Gambling Chip"},{"floor":40,"key":"Bottled Tornado"},{"floor":42,"key":"Molten Egg 2"},{"floor":43,"key":"Smiling Mask"},{"floor":45,"key":"Nunchaku"},{"floor":47,"key":"Bronze Scales"},{"floor":54,"key":"Bottled Lightning"}],"event_choices":[{"cards_removed":["Strike_G"],"damage_healed":0,"gold_gain":0,"player_choice":"Purged","damage_taken":0,"max_hp_gain":0,"max_hp_loss":0,"event_name":"Purifier","floor":5,"gold_loss":0},{"cards_removed":["Strike_G"],"damage_healed":0,"gold_gain":0,"player_choice":"Forget","damage_taken":0,"max_hp_gain":0,"max_hp_loss":0,"event_name":"Living Wall","floor":14,"gold_loss":0},{"damage_healed":0,"gold_gain":100,"player_choice":"Pray","damage_taken":0,"max_hp_gain":0,"max_hp_loss":0,"event_name":"Golden Shrine","floor":20,"gold_loss":0},{"damage_healed":0,"gold_gain":0,"player_choice":"Bought 3 Potions","damage_taken":0,"max_hp_gain":0,"max_hp_loss":0,"event_name":"The Woman in Blue","floor":30,"gold_loss":0},{"damage_healed":0,"gold_gain":0,"player_choice":"Fight","damage_taken":0,"max_hp_gain":0,"max_hp_loss":0,"event_name":"MindBloom","floor":39,"gold_loss":0},{"damage_healed":0,"gold_gain":0,"player_choice":"Paid","damage_taken":0,"relics_obtained":["Red Mask"],"max_hp_gain":0,"max_hp_loss":0,"event_name":"Tomb of Lord Red Mask","floor":44,"gold_loss":229}],"is_beta":false,"boss_relics":[{"not_picked":["Black Star","Runic Dome"],"picked":"Ring of the Serpent"},{"not_picked":["Empty Cage","White Beast Statue"],"picked":"Runic Pyramid"}],"items_purged_floors":[19,22,37,53],"is_endless":false,"potions_floor_spawned":[2,7,10,12,16,18,24,27,31,35,36,42,45,46,48,54],"ascension_level":5}