{"gold_per_floor":[112,122,132,143,160,160,194,194,194,210,224,240,240,266,266,371,371,351,370,469,102,377,409,409,444,444,463,373,373,125,144,144,245,245,265,171,219,235,235,0,11,11,86,86],"floor_reached":44,"playtime":2171,"items_purged":["Strike_R","Strike_R"],"score":623,"play_id":"54d818d0-09d0-40ae-ad6f-a32a71ee5cd9","local_time":"20191012141225","is_ascension_mode":true,"campfire_choices":[{"data":"Berserk","floor":6,"key":"SMITH"},{"data":"Flame Barrier","floor":8,"key":"SMITH"},{"floor":13,"key":"REST"},{"data":"Twin Strike","floor":15,"key":"SMITH"},{"data":"Shockwave","floor":24,"key":"SMITH"},{"data":"Bash","floor":29,"key":"SMITH"},{"data":"Exhume","floor":32,"key":"SMITH"},{"data":"Feel No Pain","floor":42,"key":"SMITH"}],"neow_cost":"NONE","seed_source_timestamp":521721441537900,"circlet_count":0,"master_deck":["Bash+1","Berserk+1","Anger","Warcry","Twin Strike+1","Iron Wave","Flame Barrier+1","Armaments","Metallicize","Iron Wave+1","Shockwave+1","Impervious","Metallicize+1","Spot Weakness","Inflame","Shrug It Off","Disarm+1","Shockwave","Clothesline+1","Thunderclap+1","Exhume+1","Shrug It Off","Panache","Offering","Headbutt+1","Whirlwind+1","Carnage+1","Impervious","Iron Wave+1","True Grit+1","Feel No Pain+1","Body Slam+1","Havoc+1"],"relics":["Burning Blood","Pocketwatch","Molten Egg 2","Dodecahedron","Sozu","Membership Card","Omamori","Juzu Bracelet","Anchor","Meat on the Bone","Orrery","Pandora\u0027s Box","Art of War","Turnip","Red Mask","Kunai"],"potions_floor_usage":[7,10,23,25],"damage_taken":[{"damage":5,"enemies":"Cultist","floor":1,"turns":4},{"damage":12,"enemies":"Jaw Worm","floor":2,"turns":2},{"damage":7,"enemies":"2 Louse","floor":3,"turns":3},{"damage":17,"enemies":"Looter","floor":4,"turns":3},{"damage":15,"enemies":"Large Slime","floor":5,"turns":5},{"damage":19,"enemies":"Gremlin Nob","floor":7,"turns":4},{"damage":0,"enemies":"3 Louse","floor":10,"turns":3},{"damage":5,"enemies":"Red Slaver","floor":11,"turns":4},{"damage":37,"enemies":"Large Slime","floor":12,"turns":5},{"damage":4,"enemies":"Lagavulin","floor":14,"turns":7},{"damage":3,"enemies":"Hexaghost","floor":16,"turns":9},{"damage":8,"enemies":"2 Thieves","floor":18,"turns":4},{"damage":4,"enemies":"Spheric Guardian","floor":19,"turns":7},{"damage":21,"enemies":"Slavers","floor":23,"turns":6},{"damage":45,"enemies":"Gremlin Leader","floor":25,"turns":8},{"damage":0,"enemies":"Centurion and Healer","floor":27,"turns":5},{"damage":21,"enemies":"Sentry and Sphere","floor":31,"turns":6},{"damage":20,"enemies":"Automaton","floor":33,"turns":11},{"damage":19,"enemies":"3 Shapes","floor":35,"turns":4},{"damage":38,"enemies":"2 Orb Walkers","floor":37,"turns":6},{"damage":9,"enemies":"3 Darklings","floor":38,"turns":3},{"damage":21,"enemies":"Transient","floor":41,"turns":5}],"seed_played":"7666107558487399317","potions_obtained":[{"floor":4,"key":"GamblersBrew"},{"floor":7,"key":"Explosive Potion"},{"floor":10,"key":"Dexterity Potion"},{"floor":12,"key":"LiquidBronze"},{"floor":16,"key":"Block Potion"}],"is_trial":false,"path_per_floor":["M","M","M","M","M","R","E","R","T","M","M","M","R","E","R","B",null,"M","M","?","$","?","E","R","E","T","M","?","R","$","M","R","B",null,"M","$","?","M","?","?","M","R","T","M"],"character_chosen":"IRONCLAD","items_purchased":["Membership Card","Inflame","Shrug It Off","Omamori","Dropkick+1","Orrery","Panache","Feel No Pain","Art of War"],"campfire_rested":1,"item_purchase_floors":[21,21,21,21,30,30,30,36,36],"current_hp_per_floor":[73,67,66,55,46,46,33,33,33,39,40,9,33,35,35,38,70,68,70,70,70,70,55,55,16,16,34,34,34,34,31,31,29,67,54,54,34,43,43,43,40,40,40,0],"gold":86,"neow_bonus":"TRANSFORM_CARD","is_prod":false,"is_daily":false,"chose_seed":false,"campfire_upgraded":7,"win_rate":0,"timestamp":1570878745,"path_taken":["M","M","?","M","M","R","E","R","T","M","M","M","R","E","R","BOSS","M","M","?","$","?","E","R","E","T","M","?","R","?","M","R","BOSS","M","$","?","M","?","?","M","R","T","M"],"build_version":"2019-10-11","purchased_purges":2,"victory":false,"max_hp_per_floor":[80,80,80,80,80,80,80,80,80,80,80,80,80,80,80,80,80,80,80,80,80,80,80,80,80,80,80,80,80,80,80,80,80,80,80,80,80,80,80,80,80,80,80,80],"card_choices":[{"not_picked":["Havoc","Clothesline"],"picked":"Anger","floor":1},{"not_picked":["Seeing Red","Pummel"],"picked":"Warcry","floor":2},{"not_picked":["Anger","Pummel","Heavy Blade"],"picked":"SKIP","floor":3},{"not_picked":["Iron Wave","Headbutt"],"picked":"Twin Strike","floor":4},{"not_picked":["Thunderclap","Sentinel"],"picked":"Iron Wave","floor":5},{"not_picked":["Corruption","Headbutt"],"picked":"Flame Barrier","floor":7},{"not_picked":["Clash+1","Perfected Strike+1"],"picked":"Armaments","floor":10},{"not_picked":["Burning Pact","Seeing Red"],"picked":"Metallicize","floor":11},{"not_picked":["Havoc","Warcry"],"picked":"Iron Wave+1","floor":12},{"not_picked":["Wild Strike+1","Headbutt+1"],"picked":"Shockwave","floor":14},{"not_picked":["Juggernaut","Demon Form"],"picked":"Impervious","floor":16},{"not_picked":["Armaments","Power Through"],"picked":"Metallicize+1","floor":18},{"not_picked":["Flame Barrier","Shrug It Off"],"picked":"Spot Weakness","floor":19},{"not_picked":["Metallicize+1","Flame Barrier"],"picked":"Disarm+1","floor":23},{"not_picked":["Inflame","Bloodletting"],"picked":"Shockwave","floor":25},{"not_picked":["Ghostly Armor","Iron Wave+1"],"picked":"Clothesline+1","floor":27},{"not_picked":["Burning Pact","Body Slam+1"],"picked":"Thunderclap+1","floor":30},{"not_picked":["Battle Trance","Flex+1"],"picked":"Exhume","floor":30},{"not_picked":["Exhume","Seeing Red"],"picked":"Shrug It Off","floor":30},{"not_picked":["Clash+1","Heavy Blade+1","Whirlwind+1"],"picked":"SKIP","floor":31},{"not_picked":["Immolate+1","Impervious"],"picked":"Offering","floor":33},{"not_picked":["Fire Breathing","Second Wind+1"],"picked":"True Grit+1","floor":35},{"not_picked":["Sentinel","Heavy Blade+1"],"picked":"Body Slam+1","floor":38},{"not_picked":["Wild Strike+1","Anger+1"],"picked":"Havoc+1","floor":41}],"player_experience":371059,"relics_obtained":[{"floor":7,"key":"Pocketwatch"},{"floor":9,"key":"Molten Egg 2"},{"floor":14,"key":"Dodecahedron"},{"floor":23,"key":"Juzu Bracelet"},{"floor":25,"key":"Anchor"},{"floor":26,"key":"Meat on the Bone"},{"floor":37,"key":"Turnip"},{"floor":43,"key":"Kunai"}],"event_choices":[{"damage_healed":0,"gold_gain":99,"player_choice":"Stole From Cult","damage_taken":0,"max_hp_gain":0,"max_hp_loss":0,"event_name":"Nest","floor":20,"gold_loss":0},{"damage_healed":0,"gold_gain":275,"player_choice":"Desecrate","damage_taken":0,"max_hp_gain":0,"max_hp_loss":0,"event_name":"Golden Shrine","floor":22,"gold_loss":0,"cards_obtained":["Regret"]},{"cards_removed":["Strike_R"],"damage_healed":0,"gold_gain":0,"player_choice":"Upgrade and Remove","damage_taken":0,"max_hp_gain":0,"max_hp_loss":0,"event_name":"Designer","floor":28,"gold_loss":90,"cards_upgraded":["Defend_R"]},{"damage_healed":0,"gold_gain":0,"player_choice":"Fight","damage_taken":0,"max_hp_gain":0,"max_hp_loss":0,"event_name":"Mysterious Sphere","floor":37,"gold_loss":0},{"cards_removed":["Dropkick"],"damage_healed":0,"gold_gain":0,"player_choice":"Removed Attack","damage_taken":0,"max_hp_gain":0,"max_hp_loss":0,"event_name":"Falling","floor":39,"gold_loss":0},{"damage_healed":0,"gold_gain":0,"player_choice":"Paid","damage_taken":0,"relics_obtained":["Red Mask"],"max_hp_gain":0,"max_hp_loss":0,"event_name":"Tomb of Lord Red Mask","floor":40,"gold_loss":235}],"is_beta":true,"boss_relics":[{"not_picked":["Philosopher\u0027s Stone","Busted Crown"],"picked":"Sozu"},{"not_picked":["Velvet Choker","Fusion Hammer"],"picked":"Pandora\u0027s Box"}],"items_purged_floors":[21,30],"is_endless":false,"potions_floor_spawned":[4,7,10,12,16,23,25,27,31,41],"killed_by":"4 Shapes","ascension_level":6}