{"gold_per_floor":[367,383,401,255,255,255,288,344,371,404,404,160,190,200,200,301,301,316,336,336,346,133,133,165,183,183,183,183],"floor_reached":28,"playtime":1786,"items_purged":["Strike_R","Strike_R","Strike_R"],"score":320,"play_id":"43350ccc-8684-4049-9b9b-f50b2ed66ff5","local_time":"20191006035704","is_ascension_mode":true,"campfire_choices":[{"data":"Bash","floor":6,"key":"SMITH"},{"floor":11,"key":"REST"},{"data":"Iron Wave","floor":15,"key":"SMITH"},{"data":"Flame Barrier","floor":23,"key":"SMITH"},{"floor":27,"key":"REST"}],"neow_cost":"PERCENT_DAMAGE","seed_source_timestamp":119134912666100,"circlet_count":0,"master_deck":["Strike_R+1","Strike_R","Defend_R","Defend_R","Defend_R","Defend_R","Bash+1","Clothesline","Power Through","Flex","Corruption+1","Iron Wave+1","Flame Barrier+1","Limit Break","Body Slam+1","Pommel Strike+1","Evolve+1","Inflame+1","Flex","Seeing Red+1"],"relics":["Black Blood","Potion Belt","Tiny Chest","Lantern","Vajra","Bag of Preparation","Red Skull","Frozen Egg 2","Bronze Scales","FossilizedHelix"],"potions_floor_usage":[10,10,10,24,25],"damage_taken":[{"damage":6,"enemies":"Cultist","floor":1,"turns":3},{"damage":2,"enemies":"Jaw Worm","floor":2,"turns":3},{"damage":4,"enemies":"Small Slimes","floor":3,"turns":3},{"damage":15,"enemies":"Lagavulin","floor":7,"turns":7},{"damage":20,"enemies":"3 Sentries","floor":10,"turns":7},{"damage":17,"enemies":"Gremlin Nob","floor":13,"turns":5},{"damage":0,"enemies":"Exordium Thugs","floor":14,"turns":3},{"damage":33,"enemies":"Slime Boss","floor":16,"turns":10},{"damage":7,"enemies":"3 Byrds","floor":18,"turns":6},{"damage":0,"enemies":"Chosen","floor":19,"turns":4},{"damage":15,"enemies":"3 Cultists","floor":21,"turns":5},{"damage":60,"enemies":"Slavers","floor":24,"turns":6},{"damage":15,"enemies":"Sentry and Sphere","floor":25,"turns":4},{"damage":49,"enemies":"Gremlin Leader","floor":28,"turns":4}],"seed_played":"-5945384051611498597","potions_obtained":[{"floor":2,"key":"AttackPotion"},{"floor":3,"key":"Poison Potion"},{"floor":7,"key":"Fire Potion"},{"floor":13,"key":"BloodPotion"},{"floor":16,"key":"Energy Potion"},{"floor":21,"key":"EssenceOfSteel"},{"floor":24,"key":"Explosive Potion"}],"is_trial":false,"path_per_floor":["M","M","M","$","?","R","E","T","T","E","R","$","E","M","R","B",null,"M","M","T","M","$","R","E","M","T","R","E"],"character_chosen":"IRONCLAD","items_purchased":["Corruption","Bag of Preparation","Inflame+1","Flex"],"campfire_rested":2,"item_purchase_floors":[4,12,22,22],"current_hp_per_floor":[56,60,62,62,46,46,37,37,37,23,47,47,36,42,42,15,64,67,77,77,72,72,72,22,17,17,41,0],"gold":183,"neow_bonus":"TWO_FIFTY_GOLD","is_prod":false,"is_daily":false,"chose_seed":false,"campfire_upgraded":3,"win_rate":0,"timestamp":1570327024,"path_taken":["M","M","M","$","?","R","E","?","T","E","R","$","E","M","R","BOSS","M","M","?","M","$","R","E","M","T","R","E"],"build_version":"2019-07-17","purchased_purges":3,"victory":false,"max_hp_per_floor":[80,80,80,80,80,80,80,80,80,80,80,80,80,80,80,80,80,80,80,80,80,80,80,80,80,80,80,80],"card_choices":[{"not_picked":["Iron Wave","Pummel"],"picked":"Clothesline","floor":1},{"not_picked":["Armaments","Brutality"],"picked":"Power Through","floor":2},{"not_picked":["Iron Wave","Armaments"],"picked":"Flex","floor":3},{"not_picked":["True Grit","Headbutt"],"picked":"Iron Wave","floor":7},{"not_picked":["Shrug It Off","Cleave"],"picked":"Flame Barrier","floor":10},{"not_picked":["Rage","Carnage","Sever Soul"],"picked":"SKIP","floor":13},{"not_picked":["Clash","Headbutt","Sever Soul"],"picked":"SKIP","floor":14},{"not_picked":["Bludgeon","Immolate"],"picked":"Limit Break","floor":16},{"not_picked":["Clothesline","Anger"],"picked":"Body Slam+1","floor":18},{"not_picked":["Twin Strike","True Grit"],"picked":"Pommel Strike+1","floor":19},{"not_picked":["Hemokinesis+1","Wild Strike"],"picked":"Evolve+1","floor":21},{"not_picked":["Hemokinesis","Wild Strike+1"],"picked":"Seeing Red+1","floor":24},{"not_picked":["Bludgeon","Body Slam+1","Perfected Strike+1"],"picked":"SKIP","floor":25}],"player_experience":197538,"relics_obtained":[{"floor":7,"key":"Potion Belt"},{"floor":8,"key":"Tiny Chest"},{"floor":9,"key":"Lantern"},{"floor":10,"key":"Vajra"},{"floor":13,"key":"Red Skull"},{"floor":20,"key":"Frozen Egg 2"},{"floor":24,"key":"Bronze Scales"},{"floor":26,"key":"FossilizedHelix"}],"event_choices":[{"damage_healed":0,"gold_gain":0,"player_choice":"Entered Light","damage_taken":16,"max_hp_gain":0,"max_hp_loss":0,"event_name":"Shining Light","floor":5,"gold_loss":0,"cards_upgraded":["Strike_R","Corruption"]}],"is_beta":false,"boss_relics":[{"not_picked":["Coffee Dripper","Runic Pyramid"],"picked":"Black Blood"}],"items_purged_floors":[4,12,22],"is_endless":false,"potions_floor_spawned":[2,3,7,13,16,21,24],"killed_by":"Gremlin Leader","ascension_level":5}