{"gold_per_floor":[118,68,143,156,156,156,174,200,227,241,241,241,260,288,288,386,386,405,44,58,58,68,96,96,21,21,39,489,489,519,532,532,631,631,641,696,22,22,34,63,63,76,102,102,102,102,120,152,152,152,152,152,77,108,108],"floor_reached":56,"playtime":3399,"items_purged":["Strike_G"],"score":1303,"play_id":"f1fcf60c-95b1-4873-ba7f-02af69e24b93","local_time":"20190623121500","is_ascension_mode":false,"campfire_choices":[{"data":"Neutralize","floor":6.0,"key":"SMITH"},{"data":"Bouncing Flask","floor":11.0,"key":"SMITH"},{"data":"Dagger Spray","floor":15.0,"key":"SMITH"},{"data":"Burst","floor":24.0,"key":"SMITH"},{"floor":29.0,"key":"REST"},{"data":"Crippling Poison","floor":32.0,"key":"SMITH"},{"data":"Wraith Form v2","floor":41.0,"key":"SMITH"},{"floor":44.0,"key":"RECALL"},{"data":"Wraith Form v2","floor":45.0,"key":"SMITH"},{"data":"Deadly Poison","floor":49.0,"key":"SMITH"},{"data":"Night Terror","floor":52,"key":"SMITH"}],"neow_cost":"PERCENT_DAMAGE","seed_source_timestamp":0,"circlet_count":0,"master_deck":["Defend_G","Defend_G","Defend_G","Defend_G","Defend_G","Strike_G","Strike_G","Survivor","Neutralize+1","Venomology","Dagger Throw","Bouncing Flask+1","Deadly Poison+1","Burst+1","Backflip","Adrenaline","Crippling Poison+1","Wraith Form v2+1","Footwork+1","Acrobatics","PiercingWail+1","Well Laid Plans+1","Deflect+1","Wraith Form v2+1","Deadly Poison+1","Master of Strategy","Night Terror+1","Footwork+1","Bouncing Flask+1"],"special_seed":0,"relics":["Ring of the Serpent","Regal Pillow","Centennial Puzzle","PreservedInsect","Philosopher\u0027s Stone","TwistedFunnel","Ancient Tea Set","WingedGreaves","Torii","Pocketwatch","Toy Ornithopter","Dream Catcher","Blue Candle","Bronze Scales","Ninja Scroll","Letter Opener"],"potions_floor_usage":[55,55,55,55],"damage_taken":[{"damage":0.0,"enemies":"Small Slimes","floor":1.0,"turns":5.0},{"damage":0.0,"enemies":"Jaw Worm","floor":4.0,"turns":5.0},{"damage":0.0,"enemies":"Cultist","floor":7.0,"turns":3.0},{"damage":10.0,"enemies":"Gremlin Nob","floor":8.0,"turns":4.0},{"damage":2.0,"enemies":"Looter","floor":10.0,"turns":4.0},{"damage":2.0,"enemies":"Blue Slaver","floor":13.0,"turns":4.0},{"damage":32.0,"enemies":"3 Sentries","floor":14.0,"turns":8.0},{"damage":24.0,"enemies":"Slime Boss","floor":16.0,"turns":12.0},{"damage":0.0,"enemies":"Shell Parasite","floor":18.0,"turns":4.0},{"damage":5.0,"enemies":"2 Thieves","floor":20.0,"turns":4.0},{"damage":2.0,"enemies":"3 Cultists","floor":22.0,"turns":4.0},{"damage":9.0,"enemies":"Book of Stabbing","floor":23.0,"turns":5.0},{"damage":0.0,"enemies":"Sentry and Sphere","floor":27.0,"turns":3.0},{"damage":6.0,"enemies":"Slavers","floor":30.0,"turns":3.0},{"damage":0.0,"enemies":"Snake Plant","floor":31.0,"turns":5.0},{"damage":3.0,"enemies":"Collector","floor":33.0,"turns":6.0},{"damage":5.0,"enemies":"Orb Walker","floor":35.0,"turns":5.0},{"damage":37.0,"enemies":"2 Orb Walkers","floor":36.0,"turns":6.0},{"damage":0.0,"enemies":"3 Shapes","floor":39.0,"turns":2.0},{"damage":0.0,"enemies":"Reptomancer","floor":40.0,"turns":5.0},{"damage":0.0,"enemies":"3 Darklings","floor":42.0,"turns":5.0},{"damage":9.0,"enemies":"4 Shapes","floor":47.0,"turns":4.0},{"damage":3.0,"enemies":"Nemesis","floor":48.0,"turns":7.0},{"damage":40.0,"enemies":"Awakened One","floor":50.0,"turns":15.0},{"damage":0,"enemies":"Shield and Spear","floor":54,"turns":7},{"damage":54,"enemies":"The Heart","floor":55,"turns":11}],"seed_played":"9166115044800005935","potions_obtained":[{"floor":7.0,"key":"Ancient Potion"},{"floor":10.0,"key":"Regen Potion"},{"floor":18.0,"key":"Fruit Juice"},{"floor":23.0,"key":"PowerPotion"},{"floor":31.0,"key":"PowerPotion"},{"floor":33.0,"key":"Fruit Juice"},{"floor":35.0,"key":"Strength Potion"},{"floor":39.0,"key":"AttackPotion"},{"floor":42.0,"key":"FearPotion"},{"floor":47.0,"key":"Block Potion"}],"is_trial":false,"path_per_floor":["M","?","?","M","?","R","M","E","T","M","R","?","M","E","R","B",null,"M","$","M","?","M","E","R","?","T","M","?","R","E","M","R","B",null,"M","?","$","?","M","E","R","M","T","R","R","?","M","E","R","B",null,"R","$","E","B",null],"character_chosen":"THE_SILENT","items_purchased":["Crippling Poison","Wraith Form v2","TwistedFunnel","Pocketwatch","Master of Strategy","Toy Ornithopter"],"campfire_rested":1,"item_purchase_floors":[19,19,19,37,37,37],"current_hp_per_floor":[49,49,38,38,38,38,38,28,28,26,26,49,59,42,42,18,70,75,75,70,70,68,59,59,59,59,59,17,54,48,48,48,50,80,75,38,38,38,38,48,48,58,58,58,58,58,49,51,51,41,80,80,80,80,36],"gold":108,"neow_bonus":"THREE_RARE_CARDS","is_prod":false,"is_daily":false,"chose_seed":false,"campfire_upgraded":9,"win_rate":0,"timestamp":1561288500,"path_taken":["M","?","?","M","?","R","M","E","T","M","R","?","M","E","R","BOSS","M","$","M","?","M","E","R","?","T","M","?","R","E","?","R","BOSS","M","?","$","?","?","E","R","M","T","R","R","?","?","E","R","BOSS","R","$","E","BOSS"],"build_version":"2019-01-23","purchased_purges":1,"victory":true,"max_hp_per_floor":[70,70,70,70,70,70,70,70,70,70,70,70,70,70,70,70,70,75,75,75,75,75,75,75,75,75,75,75,75,75,75,75,80,80,80,80,80,80,80,80,80,80,80,80,80,80,80,80,80,80,80,80,80,80,80],"card_choices":[{"not_picked":["Wraith Form v2","Doppelganger"],"picked":"Venomology","floor":0.0},{"not_picked":["Concentrate","Quick Slash"],"picked":"Dagger Throw","floor":1.0},{"not_picked":["Reflex","Bane"],"picked":"Dagger Spray","floor":4.0},{"not_picked":["Skewer","Flying Knee"],"picked":"Bouncing Flask","floor":7.0},{"not_picked":["Heel Hook","Bane"],"picked":"Deadly Poison","floor":8.0},{"not_picked":["Dash","Concentrate"],"picked":"Burst","floor":10.0},{"not_picked":["Prepared","Deadly Poison"],"picked":"Backflip","floor":13.0},{"not_picked":["Prepared","Die Die Die","Burst"],"picked":"SKIP","floor":14.0},{"not_picked":["Venomology","Die Die Die"],"picked":"Adrenaline","floor":16.0},{"not_picked":["Terror","Slice","Cloak And Dagger"],"picked":"SKIP","floor":18.0},{"not_picked":["Dagger Spray","Quick Slash+1"],"picked":"Footwork+1","floor":20.0},{"not_picked":["Blade Dance","Prepared+1"],"picked":"Acrobatics","floor":22.0},{"not_picked":["Accuracy+1","Dash+1","Deflect"],"picked":"SKIP","floor":23.0},{"not_picked":["Flying Knee","Sucker Punch"],"picked":"PiercingWail+1","floor":27.0},{"not_picked":["Acrobatics","Slice"],"picked":"Well Laid Plans","floor":30.0},{"not_picked":["Wraith Form v2","Crippling Poison"],"picked":"Deflect+1","floor":31.0},{"not_picked":["Burst","Storm of Steel"],"picked":"Wraith Form v2","floor":33.0},{"not_picked":["Slice","Sucker Punch+1"],"picked":"Deadly Poison+1","floor":35.0},{"not_picked":["Bouncing Flask","Infinite Blades+1","Poisoned Stab+1"],"picked":"SKIP","floor":39.0},{"not_picked":["Sucker Punch+1","Bane"],"picked":"Night Terror","floor":40.0},{"not_picked":["Cloak And Dagger+1","Quick Slash+1"],"picked":"Footwork+1","floor":42.0},{"not_picked":["Choke+1","Finisher"],"picked":"Bouncing Flask+1","floor":47.0},{"not_picked":["Bane","Dagger Throw+1","Deadly Poison"],"picked":"SKIP","floor":48.0},{"not_picked":["Night Terror","Blade Dance","Flying Knee+1"],"picked":"SKIP","floor":54}],"player_experience":1626061,"relics_obtained":[{"floor":8.0,"key":"Regal Pillow"},{"floor":9.0,"key":"Centennial Puzzle"},{"floor":14.0,"key":"PreservedInsect"},{"floor":23.0,"key":"Ancient Tea Set"},{"floor":30.0,"key":"WingedGreaves"},{"floor":36.0,"key":"Torii"},{"floor":40.0,"key":"Blue Candle"},{"floor":43.0,"key":"Bronze Scales"},{"floor":48.0,"key":"Ninja Scroll"},{"floor":54,"key":"Letter Opener"}],"event_choices":[{"cards_removed":["Strike_G"],"damage_healed":0.0,"max_hp_gain":0.0,"max_hp_loss":0.0,"gold_gain":0.0,"event_name":"The Cleric","player_choice":"Card Removal","floor":2.0,"gold_loss":50.0,"damage_taken":0.0},{"damage_healed":0.0,"max_hp_gain":0.0,"max_hp_loss":0.0,"gold_gain":75.0,"event_name":"World of Goop","player_choice":"Gather Gold","floor":3.0,"gold_loss":0.0,"damage_taken":11.0},{"damage_healed":0.0,"max_hp_gain":0.0,"max_hp_loss":0.0,"gold_gain":0.0,"event_name":"Liars Game","player_choice":"Ignored","floor":5.0,"gold_loss":0.0,"damage_taken":0.0},{"damage_healed":23.0,"max_hp_gain":0.0,"max_hp_loss":0.0,"gold_gain":0.0,"event_name":"Big Fish","player_choice":"Banana","floor":12.0,"gold_loss":0.0,"damage_taken":0.0},{"damage_healed":0.0,"max_hp_gain":0.0,"max_hp_loss":0.0,"gold_gain":0.0,"event_name":"Ghosts","player_choice":"Ignored","floor":21.0,"gold_loss":0.0,"damage_taken":0.0},{"cards_removed":["Strike_G"],"damage_healed":0.0,"max_hp_gain":0.0,"max_hp_loss":0.0,"gold_gain":0.0,"event_name":"Beggar","player_choice":"Gave Gold","floor":25.0,"gold_loss":75.0,"damage_taken":0.0},{"damage_healed":0.0,"max_hp_gain":0.0,"max_hp_loss":0.0,"gold_gain":450.0,"event_name":"Knowing Skull","player_choice":"GOLD GOLD GOLD GOLD GOLD ","floor":28.0,"potions_obtained":[],"gold_loss":0.0,"damage_taken":42.0,"cards_obtained":[]},{"damage_healed":0.0,"max_hp_gain":0.0,"max_hp_loss":0.0,"gold_gain":0.0,"event_name":"Mysterious Sphere","player_choice":"Fight","floor":36.0,"gold_loss":0.0,"damage_taken":0.0},{"cards_removed":["Dagger Spray"],"damage_healed":0.0,"max_hp_gain":0.0,"max_hp_loss":0.0,"gold_gain":0.0,"event_name":"WeMeetAgain","player_choice":"Gave Card","floor":38.0,"gold_loss":0.0,"damage_taken":0.0,"relics_obtained":["Dream Catcher"]},{"damage_healed":0.0,"max_hp_gain":0.0,"max_hp_loss":0.0,"gold_gain":0.0,"event_name":"Accursed Blacksmith","player_choice":"Forge","floor":46.0,"gold_loss":0.0,"damage_taken":0.0,"cards_upgraded":["Well Laid Plans"]}],"is_beta":false,"boss_relics":[{"not_picked":["Sozu","Calling Bell"],"picked":"Philosopher\u0027s Stone"},{"not_picked":["Tiny House","Velvet Choker"],"picked":"Ring of the Serpent"}],"items_purged_floors":[53],"is_endless":false,"potions_floor_spawned":[7,10,13,14,18,23,31,33,35,39,42,47,54],"ascension_level":0}