{"gold_per_floor":[363,438,39,52,52,81,95,120,120,136,148,163,163,163],"floor_reached":14,"playtime":829,"items_purged":["Parasite"],"score":163,"play_id":"c0b46d5b-e2f4-4e83-b225-34205f686e41","local_time":"20191026142947","is_ascension_mode":true,"campfire_choices":[],"neow_cost":"CURSE","seed_source_timestamp":765899806036100,"circlet_count":0,"master_deck":["AscendersBane","Strike_G","Strike_G","Strike_G","Strike_G","Defend_G","Defend_G","Defend_G","Defend_G","Defend_G","Survivor","Neutralize","PiercingWail","Catalyst","Noxious Fumes","Masterful Stab","Infinite Blades","Doppelganger","Deadly Poison","Dagger Spray","Dash","Backstab"],"relics":["Ring of the Snake","Vajra","Pantograph","Paper Crane","Darkstone Periapt","Blood Vial"],"potions_floor_usage":[8,11],"damage_taken":[{"damage":0,"enemies":"Jaw Worm","floor":1,"turns":5},{"damage":0,"enemies":"Small Slimes","floor":4,"turns":3},{"damage":10,"enemies":"Lagavulin","floor":6,"turns":6},{"damage":0,"enemies":"Cultist","floor":7,"turns":4},{"damage":29,"enemies":"3 Sentries","floor":8,"turns":8},{"damage":9,"enemies":"Exordium Thugs","floor":10,"turns":4},{"damage":0,"enemies":"Blue Slaver","floor":11,"turns":2},{"damage":1,"enemies":"Looter","floor":12,"turns":4},{"damage":11,"enemies":"Gremlin Nob","floor":14,"turns":3}],"seed_played":"-8148150827957919237","potions_obtained":[{"floor":6,"key":"SteroidPotion"},{"floor":7,"key":"AttackPotion"}],"is_trial":false,"path_per_floor":["M","?","$","M","?","E","M","E","T","M","M","M","T","E"],"character_chosen":"THE_SILENT","items_purchased":["Vajra","Catalyst","Noxious Fumes","Masterful Stab"],"campfire_rested":0,"item_purchase_floors":[3,3,3,3],"current_hp_per_floor":[63,52,52,52,52,42,42,13,13,4,4,3,3,0],"gold":163,"neow_bonus":"TWO_FIFTY_GOLD","is_prod":false,"is_daily":false,"chose_seed":false,"campfire_upgraded":0,"win_rate":0,"timestamp":1572125387,"path_taken":["M","?","$","M","?","E","M","E","T","M","?","M","?","E"],"build_version":"2019-07-17","purchased_purges":1,"victory":false,"max_hp_per_floor":[70,70,67,67,67,67,67,67,67,67,67,67,67,67],"card_choices":[{"not_picked":["Acrobatics","Blade Dance"],"picked":"PiercingWail","floor":1},{"not_picked":["Bane","Flying Knee"],"picked":"Infinite Blades","floor":4},{"not_picked":["Bane","Endless Agony"],"picked":"Doppelganger","floor":6},{"not_picked":["Outmaneuver","Sucker Punch"],"picked":"Deadly Poison","floor":7},{"not_picked":["Venomology","Reflex"],"picked":"Dagger Spray","floor":8},{"not_picked":["Acrobatics","Poisoned Stab"],"picked":"Dash","floor":10},{"not_picked":["Blade Dance","Deadly Poison","Doppelganger"],"picked":"SKIP","floor":11},{"not_picked":["Sucker Punch","Flying Knee"],"picked":"Backstab","floor":12}],"player_experience":471342,"relics_obtained":[{"floor":6,"key":"Pantograph"},{"floor":8,"key":"Paper Crane"},{"floor":9,"key":"Darkstone Periapt"},{"floor":13,"key":"Blood Vial"}],"event_choices":[{"damage_healed":0,"gold_gain":75,"player_choice":"Gather Gold","damage_taken":11,"max_hp_gain":0,"max_hp_loss":0,"event_name":"World of Goop","floor":2,"gold_loss":0},{"cards_removed":["Strike_G"],"damage_healed":0,"gold_gain":0,"player_choice":"Purged","damage_taken":0,"max_hp_gain":0,"max_hp_loss":0,"event_name":"Purifier","floor":5,"gold_loss":0}],"is_beta":false,"boss_relics":[],"items_purged_floors":[3],"is_endless":false,"potions_floor_spawned":[6,7],"killed_by":"Gremlin Nob","ascension_level":12}