{"gold_per_floor":[114,129,129,204,219,219,234,249,249,249,264,264,279,294,294,394,394,409,424,439,439,454,454,141,156,156,186,10,25,40,55,55,155,155,170,185,68,83,83,83,83,83,133,133,148,178,193,20,20,20],"floor_reached":51,"playtime":4853,"items_purged":[],"score":1072,"play_id":"a2c95034-4ab7-4984-bc6d-7614ad98e8fa","local_time":"20191024012704","daily_mods":["Cursed Run","Hoarder","DeadlyEvents"],"is_ascension_mode":false,"campfire_choices":[{"data":"Crippling Poison","floor":6.0,"key":"SMITH"},{"data":"Crippling Poison","floor":12.0,"key":"SMITH"},{"data":"Crippling Poison","floor":15.0,"key":"SMITH"},{"floor":23.0,"key":"REST"},{"data":"Envenom","floor":32.0,"key":"SMITH"},{"floor":40,"key":"REST"},{"data":"Corpse Explosion","floor":42,"key":"SMITH"},{"data":"Corpse Explosion","floor":44,"key":"SMITH"},{"floor":49,"key":"REST"}],"neow_cost":"","seed_source_timestamp":0,"circlet_count":0,"master_deck":["Strike_G","Strike_G","Strike_G","Strike_G","Strike_G","Defend_G","Defend_G","Defend_G","Defend_G","Survivor","Neutralize","Dagger Spray","Dagger Spray","Dagger Spray","Crippling Poison+1","Crippling Poison+1","Crippling Poison+1","Dodge and Roll","Dodge and Roll","Dodge and Roll","Footwork","Footwork","Footwork","Corpse Explosion","Corpse Explosion+1","Corpse Explosion+1","Injury","Injury","Injury","Backflip","Backflip","Backflip","Injury","Injury","Injury","Leg Sweep+1","Leg Sweep+1","Leg Sweep+1","Deflect+1","Deflect+1","Deflect+1","Backflip+1","Backflip+1","Backflip+1","Blur","Blur","Blur","Footwork","Footwork","Footwork","Enlightenment","Enlightenment","Enlightenment","Adrenaline","Adrenaline","Adrenaline","Writhe","Writhe","Writhe","Deflect","Deflect","Deflect","Envenom","Envenom","Envenom+1","Skewer+1","Skewer+1","Skewer+1","Heel Hook","Heel Hook","Heel Hook","Pain","Pain","Pain","Envenom","Envenom","Envenom","Bane","Bane","Bane","Crippling Poison+1","Crippling Poison+1","Backflip","Backflip","Backflip","Mayhem","Mayhem","Mayhem","Bane+1","Bane+1","Bane+1","Writhe","Writhe","Writhe","Dagger Spray+1","Dagger Spray+1","Dagger Spray+1","Apotheosis","Apotheosis","Apotheosis","Quick Slash+1","Quick Slash+1","Quick Slash+1","Parasite","Parasite","Parasite"],"special_seed":18193,"relics":["Cursed Key","Darkstone Periapt","Du-Vu Doll","Lantern","Bag of Preparation","White Beast Statue","Membership Card","Nunchaku","TwistedFunnel","Black Star","Snake Skull","Kunai","Pocketwatch","Dream Catcher"],"potions_floor_usage":[38,45,45,47,50,50],"damage_taken":[{"damage":0.0,"enemies":"Small Slimes","floor":1.0,"turns":4.0},{"damage":0.0,"enemies":"Cultist","floor":2.0,"turns":3.0},{"damage":0.0,"enemies":"2 Louse","floor":5.0,"turns":1.0},{"damage":3.0,"enemies":"Lots of Slimes","floor":7.0,"turns":2.0},{"damage":0.0,"enemies":"Large Slime","floor":8.0,"turns":7.0},{"damage":0.0,"enemies":"2 Fungi Beasts","floor":11.0,"turns":3.0},{"damage":0.0,"enemies":"Exordium Thugs","floor":13.0,"turns":2.0},{"damage":3.0,"enemies":"Looter","floor":14.0,"turns":3.0},{"damage":10.0,"enemies":"Hexaghost","floor":16.0,"turns":8.0},{"damage":11.0,"enemies":"Spheric Guardian","floor":18.0,"turns":4.0},{"damage":0.0,"enemies":"2 Thieves","floor":19.0,"turns":3.0},{"damage":0.0,"enemies":"Centurion and Healer","floor":20.0,"turns":4.0},{"damage":16.0,"enemies":"Shelled Parasite and Fungi","floor":22.0,"turns":4.0},{"damage":9.0,"enemies":"Snake Plant","floor":25.0,"turns":5.0},{"damage":3.0,"enemies":"Gremlin Leader","floor":27.0,"turns":7.0},{"damage":0.0,"enemies":"Cultist and Chosen","floor":29.0,"turns":3.0},{"damage":12.0,"enemies":"Centurion and Healer","floor":30.0,"turns":4.0},{"damage":0.0,"enemies":"Sentry and Sphere","floor":31.0,"turns":2.0},{"damage":30.0,"enemies":"Champ","floor":33.0,"turns":9.0},{"damage":17.0,"enemies":"3 Darklings","floor":35.0,"turns":3.0},{"damage":12.0,"enemies":"Orb Walker","floor":36.0,"turns":5.0},{"damage":33,"enemies":"Spire Growth","floor":38,"turns":5},{"damage":7,"enemies":"Writhing Mass","floor":45,"turns":2},{"damage":23,"enemies":"Reptomancer","floor":46,"turns":5},{"damage":0,"enemies":"Jaw Worm Horde","floor":47,"turns":1},{"damage":71,"enemies":"Awakened One","floor":50,"turns":9}],"seed_played":"2112168178486524865","potions_obtained":[{"floor":1.0,"key":"EssenceOfSteel"},{"floor":8.0,"key":"Fire Potion"},{"floor":13.0,"key":"Fire Potion"},{"floor":18.0,"key":"AttackPotion"},{"floor":19.0,"key":"EntropicBrew"},{"floor":22.0,"key":"Ancient Potion"},{"floor":25.0,"key":"SpeedPotion"},{"floor":30.0,"key":"Poison Potion"},{"floor":31.0,"key":"Energy Potion"},{"floor":33.0,"key":"GamblersBrew"},{"floor":35.0,"key":"Regen Potion"},{"floor":36.0,"key":"Ancient Potion"},{"floor":38,"key":"AttackPotion"},{"floor":45,"key":"Swift Potion"},{"floor":46,"key":"Swift Potion"},{"floor":47,"key":"Weak Potion"}],"is_trial":false,"path_per_floor":["M","M","?","?","M","R","M","M","T","?","M","R","M","M","R","B",null,"M","M","M","?","M","R","$","M","T","E","$","M","M","M","R","B",null,"M","M","$","M","?","R","?","R","T","R","M","E","M","$","R","B",null],"character_chosen":"THE_SILENT","items_purchased":["Footwork","Membership Card","Enlightenment","Envenom","TwistedFunnel","Backflip","Mayhem","Apotheosis","Dream Catcher"],"campfire_rested":3,"item_purchase_floors":[24,24,24,28,28,37,37,48,48],"current_hp_per_floor":[70,70,63,52,52,52,49,49,67,67,67,67,67,64,64,72,106,95,95,95,95,79,106,106,97,115,112,112,112,100,100,100,88,142,125,113,113,89,89,131,131,131,149,149,142,119,119,119,160,107],"gold":20,"neow_bonus":"","is_prod":false,"is_daily":true,"chose_seed":false,"campfire_upgraded":6,"win_rate":0,"timestamp":1571902024,"path_taken":["M","M","?","?","M","R","M","M","T","?","M","R","?","M","R","BOSS","M","M","?","?","M","R","$","M","T","E","$","M","M","M","R","BOSS","M","M","?","M","?","R","?","R","T","R","M","?","?","$","R","BOSS"],"build_version":"2019-07-17","purchased_purges":0,"victory":true,"max_hp_per_floor":[70,70,70,70,70,70,70,70,88,88,88,88,88,88,88,106,106,106,106,106,106,106,106,106,106,124,124,124,124,124,124,124,142,142,142,142,142,142,142,142,142,142,160,160,160,160,160,160,160,178],"card_choices":[{"not_picked":["Skewer","Blade Dance"],"picked":"Dagger Spray","floor":1.0},{"not_picked":["Escape Plan","Dodge and Roll"],"picked":"Crippling Poison","floor":2.0},{"not_picked":["Reflex","Riddle With Holes"],"picked":"Dodge and Roll","floor":5.0},{"not_picked":["Poisoned Stab","Flying Knee"],"picked":"Footwork","floor":7.0},{"not_picked":["Sucker Punch","Accuracy"],"picked":"Corpse Explosion","floor":8.0},{"not_picked":["Blade Dance","Concentrate","Terror"],"picked":"SKIP","floor":11.0},{"not_picked":["Dodge and Roll","Prepared"],"picked":"Backflip","floor":13.0},{"not_picked":["Wraith Form v2","Backstab","Bane"],"picked":"SKIP","floor":14.0},{"not_picked":["Dagger Spray","Flying Knee"],"picked":"Leg Sweep+1","floor":18.0},{"not_picked":["Dagger Spray+1","Well Laid Plans+1"],"picked":"Deflect+1","floor":19.0},{"not_picked":["Underhanded Strike+1","Skewer+1"],"picked":"Backflip+1","floor":20.0},{"not_picked":["Outmaneuver+1","Quick Slash"],"picked":"Blur","floor":22.0},{"not_picked":["Bane","Blade Dance"],"picked":"Adrenaline","floor":25.0},{"not_picked":["Noxious Fumes","Underhanded Strike"],"picked":"Deflect","floor":27.0},{"not_picked":["Poisoned Stab+1","Choke"],"picked":"Skewer+1","floor":29.0},{"not_picked":["Backflip","Prepared","Accuracy+1"],"picked":"SKIP","floor":30.0},{"not_picked":["Blade Dance","Eviscerate+1"],"picked":"Heel Hook","floor":31.0},{"not_picked":["Corpse Explosion","Venomology"],"picked":"Envenom","floor":33.0},{"not_picked":["Bouncing Flask+1","Acrobatics"],"picked":"Bane","floor":35.0},{"not_picked":["Prepared","Infinite Blades+1"],"picked":"Crippling Poison+1","floor":36.0},{"not_picked":["Deadly Poison+1","Grand Finale"],"picked":"Bane+1","floor":38},{"not_picked":["Eviscerate+1","Finisher+1","Concentrate+1"],"picked":"SKIP","floor":45},{"not_picked":["Dodge and Roll+1","Flying Knee+1"],"picked":"Dagger Spray+1","floor":46},{"not_picked":["All Out Attack","Heel Hook","Quick Slash+1"],"picked":"SKIP","floor":47},{"not_picked":["Underhanded Strike+1","Backflip"],"picked":"Quick Slash+1","floor":49}],"player_experience":445898,"relics_obtained":[{"floor":9.0,"key":"Bag of Preparation"},{"floor":27.0,"key":"Nunchaku"},{"floor":43,"key":"Snake Skull"},{"floor":46,"key":"Kunai"},{"floor":46,"key":"Pocketwatch"}],"event_choices":[{"damage_healed":0.0,"max_hp_gain":0.0,"max_hp_loss":0.0,"gold_gain":0.0,"event_name":"Scrap Ooze","player_choice":"Success","floor":3.0,"gold_loss":0.0,"damage_taken":7.0,"relics_obtained":["Lantern"]},{"damage_healed":0.0,"max_hp_gain":0.0,"max_hp_loss":0.0,"gold_gain":75.0,"event_name":"World of Goop","player_choice":"Gather Gold","floor":4.0,"gold_loss":0.0,"damage_taken":11.0},{"damage_healed":0.0,"max_hp_gain":0.0,"max_hp_loss":0.0,"gold_gain":0.0,"event_name":"Golden Idol","player_choice":"Ignored","floor":10.0,"gold_loss":0.0,"damage_taken":0.0},{"cards_removed":["Defend_G"],"damage_healed":0.0,"max_hp_gain":0.0,"max_hp_loss":0.0,"gold_gain":0.0,"event_name":"Purifier","player_choice":"Purged","floor":21.0,"gold_loss":0.0,"damage_taken":0.0},{"cards_removed":["Crippling Poison"],"damage_healed":0,"gold_gain":0,"player_choice":"Removed Skill","damage_taken":0,"max_hp_gain":0,"max_hp_loss":0,"event_name":"Falling","floor":39,"gold_loss":0},{"damage_healed":0,"gold_gain":0,"player_choice":"Ignored","damage_taken":0,"max_hp_gain":0,"max_hp_loss":0,"event_name":"Tomb of Lord Red Mask","floor":41,"gold_loss":0}],"is_beta":false,"boss_relics":[{"not_picked":["Fusion Hammer","Busted Crown"],"picked":"White Beast Statue"},{"not_picked":["Runic Dome","Snecko Eye"],"picked":"Black Star"}],"items_purged_floors":[],"is_endless":false,"potions_floor_spawned":[1,8,13,18,19,20,22,25,27,29,30,31,33,35,36,38,45,46,47],"ascension_level":0}