{"gold_per_floor":[117,64,64,24,24,55,65,65,65,96,108,108,108,122,122,224,224,236,236,43,43,43,76,76,76,76,76,3,3,31,41,41,138,138,157,18,18,30,30,30,62,62,87,99,131,143,0,10,10,10,10,10,10,38,38],"floor_reached":55,"playtime":1964,"items_purged":[],"score":817,"play_id":"486293a8-36a8-4451-8a13-b435e91defef","local_time":"20190530210410","is_ascension_mode":false,"campfire_choices":[{"data":"Armaments","floor":8,"key":"SMITH"},{"data":"Bash","floor":13,"key":"SMITH"},{"data":"Fiend Fire","floor":15,"key":"SMITH"},{"data":"1","floor":25,"key":"LIFT"},{"data":"2","floor":27,"key":"LIFT"},{"data":"3","floor":29,"key":"LIFT"},{"data":"Shockwave","floor":32,"key":"SMITH"},{"data":"Offering","floor":40,"key":"SMITH"},{"data":"Master of Strategy","floor":42,"key":"SMITH"},{"floor":49,"key":"RECALL"},{"data":"Heavy Blade","floor":52,"key":"SMITH"}],"neow_cost":"NONE","seed_source_timestamp":202515368965629,"circlet_count":0,"master_deck":["Strike_R","Strike_R","Strike_R","Strike_R","Defend_R","Defend_R","Defend_R","Defend_R","Bash+1","Second Wind","Armaments+1","True Grit+1","Shockwave+1","Twin Strike","Anger","Cleave","Fiend Fire+1","Brutality+1","Master of Strategy+1","Anger+1","Rupture+1","Barricade+1","Shrug It Off+1","Havoc+1","Headbutt+1","Bloodletting","Offering+1","Madness","Madness","Disarm+1","Heavy Blade+1","Double Tap"],"relics":["Burning Blood","Magic Flower","Frozen Egg 2","Art of War","Runic Pyramid","Girya","Happy Flower","Matryoshka","Ornamental Fan","Orrery","Kunai","Pear","Smiling Mask","Red Mask","Boot"],"potions_floor_usage":[6,6,16,16,30,33,54,55,55,55,55,55],"damage_taken":[{"damage":10,"enemies":"Jaw Worm","floor":1,"turns":4},{"damage":28,"enemies":"Gremlin Nob","floor":6,"turns":4},{"damage":2,"enemies":"Cultist","floor":7,"turns":5},{"damage":33,"enemies":"Lagavulin","floor":10,"turns":7},{"damage":0,"enemies":"Small Slimes","floor":11,"turns":3},{"damage":0,"enemies":"Red Slaver","floor":14,"turns":3},{"damage":0,"enemies":"Slime Boss","floor":16,"turns":2},{"damage":8,"enemies":"Spheric Guardian","floor":18,"turns":4},{"damage":8,"enemies":"Book of Stabbing","floor":23,"turns":3},{"damage":10,"enemies":"Gremlin Leader","floor":30,"turns":3},{"damage":16,"enemies":"2 Thieves","floor":31,"turns":3},{"damage":22,"enemies":"Automaton","floor":33,"turns":6},{"damage":1,"enemies":"Orb Walker","floor":35,"turns":2},{"damage":2,"enemies":"3 Shapes","floor":38,"turns":2},{"damage":16,"enemies":"Nemesis","floor":41,"turns":3},{"damage":9,"enemies":"Sphere and 2 Shapes","floor":44,"turns":5},{"damage":11,"enemies":"Giant Head","floor":45,"turns":6},{"damage":4,"enemies":"Spire Growth","floor":46,"turns":3},{"damage":12,"enemies":"Jaw Worm Horde","floor":48,"turns":4},{"damage":33,"enemies":"Awakened One","floor":50,"turns":10},{"damage":40,"enemies":"Shield and Spear","floor":54,"turns":5},{"damage":82,"enemies":"The Heart","floor":55,"turns":8}],"seed_played":"-6251634610661313131","potions_obtained":[{"floor":1,"key":"SpeedPotion"},{"floor":4,"key":"Ancient Potion"},{"floor":4,"key":"Strength Potion"},{"floor":6,"key":"Fire Potion"},{"floor":10,"key":"Fire Potion"},{"floor":11,"key":"Swift Potion"},{"floor":18,"key":"BloodPotion"},{"floor":30,"key":"EntropicBrew"},{"floor":31,"key":"AttackPotion"},{"floor":33,"key":"Strength Potion"}],"is_trial":false,"path_per_floor":["M","$","?","?","$","E","M","R","T","E","M","?","R","M","R","B",null,"M","T","$","?","$","E","?","R","T","R","$","R","E","M","R","B",null,"M","$","?","M","?","R","E","R","T","M","E","M","?","M","R","B",null,"R","$","E","B"],"character_chosen":"IRONCLAD","items_purchased":["True Grit","Master of Strategy","Rupture+1","Offering"],"campfire_rested":0,"item_purchase_floors":[2,20,28,36],"current_hp_per_floor":[76,76,81,81,81,59,66,66,66,42,51,51,51,60,60,69,85,85,85,85,85,85,85,85,85,85,85,85,85,84,77,77,64,85,85,85,85,85,74,74,67,67,77,77,75,80,80,77,77,53,95,95,95,78,0],"gold":38,"neow_bonus":"TRANSFORM_CARD","is_prod":false,"is_daily":false,"chose_seed":false,"campfire_upgraded":7,"win_rate":0,"timestamp":1559246650,"path_taken":["M","$","?","?","$","E","M","R","T","E","?","?","R","M","R","BOSS","M","?","?","?","$","E","?","R","T","R","?","R","E","M","R","BOSS","M","$","?","M","?","R","E","R","T","M","E","M","?","M","R","BOSS","R","$","E","BOSS"],"build_version":"2019-01-23","purchased_purges":0,"victory":false,"max_hp_per_floor":[80,80,85,85,85,85,85,85,85,85,85,85,85,85,85,85,85,85,85,85,85,85,85,85,85,85,85,85,85,85,85,85,85,85,85,85,85,85,85,85,85,85,95,95,95,95,95,95,95,95,95,95,95,95,95],"card_choices":[{"not_picked":["Blood for Blood","Iron Wave"],"picked":"Armaments","floor":1},{"not_picked":["True Grit","Disarm"],"picked":"Shockwave","floor":6},{"not_picked":["Clothesline","Brutality"],"picked":"Twin Strike","floor":7},{"not_picked":["Sever Soul","True Grit"],"picked":"Anger","floor":10},{"not_picked":["Clash","Sever Soul"],"picked":"Cleave","floor":11},{"not_picked":["True Grit","Warcry"],"picked":"Fiend Fire","floor":14},{"not_picked":["Berserk+1","Limit Break"],"picked":"Brutality+1","floor":16},{"not_picked":["Sword Boomerang","Wild Strike","Intimidate"],"picked":"SKIP","floor":18},{"not_picked":["Warcry+1","Searing Blow+1"],"picked":"Anger+1","floor":23},{"not_picked":["Brutality+1","Carnage","Corruption+1"],"picked":"SKIP","floor":30},{"not_picked":["Iron Wave","Blood for Blood","Body Slam"],"picked":"SKIP","floor":31},{"not_picked":["Juggernaut+1","Berserk+1"],"picked":"Barricade+1","floor":33},{"not_picked":["Havoc","Infernal Blade"],"picked":"Shrug It Off+1","floor":34},{"not_picked":["Ghostly Armor","Twin Strike"],"picked":"Havoc+1","floor":34},{"not_picked":["Armaments","Iron Wave"],"picked":"Headbutt+1","floor":34},{"not_picked":["Immolate","Iron Wave+1"],"picked":"Bloodletting","floor":35},{"not_picked":["Cleave+1","Clothesline","Thunderclap+1"],"picked":"SKIP","floor":38},{"not_picked":["Heavy Blade","Bludgeon","Body Slam"],"picked":"SKIP","floor":41},{"not_picked":["Twin Strike","Clash+1","Cleave+1"],"picked":"SKIP","floor":44},{"not_picked":["True Grit+1","Hemokinesis+1"],"picked":"Disarm+1","floor":45},{"not_picked":["Sword Boomerang","Feed"],"picked":"Heavy Blade","floor":46},{"not_picked":["Headbutt+1","Flex+1","Warcry"],"picked":"SKIP","floor":48},{"not_picked":["Iron Wave+1","Fire Breathing+1"],"picked":"Double Tap","floor":54}],"player_experience":1522089,"relics_obtained":[{"floor":6,"key":"Magic Flower"},{"floor":9,"key":"Frozen Egg 2"},{"floor":10,"key":"Art of War"},{"floor":19,"key":"Girya"},{"floor":23,"key":"Happy Flower"},{"floor":26,"key":"Matryoshka"},{"floor":30,"key":"Ornamental Fan"},{"floor":41,"key":"Kunai"},{"floor":43,"key":"Pear"},{"floor":45,"key":"Smiling Mask"},{"floor":54,"key":"Boot"}],"event_choices":[{"damage_healed":0,"gold_gain":0,"player_choice":"Donut","damage_taken":0,"max_hp_gain":5,"max_hp_loss":0,"event_name":"Big Fish","floor":3,"gold_loss":0},{"damage_healed":0,"gold_gain":0,"player_choice":"Bought 3 Potions","damage_taken":0,"max_hp_gain":0,"max_hp_loss":0,"event_name":"The Woman in Blue","floor":4,"gold_loss":0},{"damage_healed":0,"gold_gain":0,"player_choice":"Upgraded","damage_taken":0,"max_hp_gain":0,"max_hp_loss":0,"event_name":"Upgrade Shrine","floor":12,"gold_loss":0,"cards_upgraded":["True Grit"]},{"damage_healed":0,"gold_gain":0,"player_choice":"Ignored","damage_taken":0,"max_hp_gain":0,"max_hp_loss":0,"event_name":"Ghosts","floor":21,"gold_loss":0},{"damage_healed":0,"gold_gain":0,"player_choice":"Memory 1","damage_taken":0,"max_hp_gain":0,"max_hp_loss":0,"event_name":"SensoryStone","floor":37,"gold_loss":0},{"damage_healed":0,"gold_gain":0,"player_choice":"Embrace Madness","damage_taken":11,"max_hp_gain":0,"max_hp_loss":0,"event_name":"Winding Halls","floor":39,"gold_loss":0,"cards_obtained":["Madness","Madness"]},{"damage_healed":0,"gold_gain":0,"player_choice":"Paid","damage_taken":0,"relics_obtained":["Red Mask"],"max_hp_gain":0,"max_hp_loss":0,"event_name":"Tomb of Lord Red Mask","floor":47,"gold_loss":143}],"is_beta":false,"boss_relics":[{"not_picked":["Runic Dome","Black Star"],"picked":"Runic Pyramid"},{"not_picked":["White Beast Statue","Pandora\u0027s Box"],"picked":"Orrery"}],"items_purged_floors":[],"is_endless":false,"potions_floor_spawned":[1,6,10,11,18,30,31,33,38,41],"killed_by":"The Heart","ascension_level":0}