{"gold_per_floor":[116,134,134,37,56,56,69,96,96,106,126,126,187,201,201,299,299,312,312,312,325,336,336,44,59,59,59,94,106,128,140,152,262,274,302,366,378,490,521,533,575,587,670,682,712,724,765,789,801,813],"floor_reached":51,"playtime":4464,"items_purged":["Strike_R"],"score":736,"play_id":"575caac9-fbea-46ab-9b4b-7cae8b688eee","local_time":"20190924203434","is_ascension_mode":true,"campfire_choices":[{"data":"True Grit","floor":6.0,"key":"SMITH"},{"data":"Entrench","floor":12.0,"key":"SMITH"},{"data":"Berserk","floor":15.0,"key":"SMITH"},{"data":"Searing Blow+1","floor":23.0,"key":"SMITH"},{"data":"Seeing Red","floor":27.0,"key":"SMITH"},{"data":"Searing Blow+2","floor":29.0,"key":"SMITH"},{"floor":32.0,"key":"REST"},{"floor":40.0,"key":"REST"},{"floor":42.0,"key":"REST"},{"data":"Limit Break","floor":46.0,"key":"SMITH"},{"floor":49,"key":"REST"}],"neow_cost":"NONE","seed_source_timestamp":0,"circlet_count":0,"master_deck":["Strike_R","Strike_R","Strike_R","Defend_R","Defend_R","Defend_R","Defend_R","Bash","Cleave","Evolve","Iron Wave","True Grit+1","Entrench+1","Pommel Strike","Shrug It Off","Cleave","Berserk+1","Spot Weakness","Fiend Fire","Searing Blow+3","Combust","Bash","Seeing Red+1","Battle Trance","Limit Break+1","Headbutt+1","Armaments+1","Heavy Blade+1","Feel No Pain","Clumsy","True Grit+1","Uppercut+1"],"special_seed":0,"relics":["Burning Blood","Bronze Scales","Unceasing Top","Paper Frog","Dodecahedron","Runic Pyramid","Dead Branch","Shuriken","MawBank","Cursed Key","Torii","Calipers","Letter Opener","Pantograph","Bag of Preparation"],"potions_floor_usage":[],"damage_taken":[{"damage":0.0,"enemies":"2 Louse","floor":1.0,"turns":3.0},{"damage":1.0,"enemies":"Cultist","floor":2.0,"turns":3.0},{"damage":1.0,"enemies":"Jaw Worm","floor":5.0,"turns":4.0},{"damage":7.0,"enemies":"3 Louse","floor":7.0,"turns":2.0},{"damage":12.0,"enemies":"3 Sentries","floor":8.0,"turns":8.0},{"damage":5.0,"enemies":"Looter","floor":10.0,"turns":3.0},{"damage":8.0,"enemies":"Gremlin Gang","floor":11.0,"turns":4.0},{"damage":33.0,"enemies":"Lagavulin Event","floor":13.0,"turns":7.0},{"damage":9.0,"enemies":"Large Slime","floor":14.0,"turns":4.0},{"damage":37.0,"enemies":"The Guardian","floor":16.0,"turns":10.0},{"damage":11.0,"enemies":"3 Byrds","floor":18.0,"turns":5.0},{"damage":0.0,"enemies":"Chosen","floor":21.0,"turns":4.0},{"damage":7.0,"enemies":"Snecko","floor":22.0,"turns":4.0},{"damage":29.0,"enemies":"Centurion and Healer","floor":25.0,"turns":3.0},{"damage":37.0,"enemies":"Slavers","floor":28.0,"turns":4.0},{"damage":0.0,"enemies":"Snake Plant","floor":30.0,"turns":4.0},{"damage":33.0,"enemies":"Champ","floor":33.0,"turns":7.0},{"damage":5.0,"enemies":"Orb Walker","floor":35.0,"turns":3.0},{"damage":66.0,"enemies":"2 Orb Walkers","floor":36.0,"turns":4.0},{"damage":0.0,"enemies":"Mind Bloom Boss Battle","floor":38.0,"turns":3.0},{"damage":24.0,"enemies":"3 Darklings","floor":39.0,"turns":4.0},{"damage":35.0,"enemies":"Reptomancer","floor":41.0,"turns":4.0},{"damage":21.0,"enemies":"Transient","floor":45.0,"turns":5.0},{"damage":21.0,"enemies":"Nemesis","floor":47.0,"turns":5.0},{"damage":11,"enemies":"Writhing Mass","floor":48,"turns":6},{"damage":14,"enemies":"Donu and Deca","floor":50,"turns":4}],"seed_played":"9056045977745594053","potions_obtained":[{"floor":7.0,"key":"PowerPotion"},{"floor":8.0,"key":"Dexterity Potion"},{"floor":11.0,"key":"Strength Potion"},{"floor":13.0,"key":"Weak Potion"},{"floor":21.0,"key":"LiquidBronze"},{"floor":22.0,"key":"Energy Potion"},{"floor":30.0,"key":"Ancient Potion"},{"floor":39.0,"key":"Weak Potion"},{"floor":45.0,"key":"SneckoOil"},{"floor":47.0,"key":"Regen Potion"}],"is_trial":false,"path_per_floor":["M","M","?","$","M","R","M","E","T","M","M","R","?","M","R","B",null,"M","?","?","M","M","R","$","M","T","R","E","R","M","?","R","B",null,"M","?","?","?","M","R","E","R","T","?","M","R","E","M","R","B",null],"character_chosen":"IRONCLAD","items_purchased":["Iron Wave","Dead Branch"],"campfire_rested":4,"item_purchase_floors":[4,24],"current_hp_per_floor":[80,80,80,80,80,80,79,73,73,74,72,72,45,42,42,11,80,75,60,60,66,65,65,65,42,42,42,11,11,17,17,42,15,85,85,25,25,31,13,38,9,34,34,74,59,59,44,39,61,66],"gold":825,"neow_bonus":"REMOVE_CARD","is_prod":false,"is_daily":false,"chose_seed":false,"campfire_upgraded":7,"win_rate":0,"timestamp":1569382474,"path_taken":["M","M","?","$","M","R","M","E","T","?","M","R","?","M","R","BOSS","M","?","?","M","M","R","$","M","T","R","E","R","?","?","R","BOSS","M","?","?","?","?","R","E","R","T","?","M","R","E","M","R","BOSS"],"build_version":"2019-07-17","purchased_purges":1,"victory":true,"max_hp_per_floor":[80,80,80,80,80,80,80,80,80,80,80,80,80,80,80,80,80,80,85,85,85,85,85,85,85,85,85,85,85,85,85,85,85,85,85,85,85,85,85,85,85,85,85,74,74,74,74,74,74,74],"card_choices":[{"not_picked":["Body Slam","Hemokinesis"],"picked":"Cleave","floor":1.0},{"not_picked":["Iron Wave","Cleave"],"picked":"Evolve","floor":2.0},{"not_picked":["Blood for Blood","Clash"],"picked":"True Grit","floor":5.0},{"not_picked":["Immolate","Wild Strike"],"picked":"Entrench","floor":7.0},{"not_picked":["Hemokinesis","Headbutt"],"picked":"Pommel Strike","floor":8.0},{"not_picked":["Heavy Blade","Sword Boomerang"],"picked":"Shrug It Off","floor":10.0},{"not_picked":["Anger","Sword Boomerang"],"picked":"Cleave","floor":11.0},{"not_picked":["Twin Strike","Clash"],"picked":"Berserk","floor":13.0},{"not_picked":["Anger","True Grit"],"picked":"Spot Weakness","floor":14.0},{"not_picked":["Immolate","Exhume"],"picked":"Fiend Fire","floor":16.0},{"not_picked":["Hemokinesis+1","Battle Trance+1"],"picked":"Searing Blow+1","floor":18.0},{"not_picked":["Sentinel","Spot Weakness"],"picked":"Seeing Red","floor":21.0},{"not_picked":["Havoc","Warcry"],"picked":"Battle Trance","floor":22.0},{"not_picked":["Perfected Strike","True Grit","Clash"],"picked":"SKIP","floor":25.0},{"not_picked":["Armaments+1","Wild Strike","Warcry"],"picked":"SKIP","floor":28.0},{"not_picked":["Warcry","Sword Boomerang","Wild Strike"],"picked":"SKIP","floor":30.0},{"not_picked":["Immolate","Offering"],"picked":"Limit Break","floor":33.0},{"not_picked":["Pommel Strike+1","True Grit"],"picked":"Headbutt+1","floor":35.0},{"not_picked":["Wild Strike","Burning Pact+1"],"picked":"Armaments+1","floor":38.0},{"not_picked":["True Grit+1","Havoc+1"],"picked":"Heavy Blade+1","floor":39.0},{"not_picked":["Combust+1","Armaments+1"],"picked":"Feel No Pain","floor":41.0},{"not_picked":["Rage+1","Anger","Exhume"],"picked":"SKIP","floor":45.0},{"not_picked":["Pommel Strike+1","Intimidate"],"picked":"True Grit+1","floor":47.0},{"not_picked":["Carnage","Twin Strike+1"],"picked":"Uppercut+1","floor":48}],"player_experience":174148,"relics_obtained":[{"floor":3.0,"key":"Bronze Scales"},{"floor":8.0,"key":"Unceasing Top"},{"floor":9.0,"key":"Paper Frog"},{"floor":26.0,"key":"Shuriken"},{"floor":28.0,"key":"MawBank"},{"floor":36.0,"key":"Torii"},{"floor":38.0,"key":"Calipers"},{"floor":41.0,"key":"Letter Opener"},{"floor":43.0,"key":"Pantograph"},{"floor":47.0,"key":"Bag of Preparation"}],"event_choices":[{"damage_healed":0.0,"max_hp_gain":0.0,"max_hp_loss":0.0,"gold_gain":0.0,"event_name":"Wheel of Change","player_choice":"Relic","floor":3.0,"gold_loss":0.0,"damage_taken":0.0},{"damage_healed":0.0,"max_hp_gain":0.0,"max_hp_loss":0.0,"gold_gain":0.0,"event_name":"Dead Adventurer","player_choice":"Searched \u00272\u0027 times","floor":13.0,"gold_loss":0.0,"damage_taken":0.0,"relics_obtained":["Dodecahedron"]},{"damage_healed":0.0,"max_hp_gain":5.0,"max_hp_loss":0.0,"gold_gain":0.0,"event_name":"Forgotten Altar","player_choice":"Shed Blood","floor":19.0,"gold_loss":0.0,"damage_taken":20.0},{"damage_healed":0.0,"max_hp_gain":0.0,"max_hp_loss":0.0,"gold_gain":0.0,"event_name":"Match and Keep!","player_choice":"2 cards matched","floor":20.0,"gold_loss":0.0,"damage_taken":0.0,"cards_obtained":["Combust","Bash"]},{"damage_healed":0.0,"max_hp_gain":0.0,"max_hp_loss":0.0,"gold_gain":0.0,"event_name":"Match and Keep!","player_choice":"2 cards matched","floor":20.0,"gold_loss":0.0,"damage_taken":0.0,"cards_obtained":["Combust","Bash"]},{"damage_healed":0.0,"max_hp_gain":0.0,"max_hp_loss":0.0,"gold_gain":0.0,"event_name":"Ghosts","player_choice":"Ignored","floor":31.0,"gold_loss":0.0,"damage_taken":0.0},{"damage_healed":0.0,"max_hp_gain":0.0,"max_hp_loss":0.0,"gold_gain":0.0,"event_name":"Mysterious Sphere","player_choice":"Fight","floor":36.0,"gold_loss":0.0,"damage_taken":0.0},{"damage_healed":0.0,"max_hp_gain":0.0,"max_hp_loss":0.0,"gold_gain":0.0,"event_name":"Tomb of Lord Red Mask","player_choice":"Ignored","floor":37.0,"gold_loss":0.0,"damage_taken":0.0},{"damage_healed":0.0,"max_hp_gain":0.0,"max_hp_loss":0.0,"gold_gain":0.0,"event_name":"MindBloom","player_choice":"Fight","floor":38.0,"gold_loss":0.0,"damage_taken":0.0},{"damage_healed":74.0,"max_hp_gain":0.0,"max_hp_loss":11.0,"gold_gain":0.0,"event_name":"The Moai Head","player_choice":"Heal","floor":44.0,"gold_loss":0.0,"damage_taken":0.0}],"is_beta":false,"boss_relics":[{"not_picked":["Velvet Choker","Tiny House"],"picked":"Runic Pyramid"},{"not_picked":["Black Star","Lizard Tail"],"picked":"Cursed Key"}],"items_purged_floors":[4],"is_endless":false,"potions_floor_spawned":[7,8,11,13,21,22,30,39,45,47],"ascension_level":1}