{"gold_per_floor":[115,115,115,133,156,156,177,177,177,218,242,281,143,164,164,287,287,311,16,39,39,53,53,53,53,80,80,80,120,143,156,156,284,284,307,15,64,189,202,202,226,259,286,304,304,78,78,78,78,78],"floor_reached":51,"playtime":1553,"items_purged":["Strike_R","Strike_R","Strike_R"],"score":780,"play_id":"f3b378b1-9e71-412c-b25e-dac4599f43ed","local_time":"20190524212512","is_ascension_mode":false,"campfire_choices":[{"data":"True Grit","floor":6,"key":"SMITH"},{"data":"Inflame","floor":8,"key":"SMITH"},{"data":"Whirlwind","floor":15,"key":"SMITH"},{"data":"Bash","floor":23,"key":"SMITH"},{"data":"Thunderclap","floor":25,"key":"SMITH"},{"data":"Shockwave","floor":28,"key":"SMITH"},{"data":"Searing Blow+1","floor":32,"key":"SMITH"},{"data":"Searing Blow+2","floor":40,"key":"SMITH"},{"data":"Searing Blow+3","floor":45,"key":"SMITH"},{"data":"Searing Blow+4","floor":49,"key":"SMITH"}],"neow_cost":"PERCENT_DAMAGE","seed_source_timestamp":258318440161910,"circlet_count":0,"master_deck":["Strike_R","Strike_R","Defend_R","Defend_R","Defend_R","Bash+1","Feed","True Grit+1","Thunderclap+1","Inflame+1","Twin Strike+1","Twin Strike+1","Whirlwind+1","Shockwave+1","Impervious","Double Tap+1","Shrug It Off","Dropkick","Necronomicurse","Iron Wave+1","Searing Blow+5","Impervious","Reaper","Heavy Blade+1","Whirlwind+1","Metallicize+1","Shrug It Off+1"],"relics":["Burning Blood","Golden Idol","Question Card","Singing Bowl","Coffee Dripper","Whetstone","Necronomicon","Omamori","Nloth\u0027s Gift","Gremlin Horn","Runic Pyramid","Vajra","Bag of Preparation","Pen Nib","Ice Cream","Meat on the Bone","Lantern"],"potions_floor_usage":[11,16,16,22,33,35,42,44,46],"damage_taken":[{"damage":5,"enemies":"Small Slimes","floor":1,"turns":4},{"damage":0,"enemies":"2 Louse","floor":4,"turns":3},{"damage":0,"enemies":"Cultist","floor":5,"turns":4},{"damage":10,"enemies":"Looter","floor":7,"turns":4},{"damage":17,"enemies":"Gremlin Nob","floor":10,"turns":4},{"damage":6,"enemies":"Lots of Slimes","floor":11,"turns":3},{"damage":27,"enemies":"Lagavulin","floor":12,"turns":6},{"damage":1,"enemies":"3 Louse","floor":14,"turns":3},{"damage":55,"enemies":"Hexaghost","floor":16,"turns":11},{"damage":2,"enemies":"Shell Parasite","floor":18,"turns":3},{"damage":10,"enemies":"Spheric Guardian","floor":20,"turns":3},{"damage":18,"enemies":"Snake Plant","floor":22,"turns":3},{"damage":12,"enemies":"Book of Stabbing","floor":29,"turns":4},{"damage":7,"enemies":"Chosen and Byrds","floor":30,"turns":6},{"damage":0,"enemies":"Sentry and Sphere","floor":31,"turns":4},{"damage":58,"enemies":"Champ","floor":33,"turns":8},{"damage":1,"enemies":"3 Shapes","floor":35,"turns":6},{"damage":0,"enemies":"Mind Bloom Boss Battle","floor":38,"turns":3},{"damage":2,"enemies":"Orb Walker","floor":39,"turns":2},{"damage":0,"enemies":"Sphere and 2 Shapes","floor":41,"turns":1},{"damage":0,"enemies":"Reptomancer","floor":42,"turns":1},{"damage":0,"enemies":"3 Darklings","floor":44,"turns":2},{"damage":32,"enemies":"Awakened One","floor":50,"turns":6}],"seed_played":"-896427004588816922","potions_obtained":[{"floor":1,"key":"SpeedPotion"},{"floor":10,"key":"FearPotion"},{"floor":11,"key":"FearPotion"},{"floor":12,"key":"Swift Potion"},{"floor":14,"key":"Weak Potion"},{"floor":20,"key":"Explosive Potion"},{"floor":30,"key":"Energy Potion"},{"floor":31,"key":"Weak Potion"},{"floor":33,"key":"Poison Potion"},{"floor":42,"key":"EssenceOfSteel"},{"floor":44,"key":"Fruit Juice"}],"is_trial":false,"path_per_floor":["M","?","?","M","M","R","M","R","T","E","M","E","$","M","R","B",null,"M","$","M","?","M","R","?","R","T","?","R","E","M","M","R","B",null,"M","$","T","?","M","R","M","E","T","M","R","$","?","?","R","B",null],"character_chosen":"IRONCLAD","items_purchased":["Shockwave","Shrug It Off","Whetstone","Vajra","Bag of Preparation","Fruit Juice"],"campfire_rested":0,"item_purchase_floors":[13,19,19,36,36,46],"current_hp_per_floor":[60,60,60,69,78,78,74,74,74,63,68,50,50,58,58,12,97,99,99,98,98,88,88,72,72,72,72,72,68,67,73,73,21,106,109,109,109,112,117,117,117,117,117,122,122,127,127,127,127,104],"gold":78,"neow_bonus":"THREE_RARE_CARDS","is_prod":false,"is_daily":false,"chose_seed":false,"campfire_upgraded":10,"win_rate":0,"timestamp":1558729512,"path_taken":["M","?","?","?","M","R","M","R","T","E","M","E","$","M","R","BOSS","M","$","M","?","?","R","?","R","T","?","R","E","M","M","R","BOSS","M","$","?","?","M","R","M","E","T","M","R","$","?","?","R","BOSS"],"build_version":"2019-01-23","purchased_purges":3,"victory":true,"max_hp_per_floor":[83,77,77,80,83,83,83,83,83,83,88,91,91,94,94,97,97,99,99,102,102,104,104,104,104,104,104,104,106,106,106,106,106,106,109,109,109,112,117,117,117,117,117,122,122,127,127,127,127,130],"card_choices":[{"not_picked":["Reaper","Exhume"],"picked":"Feed","floor":0},{"not_picked":["Searing Blow","Evolve"],"picked":"True Grit","floor":1},{"not_picked":["Body Slam","Evolve","True Grit"],"picked":"SKIP","floor":4},{"not_picked":["Pommel Strike","True Grit"],"picked":"Inflame","floor":5},{"not_picked":["Second Wind","Feel No Pain"],"picked":"Twin Strike","floor":7},{"not_picked":["Burning Pact","Warcry","Sever Soul"],"picked":"Twin Strike","floor":10},{"not_picked":["Warcry","Havoc","Sword Boomerang","Rampage"],"picked":"Singing Bowl","floor":11},{"not_picked":["Armaments","Clash","Heavy Blade"],"picked":"Whirlwind","floor":12},{"not_picked":["Headbutt","Iron Wave","Body Slam"],"picked":"Impervious","floor":14},{"not_picked":["Feed","Exhume","Bludgeon"],"picked":"Double Tap","floor":16},{"not_picked":["Perfected Strike","Reckless Charge+1","Cleave","Heavy Blade+1"],"picked":"Singing Bowl","floor":18},{"not_picked":["Headbutt","Seeing Red","Warcry"],"picked":"Dropkick","floor":20},{"not_picked":["Armaments","Clash","Twin Strike","Heavy Blade+1"],"picked":"Singing Bowl","floor":22},{"not_picked":["Juggernaut","Pommel Strike","Hemokinesis","Havoc+1"],"picked":"Singing Bowl","floor":29},{"not_picked":["Second Wind","Double Tap","Clothesline"],"picked":"Iron Wave+1","floor":30},{"not_picked":["Anger","Hemokinesis","Armaments"],"picked":"Searing Blow+1","floor":31},{"not_picked":["Exhume","Bludgeon","Limit Break"],"picked":"Impervious","floor":33},{"not_picked":["Impervious","Evolve","Armaments"],"picked":"Reaper","floor":35},{"not_picked":["Warcry","Power Through","Clash+1"],"picked":"Heavy Blade+1","floor":38},{"not_picked":["Wild Strike","Warcry+1","Clash","Body Slam+1"],"picked":"Singing Bowl","floor":39},{"not_picked":["Pommel Strike","Pummel","Reckless Charge"],"picked":"Whirlwind+1","floor":41},{"not_picked":["Warcry","Berserk","Clash+1"],"picked":"Metallicize+1","floor":42},{"not_picked":["Carnage","Rage+1","True Grit"],"picked":"Shrug It Off+1","floor":44}],"player_experience":1492617,"relics_obtained":[{"floor":9,"key":"Question Card"},{"floor":10,"key":"Singing Bowl"},{"floor":12,"key":"MawBank"},{"floor":24,"key":"Necronomicon"},{"floor":26,"key":"Omamori"},{"floor":29,"key":"Gremlin Horn"},{"floor":37,"key":"Pen Nib"},{"floor":38,"key":"Ice Cream"},{"floor":42,"key":"Meat on the Bone"},{"floor":43,"key":"Lantern"}],"event_choices":[{"damage_healed":0,"gold_gain":0,"player_choice":"Lose Max HP","damage_taken":0,"relics_obtained":["Golden Idol"],"max_hp_gain":0,"max_hp_loss":6,"event_name":"Golden Idol","floor":2,"gold_loss":0},{"damage_healed":0,"gold_gain":0,"player_choice":"1 cards matched","damage_taken":0,"max_hp_gain":0,"max_hp_loss":0,"event_name":"Match and Keep!","floor":3,"gold_loss":0,"cards_obtained":["Thunderclap"]},{"damage_healed":0,"gold_gain":0,"player_choice":"Forge","damage_taken":0,"max_hp_gain":0,"max_hp_loss":0,"event_name":"Accursed Blacksmith","floor":21,"gold_loss":0,"cards_upgraded":["Double Tap"]},{"damage_healed":0,"gold_gain":0,"player_choice":"Obtained Book","damage_taken":16,"max_hp_gain":0,"max_hp_loss":0,"event_name":"Cursed Tome","floor":24,"gold_loss":0},{"damage_healed":0,"gold_gain":0,"player_choice":"Traded Relic","damage_taken":0,"relics_obtained":["Nloth\u0027s Gift"],"max_hp_gain":0,"max_hp_loss":0,"event_name":"N\u0027loth","floor":27,"relics_lost":["MawBank"],"gold_loss":0},{"damage_healed":0,"gold_gain":0,"player_choice":"Fight","damage_taken":0,"max_hp_gain":0,"max_hp_loss":0,"event_name":"MindBloom","floor":38,"gold_loss":0},{"damage_healed":32,"gold_gain":0,"player_choice":"Writhe","damage_taken":0,"max_hp_gain":0,"max_hp_loss":0,"event_name":"Winding Halls","floor":47,"gold_loss":0,"cards_obtained":["Writhe"]},{"cards_removed":["Defend_R"],"damage_healed":0,"gold_gain":0,"player_choice":"Removed Skill","damage_taken":0,"max_hp_gain":0,"max_hp_loss":0,"event_name":"Falling","floor":48,"gold_loss":0}],"is_beta":false,"boss_relics":[{"not_picked":["White Beast Statue","Black Blood"],"picked":"Coffee Dripper"},{"not_picked":["Orrery","Sozu"],"picked":"Runic Pyramid"}],"items_purged_floors":[13,19,46],"is_endless":false,"potions_floor_spawned":[1,10,11,12,14,20,30,31,33,42,44],"ascension_level":0}