{"gold_per_floor":[218,218,218,234,409,436,436,48,48,62,62,6,6,21,21,125,125,136,147,161,181,201,201,216,216,239,164,164,174,74,74],"floor_reached":31,"playtime":2075,"items_purged":["Pain","Doubt"],"score":301,"play_id":"a65ce2e1-3f47-4575-abba-e20ed473e35f","local_time":"20190912162914","is_ascension_mode":true,"campfire_choices":[{"data":"Sunder","floor":7,"key":"SMITH"},{"data":"Hello World","floor":11,"key":"SMITH"},{"data":"Zap","floor":13,"key":"SMITH"},{"data":"Doom and Gloom","floor":15,"key":"SMITH"},{"floor":23,"key":"REST"},{"floor":25,"key":"REST"}],"neow_cost":"NONE","seed_source_timestamp":580756910593700,"circlet_count":0,"master_deck":["Strike_B+1","Strike_B+1","Defend_B+1","Defend_B+1","Defend_B+1","Defend_B+1","Zap+1","Dualcast","Doom and Gloom+1","Sunder+1","Reprogram","Capacitor","Hello World+1","Melter","Machine Learning+1","Coolheaded+1","Fusion+1","Darkness+1","Redo+1","Genetic Algorithm","Reinforced Body+1"],"relics":["Cracked Core","WarpedTongs","Bronze Scales","Mummified Hand","Pantograph","Frozen Egg 2","Sozu","Regal Pillow"],"potions_floor_usage":[31],"damage_taken":[{"damage":7,"enemies":"Small Slimes","floor":1,"turns":4},{"damage":4,"enemies":"Jaw Worm","floor":4,"turns":3},{"damage":24,"enemies":"Gremlin Nob","floor":6,"turns":4},{"damage":0,"enemies":"Cultist","floor":10,"turns":2},{"damage":1,"enemies":"Large Slime","floor":14,"turns":4},{"damage":0,"enemies":"Slime Boss","floor":16,"turns":7},{"damage":0,"enemies":"Spheric Guardian","floor":18,"turns":3},{"damage":8,"enemies":"3 Byrds","floor":19,"turns":3},{"damage":21,"enemies":"3 Cultists","floor":20,"turns":5},{"damage":8,"enemies":"Centurion and Healer","floor":21,"turns":5},{"damage":34,"enemies":"Snake Plant","floor":22,"turns":4},{"damage":25,"enemies":"Shelled Parasite and Fungi","floor":24,"turns":3},{"damage":13,"enemies":"3 Cultists","floor":29,"turns":5},{"damage":10,"enemies":"Cultist and Chosen","floor":31,"turns":1}],"seed_played":"1909282534091721465","potions_obtained":[{"floor":1,"key":"Dexterity Potion"},{"floor":10,"key":"FearPotion"},{"floor":14,"key":"Poison Potion"}],"is_trial":false,"path_per_floor":["M","?","?","M","?","E","R","$","T","M","R","?","R","M","R","B",null,"M","M","M","M","M","R","M","R","T","?","?","M","$","M"],"character_chosen":"DEFECT","items_purchased":["Mummified Hand","Capacitor"],"campfire_rested":2,"item_purchase_floors":[8,8],"current_hp_per_floor":[68,68,68,64,64,40,40,40,40,40,40,40,40,39,39,64,75,75,67,46,38,4,26,1,23,23,23,23,10,10,0],"gold":74,"neow_bonus":"HUNDRED_GOLD","is_prod":false,"is_daily":false,"chose_seed":false,"campfire_upgraded":4,"win_rate":0,"timestamp":1568298554,"path_taken":["M","?","?","?","?","E","R","?","T","M","R","?","R","M","R","BOSS","M","M","M","M","M","R","M","R","T","?","?","M","$","M"],"build_version":"2019-07-17","purchased_purges":2,"victory":false,"max_hp_per_floor":[75,75,75,75,75,75,75,75,75,75,75,75,75,75,75,75,75,75,75,75,75,75,75,75,75,75,75,75,75,75,75],"card_choices":[{"not_picked":["Stack","Sweeping Beam"],"picked":"Doom and Gloom","floor":1},{"not_picked":["Redo","Scrape"],"picked":"Sunder","floor":4},{"not_picked":["Leap","Aggregate"],"picked":"Reprogram","floor":6},{"not_picked":["Streamline","Cold Snap"],"picked":"Hello World","floor":10},{"not_picked":["Blizzard","Compile Driver"],"picked":"Melter","floor":14},{"not_picked":["Rainbow","Electrodynamics+1"],"picked":"Machine Learning+1","floor":16},{"not_picked":["Hologram","Scrape"],"picked":"Coolheaded+1","floor":18},{"not_picked":["Blizzard","Sunder+1","Sweeping Beam"],"picked":"SKIP","floor":19},{"not_picked":["Blizzard","Sunder+1","Sweeping Beam"],"picked":"SKIP","floor":19},{"not_picked":["Steam+1","Rip and Tear"],"picked":"Fusion+1","floor":20},{"not_picked":["Steam+1","Barrage"],"picked":"Darkness+1","floor":21},{"not_picked":["Barrage","Aggregate"],"picked":"Redo+1","floor":22},{"not_picked":["Doom and Gloom+1","Cold Snap"],"picked":"Genetic Algorithm","floor":24},{"not_picked":["Darkness","Doom and Gloom"],"picked":"Reinforced Body+1","floor":29}],"player_experience":78784,"relics_obtained":[{"floor":6,"key":"Bronze Scales"},{"floor":9,"key":"Pantograph"},{"floor":26,"key":"Regal Pillow"}],"event_choices":[{"cards_removed":["Strike_B"],"damage_healed":0,"gold_gain":0,"player_choice":"Forget","damage_taken":0,"max_hp_gain":0,"max_hp_loss":0,"event_name":"Living Wall","floor":2,"gold_loss":0},{"damage_healed":0,"gold_gain":0,"player_choice":"Rummage","damage_taken":0,"relics_obtained":["WarpedTongs"],"max_hp_gain":0,"max_hp_loss":0,"event_name":"Accursed Blacksmith","floor":3,"gold_loss":0,"cards_obtained":["Pain"]},{"damage_healed":0,"gold_gain":175,"player_choice":"AGREE","damage_taken":0,"max_hp_gain":0,"max_hp_loss":0,"event_name":"Liars Game","floor":5,"gold_loss":0,"cards_obtained":["Doubt"]},{"damage_healed":0,"gold_gain":0,"player_choice":"Paid Gold","damage_taken":0,"relics_obtained":["Frozen Egg 2"],"max_hp_gain":0,"max_hp_loss":0,"event_name":"WeMeetAgain","floor":12,"gold_loss":56},{"cards_removed":["Strike_B"],"damage_healed":0,"gold_gain":0,"player_choice":"Gave Gold","damage_taken":0,"max_hp_gain":0,"max_hp_loss":0,"event_name":"Beggar","floor":27,"gold_loss":75},{"damage_healed":0,"gold_gain":0,"player_choice":"Simplicity","damage_taken":0,"max_hp_gain":0,"max_hp_loss":0,"event_name":"Back to Basics","floor":28,"gold_loss":0,"cards_upgraded":["Strike_B","Strike_B","Defend_B","Defend_B","Defend_B","Defend_B"]}],"is_beta":false,"boss_relics":[{"not_picked":["Busted Crown","FrozenCore"],"picked":"Sozu"}],"items_purged_floors":[8,30],"is_endless":false,"potions_floor_spawned":[1,10,14,20,22,24,29],"killed_by":"Cultist and Chosen","ascension_level":1}