{"gold_per_floor":[109,184,184,198,2,33,46,46,46,46,59,85,101,115,115,219,219,229,73,86,86,161,196,196,222,222,232,232,21,56,56],"floor_reached":31,"playtime":3508,"items_purged":["Regret"],"score":443,"play_id":"d33ebf30-2f96-4f85-accb-8ba9822e349d","local_time":"20191011165847","is_ascension_mode":true,"campfire_choices":[{"data":"Neutralize","floor":8.0,"key":"SMITH"},{"floor":15.0,"key":"REST"},{"floor":24,"key":"REST"},{"floor":28,"key":"REST"}],"neow_cost":"NONE","seed_source_timestamp":0,"circlet_count":0,"master_deck":["Strike_G+1","Strike_G","Strike_G","Strike_G","Defend_G+1","Defend_G","Defend_G","Defend_G","Defend_G+1","Survivor","Neutralize+1","Finesse","Dagger Throw+1","Crippling Poison","Dagger Spray","Caltrops","Quick Slash","Dash","Dodge and Roll","Dagger Spray","Backflip","Tools of the Trade","Deflect","Noxious Fumes","Underhanded Strike","After Image","Infinite Blades","Leg Sweep","Dodge and Roll+1","Blade Dance","Cloak And Dagger+1","Adrenaline","Poisoned Stab"],"special_seed":0,"relics":["Ring of the Snake","Omamori","StoneCalendar","Nunchaku","War Paint","Calling Bell","Potion Belt","Prayer Wheel","Ninja Scroll","Singing Bowl","Pen Nib","Gremlin Horn"],"potions_floor_usage":[23,25,25,30],"damage_taken":[{"damage":0.0,"enemies":"2 Louse","floor":1.0,"turns":4.0},{"damage":0.0,"enemies":"Small Slimes","floor":4.0,"turns":4.0},{"damage":15.0,"enemies":"3 Sentries","floor":6.0,"turns":9.0},{"damage":0.0,"enemies":"Cultist","floor":7.0,"turns":4.0},{"damage":1.0,"enemies":"Looter","floor":11.0,"turns":3.0},{"damage":0.0,"enemies":"Lagavulin","floor":12.0,"turns":7.0},{"damage":4.0,"enemies":"Lots of Slimes","floor":13.0,"turns":3.0},{"damage":0.0,"enemies":"Red Slaver","floor":14.0,"turns":4.0},{"damage":25.0,"enemies":"Slime Boss","floor":16.0,"turns":7.0},{"damage":17.0,"enemies":"Spheric Guardian","floor":18.0,"turns":5.0},{"damage":0.0,"enemies":"3 Byrds","floor":20.0,"turns":2.0},{"damage":18,"enemies":"Book of Stabbing","floor":23,"turns":7},{"damage":3,"enemies":"Gremlin Leader","floor":25,"turns":7},{"damage":22,"enemies":"Centurion and Healer","floor":27,"turns":7},{"damage":25,"enemies":"Book of Stabbing","floor":30,"turns":7},{"damage":19,"enemies":"3 Cultists","floor":31,"turns":5}],"seed_played":"-7942926420465223601","potions_obtained":[{"floor":6.0,"key":"PowerPotion"},{"floor":7.0,"key":"Block Potion"},{"floor":11.0,"key":"GamblersBrew"},{"floor":13.0,"key":"SkillPotion"},{"floor":14.0,"key":"Explosive Potion"},{"floor":18.0,"key":"Regen Potion"},{"floor":20.0,"key":"SteroidPotion"}],"is_trial":false,"path_per_floor":["M","?","?","M","$","E","M","R","T","?","M","E","M","M","R","B",null,"M","$","M","?","?","E","R","E","T","M","R","$","E","M"],"character_chosen":"THE_SILENT","items_purchased":["Dagger Spray","Omamori","Noxious Fumes","Underhanded Strike","Adrenaline","Dexterity Potion"],"campfire_rested":3,"item_purchase_floors":[5,5,19,19,29,29],"current_hp_per_floor":[63,52,45,45,45,30,30,30,30,16,15,15,11,11,32,7,54,37,37,37,37,30,27,48,45,45,23,44,44,19,0],"gold":56,"neow_bonus":"RANDOM_COLORLESS","is_prod":false,"is_daily":false,"chose_seed":false,"campfire_upgraded":1,"win_rate":0,"timestamp":1570838327,"path_taken":["M","?","?","M","$","E","M","R","T","?","M","E","M","M","R","BOSS","M","$","M","?","?","E","R","E","T","?","R","$","E","M"],"build_version":"2019-07-17","purchased_purges":1,"victory":false,"max_hp_per_floor":[70,70,70,70,70,70,70,70,70,70,70,70,70,70,70,70,70,70,70,70,70,70,70,70,70,70,70,70,70,70,70],"card_choices":[{"not_picked":["Backflip","Choke"],"picked":"Dagger Throw","floor":1.0},{"not_picked":["Bane","Underhanded Strike"],"picked":"Crippling Poison","floor":4.0},{"not_picked":["Outmaneuver","Masterful Stab"],"picked":"Caltrops","floor":6.0},{"not_picked":["Blade Dance","Choke"],"picked":"Quick Slash","floor":7.0},{"not_picked":["Flying Knee","Blade Dance"],"picked":"Dash","floor":11.0},{"not_picked":["Poisoned Stab","Calculated Gamble"],"picked":"Dodge and Roll","floor":12.0},{"not_picked":["Poisoned Stab","Riddle With Holes"],"picked":"Dagger Spray","floor":13.0},{"not_picked":["Flying Knee","Outmaneuver"],"picked":"Backflip","floor":14.0},{"not_picked":["Night Terror","A Thousand Cuts"],"picked":"Tools of the Trade","floor":16.0},{"not_picked":["Endless Agony","Deadly Poison"],"picked":"Deflect","floor":18.0},{"not_picked":["Blade Dance","Reflex","Quick Slash"],"picked":"SKIP","floor":18.0},{"not_picked":["Escape Plan","Catalyst"],"picked":"After Image","floor":20.0},{"not_picked":["Outmaneuver+1","Deflect"],"picked":"Infinite Blades","floor":20.0},{"not_picked":["Noxious Fumes+1","Slice"],"picked":"Leg Sweep","floor":23},{"not_picked":["Bane","Slice"],"picked":"Dodge and Roll+1","floor":25},{"not_picked":["Choke","Concentrate"],"picked":"Blade Dance","floor":27},{"not_picked":["Flying Knee+1","Acrobatics+1"],"picked":"Cloak And Dagger+1","floor":27},{"not_picked":["Flying Knee","Venomology"],"picked":"Poisoned Stab","floor":30}],"player_experience":283231,"relics_obtained":[{"floor":6.0,"key":"StoneCalendar"},{"floor":9.0,"key":"Nunchaku"},{"floor":12.0,"key":"War Paint"},{"floor":17.0,"key":"Potion Belt"},{"floor":17.0,"key":"Prayer Wheel"},{"floor":17.0,"key":"Ninja Scroll"},{"floor":23,"key":"Singing Bowl"},{"floor":25,"key":"Pen Nib"},{"floor":30,"key":"Gremlin Horn"}],"event_choices":[{"damage_healed":0.0,"max_hp_gain":0.0,"max_hp_loss":0.0,"gold_gain":75.0,"event_name":"World of Goop","player_choice":"Gather Gold","floor":2.0,"gold_loss":0.0,"damage_taken":11.0},{"cards_removed":["Strike_G"],"damage_healed":0.0,"max_hp_gain":0.0,"max_hp_loss":0.0,"gold_gain":0.0,"event_name":"Golden Wing","player_choice":"Card Removal","floor":3.0,"gold_loss":0.0,"damage_taken":7.0},{"damage_healed":0.0,"max_hp_gain":0.0,"max_hp_loss":0.0,"gold_gain":0.0,"event_name":"Shining Light","player_choice":"Entered Light","floor":10.0,"gold_loss":0.0,"damage_taken":14.0,"cards_upgraded":["Dagger Throw","Strike_G"]},{"damage_healed":0.0,"max_hp_gain":0.0,"max_hp_loss":0.0,"gold_gain":0.0,"event_name":"Cursed Tome","player_choice":"Ignored","floor":21.0,"gold_loss":0.0,"damage_taken":0.0},{"damage_healed":0,"gold_gain":75,"player_choice":"Touch","damage_taken":7,"max_hp_gain":0,"max_hp_loss":0,"event_name":"FaceTrader","floor":22,"gold_loss":0}],"is_beta":false,"boss_relics":[{"not_picked":["Coffee Dripper","Velvet Choker"],"picked":"Calling Bell"}],"items_purged_floors":[19],"is_endless":false,"potions_floor_spawned":[6,7,11,13,14,18,20],"killed_by":"3 Cultists","ascension_level":7}