{"gold_per_floor":[111,111,111,127,141,141,170,170,220,251,3,3,3,3,3,3],"floor_reached":16,"playtime":316,"items_purged":[],"score":157,"play_id":"fbc71ccb-c807-4be5-b22f-cb88042f6ce3","local_time":"20191012164325","is_ascension_mode":true,"campfire_choices":[{"data":"Perfected Strike","floor":6.0,"key":"SMITH"},{"data":"Inflame","floor":12,"key":"SMITH"},{"floor":15,"key":"REST"}],"neow_cost":"NONE","seed_source_timestamp":532619935658699,"circlet_count":0,"master_deck":["Strike_R","Strike_R+1","Strike_R","Strike_R","Defend_R","Defend_R+1","Defend_R","Defend_R","Bash+1","Perfected Strike+1","Inflame+1","Anger","Shrug It Off"],"special_seed":0,"relics":["Burning Blood","Omamori","Golden Idol","Art of War","Dream Catcher","White Beast Statue","Sundial"],"potions_floor_usage":[14,14],"damage_taken":[{"damage":16.0,"enemies":"Jaw Worm","floor":1.0,"turns":4.0},{"damage":0.0,"enemies":"2 Louse","floor":4.0,"turns":2.0},{"damage":1.0,"enemies":"Cultist","floor":5.0,"turns":3.0},{"damage":19.0,"enemies":"3 Sentries","floor":7.0,"turns":6.0},{"damage":29,"enemies":"Gremlin Nob","floor":10,"turns":4},{"damage":13,"enemies":"3 Sentries","floor":14,"turns":5},{"damage":37,"enemies":"Slime Boss","floor":16,"turns":6}],"seed_played":"4789630716541737776","potions_obtained":[{"floor":4.0,"key":"SmokeBomb"},{"floor":5.0,"key":"Dexterity Potion"}],"is_trial":false,"path_per_floor":["M","?","?","M","M","R","E","?","T","E","$","R","T","E","R","B"],"character_chosen":"IRONCLAD","items_purchased":["White Beast Statue"],"campfire_rested":1,"item_purchase_floors":[11],"current_hp_per_floor":[62,55,39,45,50,50,37,37,37,14,14,14,14,7,29,0],"gold":3,"neow_bonus":"UPGRADE_CARD","is_prod":false,"is_daily":false,"chose_seed":false,"campfire_upgraded":2,"win_rate":0,"timestamp":1570887805,"path_taken":["M","?","?","M","M","R","E","?","T","E","$","R","?","E","R","BOSS"],"build_version":"2019-10-11","purchased_purges":0,"victory":false,"max_hp_per_floor":[80,80,80,80,80,80,80,74,74,74,74,74,74,74,74,74],"card_choices":[{"not_picked":["Body Slam","Flex"],"picked":"Perfected Strike","floor":1.0},{"not_picked":["Cleave","Combust"],"picked":"Inflame","floor":4.0},{"not_picked":["Combust","Impervious"],"picked":"Anger","floor":5.0},{"not_picked":["Clash","Sever Soul","Body Slam"],"picked":"SKIP","floor":7.0},{"not_picked":["Havoc","Dual Wield","Sword Boomerang"],"picked":"SKIP","floor":10},{"not_picked":["Cleave","Heavy Blade"],"picked":"Shrug It Off","floor":15}],"player_experience":380369,"relics_obtained":[{"floor":7.0,"key":"Omamori"},{"floor":9.0,"key":"Art of War"},{"floor":10,"key":"Dream Catcher"},{"floor":13,"key":"Sundial"}],"event_choices":[{"cards_removed":["Strike_R"],"damage_healed":0.0,"max_hp_gain":0.0,"max_hp_loss":0.0,"gold_gain":0.0,"event_name":"Golden Wing","player_choice":"Card Removal","floor":2.0,"gold_loss":0.0,"damage_taken":7.0},{"damage_healed":0.0,"max_hp_gain":0.0,"max_hp_loss":0.0,"gold_gain":0.0,"event_name":"Shining Light","player_choice":"Entered Light","floor":3.0,"gold_loss":0.0,"damage_taken":16.0,"cards_upgraded":["Strike_R","Defend_R"]},{"damage_healed":0.0,"max_hp_gain":0.0,"max_hp_loss":6.0,"gold_gain":0.0,"event_name":"Golden Idol","player_choice":"Lose Max HP","floor":8.0,"gold_loss":0.0,"damage_taken":0.0,"relics_obtained":["Golden Idol"]}],"is_beta":true,"boss_relics":[],"items_purged_floors":[],"is_endless":false,"potions_floor_spawned":[4,5,14],"killed_by":"Slime Boss","ascension_level":7}