{"gold_per_floor":[114,114,129,145,108,133,133,158,185,211,224,224,234,224,224,320,320,330,315,315,327,341,370,382,426,463,494,506,537,259,275,275,370,370,386,486,496,509,529,529,549,549,549,580,580,594,0,0,0,0],"floor_reached":51,"playtime":6805,"items_purged":["Strike_G"],"score":762,"play_id":"f2ade01a-98c1-4bbb-964c-ce05ae5f1a95","local_time":"20190917153646","is_ascension_mode":true,"campfire_choices":[{"floor":7.0,"key":"REST"},{"floor":15.0,"key":"REST"},{"floor":24.0,"key":"REST"},{"floor":28.0,"key":"REST"},{"floor":32.0,"key":"REST"},{"floor":40.0,"key":"REST"},{"floor":42.0,"key":"REST"},{"floor":49,"key":"REST"}],"neow_cost":"NONE","seed_source_timestamp":0,"circlet_count":0,"master_deck":["Strike_G","Strike_G+1","Strike_G+1","Defend_G","Defend_G","Defend_G","Defend_G","Defend_G","Survivor","Neutralize+1","Blade Dance","Caltrops","Dagger Throw","Footwork","Infinite Blades","Finisher+1","Adrenaline","Noxious Fumes","Quick Slash+1","Catalyst","Outmaneuver+1","Acrobatics","Noxious Fumes+1","Acrobatics","Doppelganger","Well Laid Plans","Blade Dance+1","Night Terror","Footwork+1","Prepared+1","After Image","Dodge and Roll+1","Caltrops+1"],"special_seed":0,"relics":["Ring of the Snake","Lantern","Strawberry","Ancient Tea Set","Whetstone","Molten Egg 2","Fusion Hammer","MawBank","Blood Vial","Bag of Marbles","Vajra","Philosopher\u0027s Stone","Calipers","Frozen Egg 2","Centennial Puzzle","Red Mask"],"potions_floor_usage":[50,50],"damage_taken":[{"damage":2.0,"enemies":"Cultist","floor":1.0,"turns":4.0},{"damage":3.0,"enemies":"Jaw Worm","floor":3.0,"turns":4.0},{"damage":1.0,"enemies":"2 Louse","floor":4.0,"turns":2.0},{"damage":30.0,"enemies":"3 Sentries","floor":6.0,"turns":12.0},{"damage":34.0,"enemies":"Gremlin Nob","floor":8.0,"turns":6.0},{"damage":15.0,"enemies":"3 Sentries","floor":10.0,"turns":11.0},{"damage":0.0,"enemies":"2 Fungi Beasts","floor":11.0,"turns":3.0},{"damage":7.0,"enemies":"3 Louse","floor":13.0,"turns":4.0},{"damage":3.0,"enemies":"Exordium Thugs","floor":14.0,"turns":4.0},{"damage":13.0,"enemies":"Hexaghost","floor":16.0,"turns":10.0},{"damage":0.0,"enemies":"3 Byrds","floor":18.0,"turns":5.0},{"damage":9.0,"enemies":"2 Thieves","floor":19.0,"turns":4.0},{"damage":8.0,"enemies":"Snecko","floor":21.0,"turns":4.0},{"damage":13.0,"enemies":"3 Cultists","floor":22.0,"turns":6.0},{"damage":29.0,"enemies":"Book of Stabbing","floor":23.0,"turns":5.0},{"damage":10.0,"enemies":"Gremlin Leader","floor":25.0,"turns":6.0},{"damage":8.0,"enemies":"Centurion and Healer","floor":27.0,"turns":6.0},{"damage":16.0,"enemies":"Cultist and Chosen","floor":29.0,"turns":5.0},{"damage":22.0,"enemies":"Snake Plant","floor":31.0,"turns":5.0},{"damage":14.0,"enemies":"Automaton","floor":33.0,"turns":7.0},{"damage":27.0,"enemies":"3 Darklings","floor":35.0,"turns":6.0},{"damage":27.0,"enemies":"Mind Bloom Boss Battle","floor":36.0,"turns":5.0},{"damage":0.0,"enemies":"3 Shapes","floor":37.0,"turns":4.0},{"damage":17.0,"enemies":"Spire Growth","floor":38.0,"turns":5.0},{"damage":4.0,"enemies":"4 Shapes","floor":39.0,"turns":6.0},{"damage":20.0,"enemies":"3 Darklings","floor":41.0,"turns":6.0},{"damage":13.0,"enemies":"Giant Head","floor":44.0,"turns":9.0},{"damage":10.0,"enemies":"Transient","floor":46.0,"turns":5.0},{"damage":51,"enemies":"Awakened One","floor":50,"turns":17}],"seed_played":"-6624931231833897683","potions_obtained":[{"floor":6.0,"key":"Dexterity Potion"},{"floor":8.0,"key":"SkillPotion"},{"floor":10.0,"key":"Dexterity Potion"},{"floor":13.0,"key":"GhostInAJar"},{"floor":14.0,"key":"Weak Potion"},{"floor":19.0,"key":"GhostInAJar"},{"floor":23.0,"key":"Energy Potion"},{"floor":46.0,"key":"SkillPotion"}],"is_trial":false,"path_per_floor":["M","?","M","M","?","E","R","E","T","E","M","T","M","M","R","B",null,"M","M","?","M","M","E","R","E","T","M","R","M","$","M","R","B",null,"M","?","M","M","M","R","M","R","T","E","?","M","?","?","R","B",null],"character_chosen":"THE_SILENT","items_purchased":["Vajra","Well Laid Plans"],"campfire_rested":8,"item_purchase_floors":[30,30],"current_hp_per_floor":[68,68,65,64,64,34,55,28,28,13,13,13,6,3,26,13,77,77,68,68,60,47,18,41,31,31,25,48,34,34,14,37,25,77,50,25,27,12,10,33,15,38,38,27,67,57,57,57,67,16],"gold":0,"neow_bonus":"UPGRADE_CARD","is_prod":false,"is_daily":false,"chose_seed":false,"campfire_upgraded":0,"win_rate":1,"timestamp":1568727406,"path_taken":["M","?","M","M","?","E","R","E","T","E","M","?","M","M","R","BOSS","M","M","?","M","M","E","R","E","T","M","R","M","$","?","R","BOSS","M","?","M","M","M","R","M","R","T","E","?","M","?","?","R","BOSS"],"build_version":"2019-07-17","purchased_purges":1,"victory":true,"max_hp_per_floor":[70,70,70,70,70,70,70,77,77,77,77,77,77,77,77,77,77,77,77,77,77,77,77,77,77,77,77,77,77,77,77,77,77,77,77,77,77,77,77,77,77,77,77,77,67,67,67,67,67,67],"card_choices":[{"not_picked":["Dodge and Roll","Underhanded Strike"],"picked":"Blade Dance","floor":1.0},{"not_picked":["Underhanded Strike","Bane"],"picked":"Caltrops","floor":3.0},{"not_picked":["Flying Knee","Slice","Catalyst"],"picked":"SKIP","floor":4.0},{"not_picked":["Endless Agony","Envenom","Poisoned Stab"],"picked":"SKIP","floor":6.0},{"not_picked":["Distraction","Prepared","Skewer"],"picked":"SKIP","floor":8.0},{"not_picked":["Heel Hook","Predator"],"picked":"Dagger Throw","floor":10.0},{"not_picked":["Sucker Punch","Flying Knee"],"picked":"Footwork","floor":11.0},{"not_picked":["All Out Attack+1","Distraction"],"picked":"Infinite Blades","floor":13.0},{"not_picked":["Crippling Poison","Bouncing Flask"],"picked":"Finisher+1","floor":14.0},{"not_picked":["Envenom","After Image"],"picked":"Adrenaline","floor":16.0},{"not_picked":["Slice+1","Prepared"],"picked":"Noxious Fumes","floor":18.0},{"not_picked":["Slice+1","Sucker Punch+1"],"picked":"Quick Slash+1","floor":19.0},{"not_picked":["Slice+1","Eviscerate+1"],"picked":"Outmaneuver+1","floor":21.0},{"not_picked":["Slice+1","Bane+1"],"picked":"Acrobatics","floor":22.0},{"not_picked":["Bouncing Flask+1","Expertise"],"picked":"Noxious Fumes+1","floor":23.0},{"not_picked":["Blade Dance","Prepared"],"picked":"Acrobatics","floor":25.0},{"not_picked":["Deadly Poison","Riddle With Holes+1","Skewer+1"],"picked":"SKIP","floor":27.0},{"not_picked":["Quick Slash+1","Blade Dance+1"],"picked":"Doppelganger","floor":29.0},{"not_picked":["Noxious Fumes","Deadly Poison+1"],"picked":"Blade Dance+1","floor":31.0},{"not_picked":["Corpse Explosion","Phantasmal Killer"],"picked":"Night Terror","floor":33.0},{"not_picked":["Skewer+1","Dagger Throw+1","Slice+1"],"picked":"SKIP","floor":35.0},{"not_picked":["Dagger Spray+1","Sucker Punch+1"],"picked":"Footwork+1","floor":36.0},{"not_picked":["Quick Slash+1","Heel Hook+1"],"picked":"Prepared+1","floor":37.0},{"not_picked":["Blade Dance","Eviscerate+1","Sucker Punch+1"],"picked":"SKIP","floor":38.0},{"not_picked":["Dagger Spray+1","Masterful Stab+1"],"picked":"After Image","floor":39.0},{"not_picked":["Dagger Throw+1","Poisoned Stab+1"],"picked":"Dodge and Roll+1","floor":41.0},{"not_picked":["Escape Plan+1","Quick Slash+1"],"picked":"Caltrops+1","floor":44.0},{"not_picked":["Prepared","Slice+1","Quick Slash+1"],"picked":"SKIP","floor":46.0}],"player_experience":116740,"relics_obtained":[{"floor":6.0,"key":"Lantern"},{"floor":8.0,"key":"Strawberry"},{"floor":9.0,"key":"Ancient Tea Set"},{"floor":10.0,"key":"Whetstone"},{"floor":12.0,"key":"Molten Egg 2"},{"floor":23.0,"key":"MawBank"},{"floor":25.0,"key":"Blood Vial"},{"floor":26.0,"key":"Bag of Marbles"},{"floor":36.0,"key":"Calipers"},{"floor":43.0,"key":"Frozen Egg 2"},{"floor":44.0,"key":"Centennial Puzzle"}],"event_choices":[{"damage_healed":0.0,"max_hp_gain":0.0,"max_hp_loss":0.0,"gold_gain":0.0,"event_name":"Liars Game","player_choice":"Ignored","floor":2.0,"gold_loss":0.0,"damage_taken":0.0},{"damage_healed":0.0,"max_hp_gain":0.0,"max_hp_loss":0.0,"gold_gain":0.0,"event_name":"World of Goop","player_choice":"Left Gold","floor":5.0,"gold_loss":37.0,"damage_taken":0.0},{"damage_healed":0.0,"max_hp_gain":0.0,"max_hp_loss":0.0,"gold_gain":0.0,"cards_transformed":["Strike_G"],"event_name":"Transmorgrifier","player_choice":"Transformed","floor":20.0,"gold_loss":0.0,"damage_taken":0.0,"cards_obtained":["Catalyst"]},{"damage_healed":0.0,"max_hp_gain":0.0,"max_hp_loss":0.0,"gold_gain":0.0,"event_name":"MindBloom","player_choice":"Fight","floor":36.0,"gold_loss":0.0,"damage_taken":0.0},{"damage_healed":67.0,"max_hp_gain":0.0,"max_hp_loss":10.0,"gold_gain":0.0,"event_name":"The Moai Head","player_choice":"Heal","floor":45.0,"gold_loss":0.0,"damage_taken":0.0},{"damage_healed":0.0,"max_hp_gain":0.0,"max_hp_loss":0.0,"gold_gain":0.0,"event_name":"Tomb of Lord Red Mask","player_choice":"Paid","floor":47.0,"gold_loss":594.0,"damage_taken":0.0,"relics_obtained":["Red Mask"]},{"damage_healed":0,"gold_gain":0,"player_choice":"Ignored","damage_taken":0,"max_hp_gain":0,"max_hp_loss":0,"event_name":"Mysterious Sphere","floor":48,"gold_loss":0}],"is_beta":false,"boss_relics":[{"not_picked":["Calling Bell","Tiny House"],"picked":"Fusion Hammer"},{"not_picked":["Snecko Eye","Lizard Tail"],"picked":"Philosopher\u0027s Stone"}],"items_purged_floors":[30],"is_endless":false,"potions_floor_spawned":[6,8,10,13,14,18,19,23,33,35,37,46],"ascension_level":2}