{"gold_per_floor":[112,126,76,76,39,74,86,86,165,165,185,217,5,19,19,116,116,132,144,144,144,157,157,169,200,227,227,252,252,280,294,294,392,392,410,410,410,424,178,204,204,231,284,303,303,303,303,328,328,328,328,328,96,123,123],"floor_reached":56,"playtime":3215,"items_purged":["Strike_G","Backstab"],"score":1431,"play_id":"2fba03f8-89a8-41b5-acbc-e6bc2a987a23","local_time":"20191014223645","is_ascension_mode":true,"campfire_choices":[{"data":"Dagger Spray","floor":8,"key":"SMITH"},{"data":"Neutralize","floor":15,"key":"SMITH"},{"data":"Crippling Poison","floor":23,"key":"SMITH"},{"data":"Tools of the Trade","floor":29,"key":"SMITH"},{"floor":32,"key":"REST"},{"data":"Well Laid Plans","floor":41,"key":"SMITH"},{"data":"Burst","floor":45,"key":"SMITH"},{"floor":47,"key":"RECALL"},{"data":"Predator","floor":49,"key":"SMITH"},{"data":"Survivor","floor":52,"key":"SMITH"}],"neow_cost":"NONE","seed_source_timestamp":307593742426800,"circlet_count":0,"master_deck":["Defend_G+1","Defend_G","Defend_G+1","Defend_G","Survivor+1","Neutralize+1","Deadly Poison+1","Well Laid Plans+1","Adrenaline","Crippling Poison+1","Die Die Die","Tools of the Trade+1","Skewer+1","Cloak And Dagger+1","Escape Plan+1","Expertise+1","Blade Dance+1","Necronomicurse","Catalyst+1","Burst+1","PiercingWail+1","Flash of Steel","Predator+1","Catalyst+1","Calculated Gamble+1","Choke+1","Acrobatics+1","Blur","Dodge and Roll+1"],"relics":["Ring of the Snake","Bag of Marbles","Mummified Hand","StoneCalendar","Astrolabe","Nunchaku","Necronomicon","Regal Pillow","Snake Skull","Black Star","DollysMirror","Dodecahedron","HornCleat","Ornamental Fan","Turnip","PreservedInsect","Lizard Tail","Sundial","War Paint","Medical Kit","Oddly Smooth Stone","Gremlin Horn"],"potions_floor_usage":[6,19,22,28,55,55,55],"damage_taken":[{"damage":0,"enemies":"2 Louse","floor":1,"turns":4},{"damage":0,"enemies":"Jaw Worm","floor":2,"turns":4},{"damage":11,"enemies":"Gremlin Nob","floor":6,"turns":4},{"damage":0,"enemies":"Small Slimes","floor":7,"turns":2},{"damage":0,"enemies":"Looter","floor":11,"turns":1},{"damage":2,"enemies":"3 Sentries","floor":12,"turns":5},{"damage":0,"enemies":"Gremlin Gang","floor":14,"turns":1},{"damage":3,"enemies":"The Guardian","floor":16,"turns":8},{"damage":0,"enemies":"Spheric Guardian","floor":18,"turns":3},{"damage":0,"enemies":"Shell Parasite","floor":19,"turns":3},{"damage":4,"enemies":"3 Cultists","floor":22,"turns":3},{"damage":6,"enemies":"Snecko","floor":24,"turns":5},{"damage":0,"enemies":"Gremlin Leader","floor":25,"turns":5},{"damage":2,"enemies":"Slavers","floor":28,"turns":2},{"damage":2,"enemies":"Gremlin Leader","floor":30,"turns":3},{"damage":0,"enemies":"Centurion and Healer","floor":31,"turns":1},{"damage":18,"enemies":"Collector","floor":33,"turns":6},{"damage":9,"enemies":"3 Darklings","floor":35,"turns":4},{"damage":0,"enemies":"Orb Walker","floor":38,"turns":3},{"damage":0,"enemies":"Reptomancer","floor":40,"turns":2},{"damage":2,"enemies":"Nemesis","floor":42,"turns":3},{"damage":0,"enemies":"Spire Growth","floor":44,"turns":3},{"damage":0,"enemies":"Reptomancer","floor":48,"turns":2},{"damage":47,"enemies":"Awakened One","floor":50,"turns":8},{"damage":0,"enemies":"Shield and Spear","floor":54,"turns":4},{"damage":5,"enemies":"The Heart","floor":55,"turns":5}],"seed_played":"8750230131654064576","potions_obtained":[{"floor":1,"key":"Poison Potion"},{"floor":2,"key":"Regen Potion"},{"floor":7,"key":"Block Potion"},{"floor":14,"key":"Ancient Potion"},{"floor":16,"key":"CunningPotion"},{"floor":19,"key":"GamblersBrew"},{"floor":22,"key":"Block Potion"},{"floor":28,"key":"SpeedPotion"},{"floor":31,"key":"PowerPotion"},{"floor":44,"key":"Swift Potion"}],"is_trial":false,"path_per_floor":["M","M","?","?","$","E","M","R","T","?","M","E","$","M","R","B",null,"M","M","$","?","M","R","M","E","T","?","E","R","E","M","R","B",null,"M","?","?","M","$","E","R","E","T","M","R","T","R","E","R","B",null,"R","$","E","B",null],"character_chosen":"THE_SILENT","items_purchased":["Well Laid Plans","Tools of the Trade","DollysMirror","Blur","Dexterity Potion","Medical Kit"],"campfire_rested":1,"item_purchase_floors":[5,13,39,53,53,53],"current_hp_per_floor":[70,70,70,56,56,45,45,45,45,45,45,43,43,43,43,40,70,70,70,70,57,53,53,47,47,47,31,29,29,27,27,64,46,75,66,66,66,66,66,66,66,64,64,64,64,64,64,64,64,17,75,75,75,75,70],"gold":123,"neow_bonus":"REMOVE_CARD","is_prod":false,"is_daily":false,"chose_seed":false,"campfire_upgraded":8,"win_rate":0,"timestamp":1571089005,"path_taken":["M","M","?","?","?","E","M","R","T","?","M","E","?","M","R","BOSS","M","?","$","?","M","R","M","E","T","?","E","R","E","M","R","BOSS","M","?","?","M","$","E","R","E","T","M","R","?","R","E","R","BOSS","R","$","E","BOSS"],"build_version":"2019-10-14","purchased_purges":2,"victory":true,"max_hp_per_floor":[70,70,70,70,70,70,70,70,70,70,70,70,70,70,70,70,70,70,70,70,75,75,75,75,75,75,75,75,75,75,75,75,75,75,75,75,75,75,75,75,75,75,75,75,75,75,75,75,75,75,75,75,75,75,75],"card_choices":[{"not_picked":["Expertise","Bane"],"picked":"Deadly Poison","floor":1},{"not_picked":["Underhanded Strike","Bane"],"picked":"Dagger Spray","floor":2},{"not_picked":["Outmaneuver","Sucker Punch"],"picked":"Backstab","floor":6},{"not_picked":["Poisoned Stab","Quick Slash"],"picked":"Adrenaline","floor":7},{"not_picked":["Calculated Gamble","Tactician"],"picked":"Crippling Poison","floor":11},{"not_picked":["Escape Plan","Calculated Gamble"],"picked":"Die Die Die","floor":12},{"not_picked":["Slice","Tactician","Backstab"],"picked":"SKIP","floor":14},{"not_picked":["Flying Knee","Well Laid Plans","Bane"],"picked":"SKIP","floor":18},{"not_picked":["Flying Knee","Well Laid Plans","Bane"],"picked":"SKIP","floor":18},{"not_picked":["Terror","Bane"],"picked":"Expertise+1","floor":19},{"not_picked":["Underhanded Strike","Choke+1","Dagger Throw"],"picked":"SKIP","floor":22},{"not_picked":["Accuracy","Flying Knee","Quick Slash"],"picked":"SKIP","floor":24},{"not_picked":["Dagger Throw","Acrobatics"],"picked":"Blade Dance+1","floor":25},{"not_picked":["Backstab","Reflex"],"picked":"Catalyst+1","floor":28},{"not_picked":["Tools of the Trade","Skewer+1"],"picked":"Burst","floor":30},{"not_picked":["Quick Slash","Dagger Spray","Dagger Throw"],"picked":"SKIP","floor":31},{"not_picked":["Deadly Poison","Dagger Spray+1"],"picked":"PiercingWail+1","floor":35},{"not_picked":["Dark Shackles","Discovery"],"picked":"Flash of Steel","floor":36},{"not_picked":["Prepared","Infinite Blades+1"],"picked":"Predator","floor":38},{"not_picked":["Eviscerate+1","All Out Attack","Blade Dance"],"picked":"SKIP","floor":40},{"not_picked":["Backflip","Backstab+1"],"picked":"Calculated Gamble+1","floor":42},{"not_picked":["Infinite Blades","Underhanded Strike+1"],"picked":"Choke+1","floor":44},{"not_picked":["Tactician","Tools of the Trade"],"picked":"Acrobatics+1","floor":48},{"not_picked":["Quick Slash","Outmaneuver+1"],"picked":"Dodge and Roll+1","floor":54}],"player_experience":1646931,"relics_obtained":[{"floor":6,"key":"Bag of Marbles"},{"floor":9,"key":"Mummified Hand"},{"floor":12,"key":"StoneCalendar"},{"floor":25,"key":"Nunchaku"},{"floor":27,"key":"Necronomicon"},{"floor":28,"key":"Regal Pillow"},{"floor":30,"key":"Snake Skull"},{"floor":40,"key":"Dodecahedron"},{"floor":40,"key":"HornCleat"},{"floor":42,"key":"Ornamental Fan"},{"floor":42,"key":"Turnip"},{"floor":43,"key":"PreservedInsect"},{"floor":46,"key":"Lizard Tail"},{"floor":48,"key":"Sundial"},{"floor":48,"key":"War Paint"},{"floor":54,"key":"Oddly Smooth Stone"},{"floor":54,"key":"Gremlin Horn"}],"event_choices":[{"cards_removed":["Strike_G"],"damage_healed":0,"gold_gain":0,"player_choice":"Card Removal","damage_taken":0,"max_hp_gain":0,"max_hp_loss":0,"event_name":"The Cleric","floor":3,"gold_loss":50},{"damage_healed":0,"gold_gain":0,"player_choice":"Entered Light","damage_taken":14,"max_hp_gain":0,"max_hp_loss":0,"event_name":"Shining Light","floor":4,"gold_loss":0,"cards_upgraded":["Strike_G","Deadly Poison"]},{"damage_healed":0,"gold_gain":0,"player_choice":"Ignored","damage_taken":0,"max_hp_gain":0,"max_hp_loss":0,"event_name":"Liars Game","floor":10,"gold_loss":0},{"damage_healed":0,"gold_gain":0,"player_choice":"Shed Blood","damage_taken":18,"max_hp_gain":5,"max_hp_loss":0,"event_name":"Forgotten Altar","floor":21,"gold_loss":0},{"damage_healed":0,"gold_gain":0,"player_choice":"Obtained Book","damage_taken":16,"max_hp_gain":0,"max_hp_loss":0,"event_name":"Cursed Tome","floor":27,"gold_loss":0},{"damage_healed":0,"gold_gain":0,"player_choice":"Memory 1","damage_taken":0,"max_hp_gain":0,"max_hp_loss":0,"event_name":"SensoryStone","floor":36,"gold_loss":0},{"cards_removed":["Dagger Spray"],"damage_healed":0,"gold_gain":0,"player_choice":"Removed Attack","damage_taken":0,"max_hp_gain":0,"max_hp_loss":0,"event_name":"Falling","floor":37,"gold_loss":0}],"is_beta":true,"boss_relics":[{"not_picked":["Philosopher\u0027s Stone","Empty Cage"],"picked":"Astrolabe"},{"not_picked":["Snecko Eye","Fusion Hammer"],"picked":"Black Star"}],"items_purged_floors":[13,39],"is_endless":false,"potions_floor_spawned":[1,2,7,14,16,19,22,28,31,35,42,44],"ascension_level":1}