{"gold_per_floor":[116,129,129,129,148,148,177,177,256,124,124,155,155,83,83,83],"floor_reached":16,"playtime":487,"items_purged":["Strike_R","Strike_R"],"score":117,"play_id":"43840512-61f7-45cb-b066-55aa28505113","local_time":"20190413183115","is_ascension_mode":true,"campfire_choices":[{"floor":6,"key":"REST"},{"data":"True Grit","floor":8,"key":"SMITH"},{"floor":15,"key":"REST"}],"neow_cost":"TEN_PERCENT_HP_LOSS","seed_source_timestamp":0,"circlet_count":0,"master_deck":["Strike_R","Defend_R","Defend_R","Defend_R","Defend_R","Bash+1","Shockwave","Spot Weakness","Second Wind","True Grit+1","Madness+1","True Grit"],"relics":["Burning Blood","Dead Branch","Smiling Mask","Tiny Chest","Lantern","Peace Pipe"],"potions_floor_usage":[7,12],"damage_taken":[{"damage":1,"enemies":"Cultist","floor":1,"turns":3},{"damage":13,"enemies":"2 Louse","floor":2,"turns":3},{"damage":24,"enemies":"Small Slimes","floor":5,"turns":3},{"damage":9,"enemies":"3 Sentries","floor":7,"turns":3},{"damage":24,"enemies":"Lagavulin","floor":12,"turns":9},{"damage":48,"enemies":"The Guardian","floor":16,"turns":8}],"seed_played":"5195854280559570815","potions_obtained":[{"floor":5,"key":"PowerPotion"},{"floor":7,"key":"Weak Potion"}],"is_trial":false,"path_per_floor":["M","M","?","?","M","R","E","R","T","$","?","E","?","$","R","B"],"character_chosen":"IRONCLAD","items_purchased":["Madness","True Grit"],"campfire_rested":2,"item_purchase_floors":[10,14],"current_hp_per_floor":[72,65,58,58,40,61,58,58,58,58,55,37,23,23,44,0],"gold":83,"neow_bonus":"ONE_RARE_RELIC","is_prod":false,"is_daily":false,"chose_seed":true,"campfire_upgraded":1,"win_rate":0,"timestamp":1555169475,"path_taken":["M","M","?","?","M","R","E","R","T","$","?","E","?","$","R","BOSS"],"build_version":"2019-01-23","purchased_purges":2,"victory":false,"max_hp_per_floor":[72,72,72,72,72,72,72,72,72,72,72,72,72,72,72,72],"card_choices":[{"not_picked":["Anger","Battle Trance","Sword Boomerang"],"picked":"SKIP","floor":1},{"not_picked":["Combust","Body Slam"],"picked":"Shockwave","floor":2},{"not_picked":["Iron Wave","Flex"],"picked":"Second Wind","floor":5},{"not_picked":["Cleave","Havoc"],"picked":"True Grit","floor":7},{"not_picked":["Clash","Entrench","Iron Wave"],"picked":"SKIP","floor":12}],"player_experience":260398,"relics_obtained":[{"floor":7,"key":"Smiling Mask"},{"floor":9,"key":"Tiny Chest"},{"floor":12,"key":"Peace Pipe"}],"event_choices":[{"cards_removed":["Strike_R"],"damage_healed":0,"gold_gain":0,"player_choice":"Card Removal","damage_taken":7,"max_hp_gain":0,"max_hp_loss":0,"event_name":"Golden Wing","floor":3,"gold_loss":0},{"damage_healed":0,"gold_gain":0,"cards_transformed":["Strike_R"],"player_choice":"Change","damage_taken":0,"max_hp_gain":0,"max_hp_loss":0,"event_name":"Living Wall","floor":4,"gold_loss":0,"cards_obtained":["Spot Weakness"]},{"damage_healed":0,"gold_gain":0,"player_choice":"Success","damage_taken":3,"relics_obtained":["Lantern"],"max_hp_gain":0,"max_hp_loss":0,"event_name":"Scrap Ooze","floor":11,"gold_loss":0},{"damage_healed":0,"gold_gain":0,"player_choice":"Entered Light","damage_taken":14,"max_hp_gain":0,"max_hp_loss":0,"event_name":"Shining Light","floor":13,"gold_loss":0,"cards_upgraded":["Madness","Bash"]}],"is_beta":false,"boss_relics":[],"items_purged_floors":[10,14],"is_endless":false,"potions_floor_spawned":[5,7],"killed_by":"The Guardian","ascension_level":2}