{"gold_per_floor":[112,123,123,298,14,14,33,56,56,100,100,121,155,170,170,293,293,312,336,336,355,368,368,368,403,403,444,444,467,3,47,47,176,176,195,195,208,229,252,283,33,33],"floor_reached":42,"playtime":1923,"items_purged":["Doubt","Strike_B"],"score":708,"play_id":"dc146dff-7f61-4bdb-9a6d-b4cb995e42d2","local_time":"20190819234807","is_ascension_mode":true,"campfire_choices":[{"data":"Apotheosis","floor":6,"key":"SMITH"},{"data":"Go for the Eyes","floor":11,"key":"SMITH"},{"data":"Coolheaded","floor":15,"key":"SMITH"},{"floor":24,"key":"REST"},{"floor":32,"key":"REST"}],"neow_cost":"NONE","seed_source_timestamp":397688722542200,"circlet_count":0,"master_deck":["Strike_B","Strike_B","Strike_B","Defend_B","Defend_B","Defend_B","Defend_B","Zap+1","Dualcast","Sweeping Beam","Electrodynamics","Apotheosis+1","Conserve Battery","Reinforced Body","Glacier","Go for the Eyes+1","Coolheaded+1","Rebound+1","Biased Cognition","Storm+1","Coolheaded+1","Defragment+1","Loop+1","Stack","Thunder Strike+1","Self Repair","FTL+1","Skim+1","Echo Form","Tempest+1","Machine Learning","Skim","Hologram","Compile Driver+1","Heatsinks"],"relics":["Cracked Core","Golden Idol","Dodecahedron","Molten Egg 2","Nuclear Battery","Nilry\u0027s Codex","Happy Flower","Bronze Scales","Girya","Pear","Turnip","Sozu","Matryoshka","PreservedInsect"],"potions_floor_usage":[13,13,21,22,27,31,33],"damage_taken":[{"damage":3,"enemies":"2 Louse","floor":1,"turns":2},{"damage":2,"enemies":"Jaw Worm","floor":2,"turns":3},{"damage":0,"enemies":"Cultist","floor":7,"turns":3},{"damage":0,"enemies":"3 Louse","floor":8,"turns":1},{"damage":0,"enemies":"Lagavulin","floor":10,"turns":9},{"damage":0,"enemies":"Gremlin Gang","floor":12,"turns":2},{"damage":10,"enemies":"Gremlin Nob","floor":13,"turns":5},{"damage":8,"enemies":"Exordium Wildlife","floor":14,"turns":3},{"damage":8,"enemies":"The Guardian","floor":16,"turns":13},{"damage":14,"enemies":"2 Thieves","floor":18,"turns":4},{"damage":1,"enemies":"Spheric Guardian","floor":19,"turns":3},{"damage":4,"enemies":"Snecko","floor":21,"turns":4},{"damage":0,"enemies":"Sentry and Sphere","floor":22,"turns":2},{"damage":1,"enemies":"Book of Stabbing","floor":25,"turns":5},{"damage":20,"enemies":"Slavers","floor":27,"turns":2},{"damage":0,"enemies":"Chosen and Byrds","floor":29,"turns":3},{"damage":14,"enemies":"Gremlin Leader","floor":31,"turns":4},{"damage":35,"enemies":"Champ","floor":33,"turns":14},{"damage":15,"enemies":"3 Shapes","floor":35,"turns":4},{"damage":4,"enemies":"Orb Walker","floor":37,"turns":3},{"damage":8,"enemies":"Spire Growth","floor":38,"turns":6},{"damage":10,"enemies":"4 Shapes","floor":39,"turns":2},{"damage":26,"enemies":"Reptomancer","floor":40,"turns":5},{"damage":42,"enemies":"Nemesis","floor":42,"turns":2}],"seed_played":"-4884368823441805589","potions_obtained":[{"floor":7,"key":"Swift Potion"},{"floor":10,"key":"Poison Potion"},{"floor":12,"key":"FearPotion"},{"floor":13,"key":"FearPotion"},{"floor":14,"key":"GamblersBrew"},{"floor":21,"key":"Strength Potion"},{"floor":22,"key":"Weak Potion"},{"floor":25,"key":"Dexterity Potion"},{"floor":27,"key":"FearPotion"}],"is_trial":false,"path_per_floor":["M","M","?","?","$","R","M","M","T","E","R","M","E","M","R","B",null,"M","M","?","M","M","?","R","E","T","E","?","M","$","E","R","B",null,"M","?","M","M","M","E","$","E"],"character_chosen":"DEFECT","items_purchased":["Apotheosis","Conserve Battery","Pear","Self Repair","FTL+1","PreservedInsect","Compile Driver+1","Heatsinks"],"campfire_rested":2,"item_purchase_floors":[5,5,30,30,30,41,41,41],"current_hp_per_floor":[65,63,63,63,63,63,63,63,63,63,63,63,53,45,45,37,61,47,46,46,42,42,26,46,45,45,25,25,25,35,31,54,26,66,61,61,64,63,53,37,37,0],"gold":33,"neow_bonus":"UPGRADE_CARD","is_prod":false,"is_daily":false,"chose_seed":false,"campfire_upgraded":3,"win_rate":0,"timestamp":1566254887,"path_taken":["M","M","?","?","$","R","M","M","T","E","R","M","E","M","R","BOSS","M","M","?","?","M","?","R","E","T","E","?","?","$","E","R","BOSS","M","?","M","?","M","E","$","E"],"build_version":"2019-07-17","purchased_purges":2,"victory":false,"max_hp_per_floor":[75,75,69,69,69,69,69,69,69,69,69,69,69,69,69,69,69,69,69,69,69,69,69,69,69,69,69,69,69,79,79,79,79,79,79,79,79,79,79,79,79,79],"card_choices":[{"not_picked":["Sunder","Coolheaded"],"picked":"Sweeping Beam","floor":1},{"not_picked":["Compile Driver","Beam Cell"],"picked":"Electrodynamics","floor":2},{"not_picked":["Hologram","Cold Snap"],"picked":"Reinforced Body","floor":7},{"not_picked":["Consume","Blizzard"],"picked":"Glacier","floor":8},{"not_picked":["Reboot","Redo"],"picked":"Go for the Eyes","floor":10},{"not_picked":["Steam","Go for the Eyes"],"picked":"Coolheaded","floor":12},{"not_picked":["Redo","Recycle","Creative AI"],"picked":"SKIP","floor":13},{"not_picked":["Streamline+1","Coolheaded"],"picked":"Rebound+1","floor":14},{"not_picked":["Multi-Cast","Hyperbeam+1"],"picked":"Biased Cognition","floor":16},{"not_picked":["Rebound+1","Ball Lightning+1"],"picked":"Storm+1","floor":18},{"not_picked":["Force Field","Streamline+1","BootSequence"],"picked":"SKIP","floor":19},{"not_picked":["Sunder+1","Cold Snap+1"],"picked":"Coolheaded+1","floor":21},{"not_picked":["Auto Shields","Leap"],"picked":"Defragment+1","floor":22},{"not_picked":["Scrape+1","Conserve Battery"],"picked":"Loop+1","floor":25},{"not_picked":["Glacier","Stack","Steam Power"],"picked":"SKIP","floor":27},{"not_picked":["Streamline+1","Loop","White Noise+1"],"picked":"SKIP","floor":29},{"not_picked":["Seek","Cold Snap+1"],"picked":"Skim+1","floor":31},{"not_picked":["Thunder Strike+1","Meteor Strike+1"],"picked":"Echo Form","floor":33},{"not_picked":["Beam Cell+1","Barrage+1"],"picked":"Tempest+1","floor":35},{"not_picked":["Steam+1","Go for the Eyes+1","Stack"],"picked":"SKIP","floor":37},{"not_picked":["FTL+1","Streamline+1"],"picked":"Skim","floor":38},{"not_picked":["Hologram","Streamline+1","Meteor Strike+1"],"picked":"SKIP","floor":39},{"not_picked":["Rebound+1","Barrage+1"],"picked":"Hologram","floor":40}],"player_experience":1825705,"relics_obtained":[{"floor":10,"key":"Dodecahedron"},{"floor":13,"key":"Molten Egg 2"},{"floor":23,"key":"Nilry\u0027s Codex"},{"floor":25,"key":"Happy Flower"},{"floor":26,"key":"Bronze Scales"},{"floor":27,"key":"Girya"},{"floor":31,"key":"Turnip"},{"floor":40,"key":"Matryoshka"}],"event_choices":[{"damage_healed":0,"gold_gain":0,"player_choice":"Lose Max HP","damage_taken":0,"relics_obtained":["Golden Idol"],"max_hp_gain":0,"max_hp_loss":6,"event_name":"Golden Idol","floor":3,"gold_loss":0},{"damage_healed":0,"gold_gain":175,"player_choice":"AGREE","damage_taken":0,"max_hp_gain":0,"max_hp_loss":0,"event_name":"Liars Game","floor":4,"gold_loss":0,"cards_obtained":["Doubt"]},{"damage_healed":0,"gold_gain":0,"player_choice":"Ignored","damage_taken":0,"max_hp_gain":0,"max_hp_loss":0,"event_name":"NoteForYourself","floor":20,"gold_loss":0},{"damage_healed":0,"gold_gain":0,"player_choice":"Obtained Book","damage_taken":16,"max_hp_gain":0,"max_hp_loss":0,"event_name":"Cursed Tome","floor":23,"gold_loss":0},{"damage_healed":0,"gold_gain":0,"player_choice":"2 cards matched","damage_taken":0,"max_hp_gain":0,"max_hp_loss":0,"event_name":"Match and Keep!","floor":28,"gold_loss":0,"cards_obtained":["Stack","Thunder Strike"]},{"damage_healed":0,"gold_gain":0,"player_choice":"1 cards matched","damage_taken":0,"max_hp_gain":0,"max_hp_loss":0,"event_name":"Match and Keep!","floor":36,"gold_loss":0,"cards_obtained":["Machine Learning"]}],"is_beta":false,"boss_relics":[{"not_picked":["FrozenCore","Runic Dome"],"picked":"Nuclear Battery"},{"not_picked":["Calling Bell","Astrolabe"],"picked":"Sozu"}],"items_purged_floors":[5,30],"is_endless":false,"potions_floor_spawned":[7,10,12,13,14,16,21,22,25,27,29,39],"killed_by":"Nemesis","ascension_level":6}