{"gold_per_floor":[119,47,62,62,62,62,73,98,98,98,131,149,165,195,195,297,297,310,320,245,245,257,257],"floor_reached":23,"playtime":1880,"items_purged":[],"score":243,"play_id":"09485429-f78f-44fe-b8af-aaea1070f484","local_time":"20191001111354","is_ascension_mode":true,"campfire_choices":[{"data":"Armaments","floor":6.0,"key":"SMITH"},{"data":"Headbutt","floor":10.0,"key":"SMITH"},{"floor":15.0,"key":"REST"}],"neow_cost":"TEN_PERCENT_HP_LOSS","seed_source_timestamp":0,"circlet_count":0,"master_deck":["Strike_R","Strike_R","Defend_R","Defend_R","Bash","Headbutt+1","Feel No Pain","Armaments+1","Double Tap","Dropkick","Evolve","Shrug It Off","Intimidate","Shrug It Off","Barricade","Disarm+1","Sentinel+1","Rage+1","Warcry","Ghostly Armor","Body Slam","Entrench"],"special_seed":0,"relics":["Burning Blood","Unceasing Top","Bottled Flame","Question Card","Torii","Happy Flower","Astrolabe"],"potions_floor_usage":[23],"damage_taken":[{"damage":3.0,"enemies":"2 Louse","floor":1.0,"turns":3.0},{"damage":1.0,"enemies":"Cultist","floor":3.0,"turns":3.0},{"damage":0.0,"enemies":"Jaw Worm","floor":7.0,"turns":3.0},{"damage":17.0,"enemies":"Gremlin Nob","floor":8.0,"turns":4.0},{"damage":24.0,"enemies":"3 Sentries","floor":11.0,"turns":11.0},{"damage":14.0,"enemies":"Exordium Wildlife","floor":12.0,"turns":4.0},{"damage":1.0,"enemies":"Blue Slaver","floor":13.0,"turns":4.0},{"damage":44.0,"enemies":"Gremlin Nob","floor":14.0,"turns":5.0},{"damage":11.0,"enemies":"The Guardian","floor":16.0,"turns":11.0},{"damage":26.0,"enemies":"3 Byrds","floor":18.0,"turns":9.0},{"damage":15.0,"enemies":"Chosen","floor":19.0,"turns":10.0},{"damage":3,"enemies":"Centurion and Healer","floor":22,"turns":11},{"damage":55,"enemies":"Slavers","floor":23,"turns":6}],"seed_played":"-5196568318558040358","potions_obtained":[{"floor":3.0,"key":"Swift Potion"},{"floor":13.0,"key":"Explosive Potion"},{"floor":14.0,"key":"FearPotion"},{"floor":16.0,"key":"Block Potion"},{"floor":19,"key":"Energy Potion"},{"floor":22,"key":"Weak Potion"}],"is_trial":false,"path_per_floor":["M","$","M","?","?","R","M","E","T","R","E","M","M","E","R","B",null,"M","M","?","?","M","E"],"character_chosen":"IRONCLAD","items_purchased":["Feel No Pain"],"campfire_rested":1,"item_purchase_floors":[2],"current_hp_per_floor":[72,72,72,77,77,77,77,66,66,66,48,40,45,7,30,25,77,57,48,48,48,51,0],"gold":257,"neow_bonus":"ONE_RARE_RELIC","is_prod":false,"is_daily":false,"chose_seed":false,"campfire_upgraded":2,"win_rate":0,"timestamp":1569946434,"path_taken":["M","$","M","?","?","R","?","E","T","R","E","M","M","E","R","BOSS","M","M","?","?","M","E"],"build_version":"2019-07-17","purchased_purges":0,"victory":false,"max_hp_per_floor":[72,72,72,77,77,77,77,77,77,77,77,77,77,77,77,77,77,77,77,77,77,77,77],"card_choices":[{"not_picked":["Flex","Warcry"],"picked":"Headbutt","floor":1.0},{"not_picked":["Headbutt","Anger"],"picked":"Armaments","floor":3.0},{"not_picked":["Anger","Twin Strike"],"picked":"Double Tap","floor":7.0},{"not_picked":["Dual Wield","Heavy Blade"],"picked":"Dropkick","floor":8.0},{"not_picked":["Shrug It Off","Twin Strike","Clothesline"],"picked":"Evolve","floor":11.0},{"not_picked":["Iron Wave","Bloodletting","Spot Weakness"],"picked":"Shrug It Off","floor":12.0},{"not_picked":["Body Slam","Pommel Strike","Iron Wave"],"picked":"Intimidate","floor":13.0},{"not_picked":["Clash","Shockwave","Juggernaut"],"picked":"Shrug It Off","floor":14.0},{"not_picked":["Limit Break","Brutality","Juggernaut"],"picked":"Barricade","floor":16.0},{"not_picked":["Bloodletting","Thunderclap+1","Headbutt+1"],"picked":"Warcry","floor":18.0},{"not_picked":["Hemokinesis","Dropkick+1","Seeing Red+1"],"picked":"Ghostly Armor","floor":19},{"not_picked":["Burning Pact","Wild Strike+1","Perfected Strike+1"],"picked":"Entrench","floor":22}],"player_experience":242459,"relics_obtained":[{"floor":8.0,"key":"Bottled Flame"},{"floor":9.0,"key":"Question Card"},{"floor":11.0,"key":"Torii"},{"floor":14.0,"key":"Happy Flower"}],"event_choices":[{"damage_healed":0.0,"max_hp_gain":5.0,"max_hp_loss":0.0,"gold_gain":0.0,"event_name":"Big Fish","player_choice":"Donut","floor":4.0,"gold_loss":0.0,"damage_taken":0.0},{"cards_removed":["Strike_R"],"damage_healed":0.0,"max_hp_gain":0.0,"max_hp_loss":0.0,"gold_gain":0.0,"event_name":"Bonfire Elementals","player_choice":"Offered Basic","floor":5.0,"gold_loss":0.0,"damage_taken":0.0},{"cards_removed":["Defend_R"],"damage_healed":0,"gold_gain":0,"player_choice":"Gave Gold","damage_taken":0,"max_hp_gain":0,"max_hp_loss":0,"event_name":"Beggar","floor":20,"gold_loss":75},{"damage_healed":0,"gold_gain":0,"player_choice":"Read","damage_taken":0,"max_hp_gain":0,"max_hp_loss":0,"event_name":"The Library","floor":21,"gold_loss":0,"cards_obtained":["Body Slam"]}],"is_beta":false,"boss_relics":[{"not_picked":["Black Blood","Ectoplasm"],"picked":"Astrolabe"}],"items_purged_floors":[],"is_endless":false,"potions_floor_spawned":[3,13,14,16,19,22],"killed_by":"Slavers","ascension_level":3}