{"gold_per_floor":[212,287,55,65,30,30,56,66,66,66,127,127,147,158,158,262,262,276,311,321,333,64,92,92,110,188,202,235,235,75,91,91,193,193,212,434,454,116,134,165,184,201,250,282,294,254,254,268,268,268,268,268,78,106,106],"floor_reached":56,"playtime":3988,"items_purged":["Strike_B"],"score":1690,"play_id":"52e98987-8168-4af8-b0e2-b8b2ad69adc7","local_time":"20190523204425","is_ascension_mode":true,"campfire_choices":[{"data":"Zap","floor":6,"key":"SMITH"},{"data":"Static Discharge","floor":10,"key":"SMITH"},{"floor":15,"key":"REST"},{"data":"Coolheaded","floor":24,"key":"SMITH"},{"data":"Capacitor","floor":32,"key":"SMITH"},{"floor":47,"key":"RECALL"},{"data":"Multi-Cast","floor":49,"key":"SMITH"},{"data":"Creative AI","floor":52,"key":"SMITH"}],"neow_cost":"NONE","seed_source_timestamp":167025726068446,"circlet_count":0,"master_deck":["Zap+1","Dualcast","Ball Lightning","Conserve Battery","Static Discharge+1","Chill","Reinforced Body","Cold Snap","Creative AI+1","Multi-Cast+1","FTL","Recycle+1","FTL+1","Coolheaded+1","Barrage","Turbo","Rebound+1","Conserve Battery","Self Repair","Go for the Eyes+1","Capacitor+1","Doom and Gloom+1","Reinforced Body+1","Defragment+1","Defragment+1","Blizzard+1","Amplify+1","Defragment+1","Blind+1","Glacier+1","Machine Learning+1","Coolheaded+1","Chill+1","Hologram+1","Coolheaded+1","Hologram+1","Coolheaded+1","Heatsinks+1","Machine Learning+1"],"relics":["Cracked Core","DataDisk","Sundial","Bag of Preparation","Tiny Chest","Pandora\u0027s Box","Red Mask","Chemical X","Frozen Egg 2","Toxic Egg 2","Symbiotic Virus","Nuclear Battery","Letter Opener","Whetstone","Omamori","Centennial Puzzle"],"potions_floor_usage":[11,19,23,23,23,50,55,55,55],"damage_taken":[{"damage":0,"enemies":"Small Slimes","floor":1,"turns":2},{"damage":2,"enemies":"Jaw Worm","floor":4,"turns":3},{"damage":31,"enemies":"Gremlin Nob","floor":7,"turns":4},{"damage":0,"enemies":"2 Louse","floor":8,"turns":2},{"damage":13,"enemies":"Lagavulin","floor":11,"turns":5},{"damage":0,"enemies":"Exordium Wildlife","floor":13,"turns":2},{"damage":4,"enemies":"Large Slime","floor":14,"turns":5},{"damage":10,"enemies":"Hexaghost","floor":16,"turns":6},{"damage":2,"enemies":"3 Byrds","floor":18,"turns":3},{"damage":3,"enemies":"Masked Bandits","floor":19,"turns":2},{"damage":2,"enemies":"Chosen","floor":20,"turns":4},{"damage":0,"enemies":"Centurion and Healer","floor":21,"turns":8},{"damage":7,"enemies":"Gremlin Leader","floor":23,"turns":8},{"damage":2,"enemies":"Cultist and Chosen","floor":25,"turns":7},{"damage":5,"enemies":"Snake Plant","floor":27,"turns":4},{"damage":3,"enemies":"Book of Stabbing","floor":28,"turns":5},{"damage":3,"enemies":"Centurion and Healer","floor":31,"turns":6},{"damage":22,"enemies":"Collector","floor":33,"turns":6},{"damage":5,"enemies":"Orb Walker","floor":35,"turns":5},{"damage":0,"enemies":"3 Darklings","floor":37,"turns":7},{"damage":0,"enemies":"Maw","floor":39,"turns":8},{"damage":2,"enemies":"Reptomancer","floor":40,"turns":7},{"damage":15,"enemies":"4 Shapes","floor":41,"turns":7},{"damage":0,"enemies":"Spire Growth","floor":42,"turns":7},{"damage":0,"enemies":"Giant Head","floor":44,"turns":8},{"damage":10,"enemies":"Transient","floor":45,"turns":5},{"damage":0,"enemies":"3 Darklings","floor":48,"turns":5},{"damage":0,"enemies":"Awakened One","floor":50,"turns":15},{"damage":3,"enemies":"Shield and Spear","floor":54,"turns":6},{"damage":14,"enemies":"The Heart","floor":55,"turns":12}],"seed_played":"482611477414124318","potions_obtained":[{"floor":1,"key":"Explosive Potion"},{"floor":7,"key":"Poison Potion"},{"floor":8,"key":"LiquidBronze"},{"floor":13,"key":"Strength Potion"},{"floor":18,"key":"Dexterity Potion"},{"floor":20,"key":"Weak Potion"},{"floor":23,"key":"SkillPotion"},{"floor":25,"key":"Strength Potion"},{"floor":27,"key":"Regen Potion"},{"floor":33,"key":"GamblersBrew"},{"floor":48,"key":"Ancient Potion"}],"is_trial":false,"path_per_floor":["M","?","$","M","?","R","E","M","T","R","E","?","M","M","R","B",null,"M","?","M","M","$","E","R","M","T","M","E","?","$","M","R","B",null,"M","?","M","$","M","E","M","M","T","E","M","?","R","M","R","B",null,"R","$","E","B",null],"character_chosen":"DEFECT","items_purchased":["DataDisk","Chemical X","Capacitor","Defragment+1","Blizzard","Letter Opener","Blind+1","Coolheaded+1","Heatsinks+1","FocusPotion"],"campfire_rested":1,"item_purchase_floors":[3,22,22,30,30,38,38,53,53,53],"current_hp_per_floor":[68,57,57,55,73,73,42,42,42,42,29,14,14,10,32,22,62,60,57,55,62,62,62,62,67,67,69,73,73,73,75,75,60,71,73,73,75,75,75,75,60,67,67,74,71,71,71,75,75,75,75,75,75,75,75],"gold":106,"neow_bonus":"HUNDRED_GOLD","is_prod":false,"is_daily":false,"chose_seed":false,"campfire_upgraded":6,"win_rate":0,"timestamp":1558640665,"path_taken":["M","?","$","M","?","R","E","M","T","R","E","?","?","M","R","BOSS","M","?","M","M","$","E","R","M","T","M","E","?","$","M","R","BOSS","M","?","M","$","M","E","M","M","T","E","M","?","R","?","R","BOSS","R","$","E","BOSS"],"build_version":"2019-01-23","purchased_purges":1,"victory":true,"max_hp_per_floor":[75,75,75,75,75,75,75,75,75,75,75,75,75,75,75,75,75,75,75,75,75,75,75,75,75,75,75,75,75,75,75,75,75,75,75,75,75,75,75,75,75,75,75,75,75,75,75,75,75,75,75,75,75,75,75],"card_choices":[{"not_picked":["FTL","Blizzard"],"picked":"Ball Lightning","floor":1},{"not_picked":["Recycle","Stack"],"picked":"Conserve Battery","floor":4},{"not_picked":["Beam Cell","Rainbow"],"picked":"Static Discharge","floor":7},{"not_picked":["Rebound","Redo"],"picked":"Chill","floor":8},{"not_picked":["FTL","Lockon"],"picked":"Reinforced Body","floor":11},{"not_picked":["Hello World","Reinforced Body"],"picked":"Cold Snap","floor":13},{"not_picked":["Cold Snap","Beam Cell","Steam"],"picked":"SKIP","floor":14},{"not_picked":["Fission","Thunder Strike"],"picked":"Creative AI","floor":16},{"not_picked":["Streamline","Loop"],"picked":"Rebound+1","floor":18},{"not_picked":["Compile Driver","Cold Snap+1"],"picked":"Conserve Battery","floor":19},{"not_picked":["Conserve Battery","Go for the Eyes"],"picked":"Self Repair","floor":20},{"not_picked":["Darkness","Scrape"],"picked":"Go for the Eyes+1","floor":21},{"not_picked":["Rebound","Reboot","Hello World+1"],"picked":"SKIP","floor":23},{"not_picked":["Turbo","Ball Lightning+1"],"picked":"Doom and Gloom+1","floor":25},{"not_picked":["Static Discharge+1","Leap+1"],"picked":"Reinforced Body+1","floor":27},{"not_picked":["Go for the Eyes","Steam+1"],"picked":"Defragment+1","floor":28},{"not_picked":["Streamline+1","Stack+1","Beam Cell"],"picked":"SKIP","floor":31},{"not_picked":["Hyperbeam","Fission+1"],"picked":"Amplify+1","floor":33},{"not_picked":["Rebound+1","Gash","Streamline+1"],"picked":"SKIP","floor":35},{"not_picked":["Gash","Hologram+1"],"picked":"Defragment+1","floor":37},{"not_picked":["Chill+1","Blizzard+1"],"picked":"Glacier+1","floor":39},{"not_picked":["Static Discharge+1","FTL+1"],"picked":"Machine Learning+1","floor":40},{"not_picked":["Blizzard","Hologram+1"],"picked":"Coolheaded+1","floor":41},{"not_picked":["BootSequence+1","Barrage+1"],"picked":"Chill+1","floor":42},{"not_picked":["Stack+1","Rebound"],"picked":"Hologram+1","floor":44},{"not_picked":["Steam+1","Redo+1"],"picked":"Coolheaded+1","floor":45},{"not_picked":["Lockon","Static Discharge+1"],"picked":"Hologram+1","floor":48},{"not_picked":["Sunder+1","Redo+1"],"picked":"Machine Learning+1","floor":54}],"player_experience":1474072,"relics_obtained":[{"floor":7,"key":"Sundial"},{"floor":9,"key":"Bag of Preparation"},{"floor":11,"key":"Tiny Chest"},{"floor":19,"key":"Red Mask"},{"floor":23,"key":"Frozen Egg 2"},{"floor":26,"key":"Toxic Egg 2"},{"floor":28,"key":"Symbiotic Virus"},{"floor":40,"key":"Whetstone"},{"floor":44,"key":"Omamori"},{"floor":54,"key":"Centennial Puzzle"}],"event_choices":[{"damage_healed":0,"gold_gain":75,"player_choice":"Gather Gold","damage_taken":11,"max_hp_gain":0,"max_hp_loss":0,"event_name":"World of Goop","floor":2,"gold_loss":0},{"damage_healed":18,"gold_gain":0,"player_choice":"Healed","damage_taken":0,"max_hp_gain":0,"max_hp_loss":0,"event_name":"The Cleric","floor":5,"gold_loss":35},{"damage_healed":0,"gold_gain":0,"player_choice":"Entered Light","damage_taken":15,"max_hp_gain":0,"max_hp_loss":0,"event_name":"Shining Light","floor":12,"gold_loss":0,"cards_upgraded":["Strike_B","Defend_B"]},{"damage_healed":0,"gold_gain":0,"player_choice":"Fought Bandits","damage_taken":0,"max_hp_gain":0,"max_hp_loss":0,"event_name":"Masked Bandits","floor":19,"gold_loss":0},{"damage_healed":0,"gold_gain":0,"player_choice":"Ignored","damage_taken":0,"max_hp_gain":0,"max_hp_loss":0,"event_name":"Ghosts","floor":29,"gold_loss":0},{"damage_healed":0,"gold_gain":222,"player_choice":"Wore Mask","damage_taken":0,"max_hp_gain":0,"max_hp_loss":0,"event_name":"Tomb of Lord Red Mask","floor":36,"gold_loss":0},{"damage_healed":0,"gold_gain":0,"player_choice":"Upgrade","damage_taken":0,"max_hp_gain":0,"max_hp_loss":0,"event_name":"Designer","floor":46,"gold_loss":40,"cards_upgraded":["Recycle"]}],"is_beta":false,"boss_relics":[{"not_picked":["Black Star","FrozenCore"],"picked":"Pandora\u0027s Box"},{"not_picked":["Velvet Choker","Calling Bell"],"picked":"Nuclear Battery"}],"items_purged_floors":[3],"is_endless":false,"potions_floor_spawned":[1,7,8,13,18,20,23,25,27,33,37,39,42,44,45,48],"ascension_level":7}