{"gold_per_floor":[14,33,33,33,50,50,80,80,80,80,98,48,48,65,65,164,164,183,203,237,114,37,52,72,136,136,153,184,196,227,2,2,97,97,114,138,155,173,188,188],"floor_reached":40,"playtime":2333,"items_purged":["Strike_R"],"score":455,"play_id":"a57d30a2-42a6-42e1-b2df-4c702119aa01","local_time":"20180721132717","is_ascension_mode":false,"campfire_choices":[{"data":"True Grit","floor":6,"key":"SMITH"},{"data":"Flex","floor":8,"key":"SMITH"},{"data":"Power Through","floor":13,"key":"SMITH"},{"data":"Bloodletting","floor":15,"key":"SMITH"},{"data":"Seeing Red","floor":29,"key":"SMITH"},{"data":"Barricade","floor":32,"key":"SMITH"}],"neow_cost":"NO_GOLD","seed_source_timestamp":598567164974080,"circlet_count":0,"master_deck":["Strike_R","Strike_R","Strike_R","Defend_R","Defend_R","Defend_R","Bash","Flex+1","Spot Weakness","True Grit+1","Power Through+1","Offering","Bloodletting+1","Reaper","True Grit","Evolve","Blood for Blood","Thunderclap","J.A.X.","Rage","Seeing Red+1","Body Slam","Rupture","Barricade+1","Demon Form","Thunderclap+1","Body Slam","Power Through+1"],"relics":["Burning Blood","Magic Flower","Incense Burner","Boot","Shuriken","Unceasing Top","Mark of Pain","Red Mask","Tiny Chest","Ornamental Fan","MawBank","Black Star","Centennial Puzzle"],"potions_floor_usage":[7,16,16,28,33,33,33,40],"damage_taken":[{"damage":13,"enemies":"Jaw Worm","floor":1,"turns":3},{"damage":1,"enemies":"Cultist","floor":2,"turns":3},{"damage":4,"enemies":"2 Louse","floor":5,"turns":3},{"damage":8,"enemies":"3 Sentries","floor":7,"turns":8},{"damage":11,"enemies":"Looter","floor":11,"turns":3},{"damage":1,"enemies":"Red Slaver","floor":14,"turns":3},{"damage":47,"enemies":"The Guardian","floor":16,"turns":9},{"damage":72,"enemies":"3 Byrds","floor":18,"turns":10},{"damage":37,"enemies":"Spheric Guardian","floor":19,"turns":7},{"damage":8,"floor":20,"turns":4},{"damage":30,"enemies":"Slaver and Parasite","floor":23,"turns":6},{"damage":14,"enemies":"3 Cultists","floor":24,"turns":6},{"damage":60,"enemies":"Gremlin Leader","floor":25,"turns":7},{"damage":13,"enemies":"Snake Plant","floor":27,"turns":3},{"damage":32,"enemies":"Book of Stabbing","floor":28,"turns":8},{"damage":16,"enemies":"Centurion and Healer","floor":30,"turns":4},{"damage":26,"enemies":"Automaton","floor":33,"turns":10},{"damage":36,"enemies":"3 Darklings","floor":35,"turns":8},{"damage":25,"enemies":"Orb Walker","floor":37,"turns":5},{"damage":19,"enemies":"4 Shapes","floor":38,"turns":7},{"damage":16,"enemies":"Maw","floor":39,"turns":8},{"damage":97,"enemies":"2 Orb Walkers","floor":40,"turns":5}],"seed_played":"-8141520185354662653","potions_obtained":[{"floor":2,"key":"GamblersBrew"},{"floor":5,"key":"GamblersBrew"},{"floor":14,"key":"SteroidPotion"},{"floor":19,"key":"Dexterity Potion"},{"floor":24,"key":"Block Potion"},{"floor":27,"key":"EssenceOfSteel"},{"floor":33,"key":"SpeedPotion"},{"floor":35,"key":"Dexterity Potion"},{"floor":37,"key":"Block Potion"}],"is_trial":false,"path_per_floor":["M","M","?","?","M","R","E","R","T","?","M","?","R","M","R","B",null,"M","M","?","$","?","M","M","E","T","M","E","R","M","$","R","B",null,"M","T","M","M","M"],"character_chosen":"IRONCLAD","items_purchased":["Thunderclap","Barricade","EssenceOfSteel"],"campfire_rested":0,"item_purchase_floors":[21,31,31],"current_hp_per_floor":[76,80,80,80,80,80,80,80,80,68,66,66,66,74,74,36,80,38,12,49,49,49,37,75,36,36,32,41,41,79,79,79,79,80,80,80,74,80,80,0],"gold":188,"neow_bonus":"ONE_RARE_RELIC","is_prod":false,"is_daily":false,"chose_seed":false,"campfire_upgraded":6,"win_rate":0,"timestamp":1532168837,"path_taken":["M","M","?","?","M","R","E","R","T","?","?","?","R","M","R","BOSS","M","?","?","$","?","M","M","E","T","M","E","R","M","$","R","BOSS","M","?","M","M","?","E"],"build_version":"2018-07-19v2","purchased_purges":1,"victory":false,"max_hp_per_floor":[80,80,80,80,80,80,80,80,80,80,80,80,80,80,80,80,80,80,80,80,80,80,80,80,80,80,80,80,80,80,80,80,80,80,80,80,80,80,80,80],"card_choices":[{"not_picked":["Twin Strike","Rage"],"picked":"Flex","floor":1},{"not_picked":["Rampage","Cleave"],"picked":"Spot Weakness","floor":2},{"not_picked":["Anger","Warcry"],"picked":"True Grit","floor":5},{"not_picked":["Pommel Strike","Corruption"],"picked":"Power Through","floor":7},{"not_picked":["Pommel Strike","Anger"],"picked":"Offering","floor":11},{"not_picked":["Cleave","Dropkick"],"picked":"Bloodletting","floor":14},{"not_picked":["Bludgeon","Fiend Fire"],"picked":"Reaper","floor":16},{"not_picked":["Clothesline","Bloodletting"],"picked":"True Grit","floor":18},{"not_picked":["Havoc","Searing Blow"],"picked":"Evolve","floor":19},{"not_picked":["Power Through","Body Slam+1"],"picked":"Blood for Blood","floor":20},{"not_picked":["Anger","Sword Boomerang","Uppercut+1"],"picked":"SKIP","floor":23},{"not_picked":["Havoc","Infernal Blade"],"picked":"Rage","floor":24},{"not_picked":["Armaments+1","Flame Barrier+1"],"picked":"Seeing Red","floor":25},{"not_picked":["Wild Strike","Heavy Blade"],"picked":"Body Slam","floor":27},{"not_picked":["Headbutt","Shrug It Off"],"picked":"Rupture","floor":28},{"not_picked":["Intimidate+1","Anger","Metallicize"],"picked":"SKIP","floor":30},{"not_picked":["Brutality","Berserk"],"picked":"Demon Form","floor":33},{"not_picked":["Body Slam","Sentinel+1"],"picked":"Thunderclap+1","floor":35},{"not_picked":["Headbutt+1","Cleave"],"picked":"Body Slam","floor":37},{"not_picked":["Anger+1","Perfected Strike+1","Bloodletting"],"picked":"SKIP","floor":38},{"not_picked":["Corruption+1","Thunderclap"],"picked":"Power Through+1","floor":39}],"player_experience":133603,"relics_obtained":[{"floor":7,"key":"Boot"},{"floor":9,"key":"Shuriken"},{"floor":20,"key":"Red Mask"},{"floor":25,"key":"Tiny Chest"},{"floor":26,"key":"Ornamental Fan"},{"floor":28,"key":"MawBank"},{"floor":36,"key":"Centennial Puzzle"}],"event_choices":[{"event_name":"Purifier","player_choice":"One Purge","floor":3,"damage_taken":0},{"event_name":"Wheel of Change","player_choice":"Relic","floor":4,"damage_taken":0},{"event_name":"Scrap Ooze","player_choice":"success","floor":10,"damage_taken":12},{"event_name":"The Cleric","player_choice":"Card Removal","floor":12,"damage_taken":0},{"event_name":"Masked Bandits","player_choice":"Fought over 203 gold","floor":20,"damage_taken":0},{"event_name":"Drug Dealer","player_choice":"Got JAXXED","floor":22,"damage_taken":0}],"is_beta":false,"boss_relics":[{"not_picked":["Runic Cube","Empty Cage"],"picked":"Mark of Pain"},{"not_picked":["Snecko Eye","Lizard Tail"],"picked":"Black Star"}],"items_purged_floors":[21],"is_endless":false,"potions_floor_spawned":[2,5,14,19,24,27,33,35,37,39],"killed_by":"2 Orb Walkers","ascension_level":0}