{"gold_per_floor":[216,233,233,308,308,308,318,318,364,364,375,394,238,250,250,349,349,366,124,139,157,157,188,198,198,198,148,163,181,191,203,203,203],"floor_reached":33,"playtime":2082,"items_purged":[],"score":263,"play_id":"f883c3d4-6ee7-4365-83d8-1e9809b73755","local_time":"20190909231345","is_ascension_mode":false,"campfire_choices":[{"data":"Bash","floor":6,"key":"SMITH"},{"data":"Flex","floor":8,"key":"SMITH"},{"data":"Perfected Strike","floor":15,"key":"SMITH"},{"floor":32,"key":"REST"}],"neow_cost":"NONE","seed_source_timestamp":345825214816300,"circlet_count":0,"master_deck":["Strike_R","Strike_R","Strike_R","Strike_R","Strike_R","Defend_R","Defend_R","Defend_R","Defend_R","Bash+1","Twin Strike","Flex+1","Thunderclap","Perfected Strike+1","Wild Strike","RitualDagger","Pommel Strike","Warcry+1","Headbutt"],"relics":["Burning Blood","Lantern","Bag of Marbles","Sozu","Matryoshka","Charon\u0027s Ashes","Boot","Ornamental Fan"],"potions_floor_usage":[16,33,33],"damage_taken":[{"damage":10,"enemies":"Jaw Worm","floor":1,"turns":5},{"damage":0,"enemies":"Small Slimes","floor":2,"turns":4},{"damage":5,"enemies":"Cultist","floor":7,"turns":4},{"damage":11,"enemies":"Lots of Slimes","floor":11,"turns":5},{"damage":0,"enemies":"Looter","floor":12,"turns":2},{"damage":0,"enemies":"Blue Slaver","floor":14,"turns":2},{"damage":60,"enemies":"Hexaghost","floor":16,"turns":8},{"damage":5,"enemies":"Chosen","floor":18,"turns":3},{"damage":7,"enemies":"Shell Parasite","floor":20,"turns":2},{"damage":11,"enemies":"Snake Plant","floor":21,"turns":3},{"damage":20,"enemies":"Slavers","floor":23,"turns":4},{"damage":10,"enemies":"Chosen and Byrds","floor":24,"turns":3},{"damage":3,"enemies":"Centurion and Healer","floor":28,"turns":3},{"damage":6,"enemies":"Cultist and Chosen","floor":29,"turns":4},{"damage":8,"enemies":"Snecko","floor":30,"turns":3},{"damage":16,"enemies":"Sentry and Sphere","floor":31,"turns":4},{"damage":81,"enemies":"Champ","floor":33,"turns":6}],"seed_played":"2865613326172060788","potions_obtained":[{"floor":2,"key":"Swift Potion"},{"floor":11,"key":"SteroidPotion"},{"floor":14,"key":"Ancient Potion"},{"floor":16,"key":"Strength Potion"}],"is_trial":false,"path_per_floor":["M","M","?","?","?","R","M","R","T","?","M","M","$","M","R","B",null,"M","$","M","M","?","E","M","?","T","$","M","M","M","M","R","B"],"character_chosen":"IRONCLAD","items_purchased":["Bag of Marbles","Matryoshka","Pommel Strike"],"campfire_rested":1,"item_purchase_floors":[13,19,27],"current_hp_per_floor":[76,80,80,69,69,69,70,70,70,70,65,71,71,77,77,23,80,80,80,79,74,74,60,56,50,50,50,53,53,51,41,65,0],"gold":203,"neow_bonus":"HUNDRED_GOLD","is_prod":false,"is_daily":false,"chose_seed":false,"campfire_upgraded":3,"win_rate":0,"timestamp":1568063625,"path_taken":["M","M","?","?","?","R","M","R","T","?","M","?","?","M","R","BOSS","M","$","M","M","?","E","M","?","T","?","?","M","M","M","R","BOSS"],"build_version":"2019-07-17","purchased_purges":0,"victory":false,"max_hp_per_floor":[80,80,80,80,80,80,80,80,80,80,80,80,80,80,80,80,80,80,80,80,80,80,80,80,80,80,80,80,80,80,80,80,80],"card_choices":[{"not_picked":["Sword Boomerang","Heavy Blade","Second Wind"],"picked":"SKIP","floor":1},{"not_picked":["True Grit","Cleave"],"picked":"Twin Strike","floor":2},{"not_picked":["Evolve","Heavy Blade"],"picked":"Flex","floor":7},{"not_picked":["Uppercut","Disarm"],"picked":"Thunderclap","floor":11},{"not_picked":["Pommel Strike","Armaments"],"picked":"Perfected Strike","floor":12},{"not_picked":["Uppercut","Sever Soul","Corruption"],"picked":"SKIP","floor":14},{"not_picked":["Warcry","Clothesline"],"picked":"Wild Strike","floor":18},{"not_picked":["Heavy Blade","Warcry","Searing Blow"],"picked":"SKIP","floor":20},{"not_picked":["Whirlwind+1","Flame Barrier+1","True Grit"],"picked":"SKIP","floor":21},{"not_picked":["Spot Weakness","Sword Boomerang","Pummel"],"picked":"SKIP","floor":23},{"not_picked":["Blood for Blood","Flex","Immolate"],"picked":"SKIP","floor":24},{"not_picked":["Thunderclap","Clothesline","Heavy Blade"],"picked":"SKIP","floor":28},{"not_picked":["Wild Strike","Carnage+1"],"picked":"Warcry+1","floor":29},{"not_picked":["Thunderclap+1","Flex"],"picked":"Headbutt","floor":30},{"not_picked":["Iron Wave","Spot Weakness","Dual Wield"],"picked":"SKIP","floor":31}],"player_experience":51390,"relics_obtained":[{"floor":9,"key":"Lantern"},{"floor":23,"key":"Charon\u0027s Ashes"},{"floor":26,"key":"Boot"},{"floor":26,"key":"Ornamental Fan"}],"event_choices":[{"damage_healed":0,"gold_gain":0,"player_choice":"Ignored","damage_taken":0,"max_hp_gain":0,"max_hp_loss":0,"event_name":"Golden Wing","floor":3,"gold_loss":0},{"damage_healed":0,"gold_gain":75,"player_choice":"Gather Gold","damage_taken":11,"max_hp_gain":0,"max_hp_loss":0,"event_name":"World of Goop","floor":4,"gold_loss":0},{"damage_healed":0,"gold_gain":0,"player_choice":"Leave","damage_taken":0,"max_hp_gain":0,"max_hp_loss":0,"event_name":"The Cleric","floor":5,"gold_loss":0},{"damage_healed":0,"gold_gain":0,"player_choice":"Bought 0 Potions","damage_taken":0,"max_hp_gain":0,"max_hp_loss":0,"event_name":"The Woman in Blue","floor":10,"gold_loss":0},{"damage_healed":0,"gold_gain":0,"player_choice":"Ignored","damage_taken":0,"max_hp_gain":0,"max_hp_loss":0,"event_name":"Ghosts","floor":22,"gold_loss":0},{"damage_healed":0,"gold_gain":0,"player_choice":"Joined the Cult","damage_taken":6,"max_hp_gain":0,"max_hp_loss":0,"event_name":"Nest","floor":25,"gold_loss":0,"cards_obtained":["RitualDagger"]}],"is_beta":false,"boss_relics":[{"not_picked":["Astrolabe","White Beast Statue"],"picked":"Sozu"}],"items_purged_floors":[],"is_endless":false,"potions_floor_spawned":[2,11,14,16,18,20,21,28],"killed_by":"Champ","ascension_level":0}