{"gold_per_floor":[211,224,224,224,124,124,299,324,324,324,199,199,219,44,44,145,145,165,97,22,34,34,34,34,60,60,74,74,104,122,122,122,122],"floor_reached":33,"playtime":995,"items_purged":["Strike_R","Doubt","Strike_R"],"score":329,"play_id":"2a344177-0816-45e0-88ab-d6f5247e7543","local_time":"20180719204506","is_ascension_mode":false,"campfire_choices":[{"data":"Armaments","floor":6,"key":"SMITH"},{"data":"Flex","floor":10,"key":"SMITH"},{"data":"Combust","floor":12,"key":"SMITH"},{"data":"Pommel Strike","floor":15,"key":"SMITH"},{"data":"Cleave","floor":23,"key":"SMITH"},{"data":"Heavy Blade","floor":28,"key":"SMITH"},{"data":"Heavy Blade","floor":32,"key":"SMITH"}],"neow_cost":"NONE","seed_source_timestamp":453373388998144,"circlet_count":0,"master_deck":["Strike_R+1","Strike_R+1","Defend_R+1","Defend_R+1","Defend_R+1","Bash","Flex+1","Armaments+1","Cleave+1","Shrug It Off+1","Flex+1","Double Tap+1","Pommel Strike+1","Offering+1","Inflame","Bloodletting+1","Heavy Blade+1","Heavy Blade+1","Flex+1"],"relics":["Burning Blood","Anchor","Toxic Egg 2","Busted Crown","CultistMask","War Paint","Du-Vu Doll","Bird Faced Urn"],"potions_floor_usage":[30,33],"damage_taken":[{"damage":0,"enemies":"Small Slimes","floor":1,"turns":3},{"damage":1,"enemies":"2 Louse","floor":2,"turns":3},{"damage":7,"enemies":"3 Sentries","floor":8,"turns":4},{"damage":0,"enemies":"Jaw Worm","floor":13,"turns":2},{"damage":75,"enemies":"The Guardian","floor":16,"turns":10},{"damage":4,"enemies":"2 Thieves","floor":18,"turns":2},{"damage":14,"enemies":"3 Byrds","floor":21,"turns":3},{"damage":4,"enemies":"Gremlin Leader","floor":25,"turns":3},{"damage":8,"enemies":"Snecko","floor":27,"turns":3},{"damage":7,"enemies":"Book of Stabbing","floor":29,"turns":1},{"damage":7,"enemies":"Slaver and Parasite","floor":30,"turns":2},{"damage":63,"enemies":"Collector","floor":33,"turns":6}],"seed_played":"-7380551441912943384","potions_obtained":[{"floor":16,"key":"SpeedPotion"},{"floor":29,"key":"SkillPotion"}],"is_trial":false,"path_per_floor":["M","M","?","?","$","R","?","E","T","R","$","R","M","$","R","B",null,"M","$","?","M","?","R","?","E","T","M","R","E","M","?","R"],"character_chosen":"IRONCLAD","items_purchased":["Cleave","Flex+1","Pommel Strike","Inflame"],"campfire_rested":0,"item_purchase_floors":[5,11,14,19],"current_hp_per_floor":[80,80,73,73,73,73,73,72,72,72,72,72,78,78,78,9,80,80,80,80,72,72,72,72,74,74,72,72,71,72,57,57,0],"gold":122,"neow_bonus":"HUNDRED_GOLD","is_prod":false,"is_daily":false,"chose_seed":false,"campfire_upgraded":7,"win_rate":0.0,"timestamp":1532022306,"path_taken":["M","M","?","?","$","R","?","E","T","R","$","R","?","$","R","BOSS","M","$","?","M","?","R","?","E","T","M","R","E","M","?","R","BOSS"],"build_version":"2018-07-12","purchased_purges":3,"victory":false,"max_hp_per_floor":[80,80,80,80,80,80,80,80,80,80,80,80,80,80,80,80,80,80,80,80,80,80,80,80,80,80,80,80,80,80,85,85,85],"card_choices":[{"not_picked":["Cleave","Pommel Strike"],"picked":"Flex","floor":1},{"not_picked":["Clothesline","Warcry"],"picked":"Armaments","floor":2},{"not_picked":["Perfected Strike","Sword Boomerang"],"picked":"Shrug It Off","floor":8},{"not_picked":["Clothesline","Perfected Strike"],"picked":"Double Tap+1","floor":13},{"not_picked":["Berserk","Bludgeon"],"picked":"Offering+1","floor":16},{"not_picked":["Warcry+1"],"picked":"SKIP","floor":18},{"not_picked":["Sever Soul"],"picked":"SKIP","floor":21},{"not_picked":[],"picked":"Bloodletting+1","floor":25},{"not_picked":[],"picked":"Heavy Blade","floor":27},{"not_picked":[],"picked":"Heavy Blade","floor":29},{"not_picked":[],"picked":"Flex+1","floor":30}],"player_experience":101654,"relics_obtained":[{"floor":8,"key":"Anchor"},{"floor":9,"key":"Toxic Egg 2"},{"floor":25,"key":"War Paint"},{"floor":26,"key":"Du-Vu Doll"},{"floor":29,"key":"Bird Faced Urn"}],"event_choices":[{"event_name":"Golden Wing","player_choice":"Card Removal","floor":3,"damage_taken":0},{"event_name":"Living Wall","player_choice":"Change","floor":4,"damage_taken":0},{"event_name":"Liars Game","player_choice":"agreed","floor":7,"damage_taken":0},{"event_name":"Beggar","player_choice":"Gave Gold","floor":20,"damage_taken":0},{"event_name":"Back to Basics","player_choice":"Simplicity","floor":22,"damage_taken":0},{"event_name":"FaceTrader","player_choice":"Trade","floor":24,"damage_taken":0},{"event_name":"Forgotten Altar","player_choice":"Shed Blood","floor":31,"damage_taken":0}],"boss_relics":[{"not_picked":["Runic Cube","Runic Dome"],"picked":"Busted Crown"}],"items_purged_floors":[5,11,14],"is_endless":false,"potions_floor_spawned":[16,29],"killed_by":"Collector","ascension_level":0}