{"gold_per_floor":[119,119,133,133,151,151,151,151,175,194,47,63,98,118,118,221,221,237,252,270,270],"floor_reached":21,"playtime":1262,"items_purged":["Strike_R"],"score":210,"play_id":"cbe6e6f7-1137-4052-813c-2abed2baf86d","local_time":"20190930113021","is_ascension_mode":true,"campfire_choices":[{"data":"Whirlwind","floor":6.0,"key":"SMITH"},{"data":"True Grit","floor":8.0,"key":"SMITH"},{"data":"Corruption","floor":15,"key":"SMITH"}],"neow_cost":"NONE","seed_source_timestamp":0,"circlet_count":0,"master_deck":["Strike_R","Strike_R","Strike_R+1","Strike_R+1","Defend_R","Defend_R","Defend_R","Defend_R","Bash","Double Tap","Whirlwind+1","Metallicize","True Grit+1","Twin Strike","Corruption+1","Reaper","Body Slam","Feel No Pain","Berserk","Shockwave+1","Shrug It Off","Power Through"],"special_seed":0,"relics":["Burning Blood","Blood Vial","Mercury Hourglass","Sozu"],"potions_floor_usage":[13,16],"damage_taken":[{"damage":8.0,"enemies":"2 Louse","floor":1.0,"turns":3.0},{"damage":5.0,"enemies":"Small Slimes","floor":3.0,"turns":4.0},{"damage":2.0,"enemies":"Jaw Worm","floor":5.0,"turns":3.0},{"damage":13.0,"enemies":"Blue Slaver","floor":10.0,"turns":5.0},{"damage":21,"enemies":"Large Slime","floor":12,"turns":6},{"damage":16,"enemies":"3 Sentries","floor":13,"turns":4},{"damage":8,"enemies":"Exordium Thugs","floor":14,"turns":3},{"damage":22,"enemies":"Slime Boss","floor":16,"turns":9},{"damage":41,"enemies":"Shell Parasite","floor":18,"turns":4},{"damage":8,"enemies":"Chosen","floor":19,"turns":4},{"damage":38,"enemies":"Sentry and Sphere","floor":20,"turns":5},{"damage":35,"enemies":"Snake Plant","floor":21,"turns":4}],"seed_played":"-5091007837687808789","potions_obtained":[{"floor":1.0,"key":"Regen Potion"},{"floor":5.0,"key":"AttackPotion"},{"floor":12,"key":"Weak Potion"}],"is_trial":false,"path_per_floor":["M","?","M","?","M","R","?","R","T","M","$","M","E","M","R","B",null,"M","M","M","M"],"character_chosen":"IRONCLAD","items_purchased":["Corruption"],"campfire_rested":0,"item_purchase_floors":[11],"current_hp_per_floor":[78,66,69,74,80,80,63,63,63,67,67,54,70,78,78,76,85,50,56,30,0],"gold":270,"neow_bonus":"ONE_RANDOM_RARE_CARD","is_prod":false,"is_daily":false,"chose_seed":false,"campfire_upgraded":3,"win_rate":0,"timestamp":1569861021,"path_taken":["M","?","M","?","M","R","?","R","T","M","$","M","E","M","R","BOSS","M","M","M","M"],"build_version":"2019-07-17","purchased_purges":1,"victory":false,"max_hp_per_floor":[80,80,80,85,85,85,85,85,85,85,85,85,85,85,85,85,85,85,85,85,85],"card_choices":[{"not_picked":["Clothesline","Sword Boomerang"],"picked":"Whirlwind","floor":1.0},{"not_picked":["Power Through","Intimidate"],"picked":"Metallicize","floor":3.0},{"not_picked":["Twin Strike","Bloodletting"],"picked":"True Grit","floor":5.0},{"not_picked":["Heavy Blade","Warcry"],"picked":"Twin Strike","floor":10.0},{"not_picked":["Body Slam","Wild Strike"],"picked":"Reaper","floor":12},{"not_picked":["Flex","Combust"],"picked":"Body Slam","floor":13},{"not_picked":["Clothesline","Rupture"],"picked":"Feel No Pain","floor":14},{"not_picked":["Offering","Feed"],"picked":"Berserk","floor":16},{"not_picked":["Cleave+1","Hemokinesis"],"picked":"Shockwave+1","floor":18},{"not_picked":["Anger","Fiend Fire"],"picked":"Shrug It Off","floor":19},{"not_picked":["Cleave","Blood for Blood"],"picked":"Power Through","floor":20}],"player_experience":226130,"relics_obtained":[{"floor":13,"key":"Mercury Hourglass"}],"event_choices":[{"damage_healed":0.0,"max_hp_gain":0.0,"max_hp_loss":0.0,"gold_gain":0.0,"event_name":"Scrap Ooze","player_choice":"Success","floor":2.0,"gold_loss":0.0,"damage_taken":12.0,"relics_obtained":["Blood Vial"]},{"damage_healed":0.0,"max_hp_gain":5.0,"max_hp_loss":0.0,"gold_gain":0.0,"event_name":"Big Fish","player_choice":"Donut","floor":4.0,"gold_loss":0.0,"damage_taken":0.0},{"damage_healed":0.0,"max_hp_gain":0.0,"max_hp_loss":0.0,"gold_gain":0.0,"event_name":"Shining Light","player_choice":"Entered Light","floor":7.0,"gold_loss":0.0,"damage_taken":17.0,"cards_upgraded":["Strike_R","Strike_R"]}],"is_beta":false,"boss_relics":[{"not_picked":["Calling Bell","Pandora\u0027s Box"],"picked":"Sozu"}],"items_purged_floors":[11],"is_endless":false,"potions_floor_spawned":[1,5,12],"killed_by":"Snake Plant","ascension_level":3}