{"gold_per_floor":[118,118,129,149,149,179,179,190,217,217,246,263,283,302,302,302],"floor_reached":16,"playtime":1071,"items_purged":[],"score":113,"play_id":"5df3f7a2-e0ed-40ea-8351-f0248b6c7c6e","local_time":"20190910221127","is_ascension_mode":false,"campfire_choices":[{"floor":10,"key":"REST"},{"floor":15,"key":"REST"}],"neow_cost":"NONE","seed_source_timestamp":2195494352212499,"circlet_count":0,"master_deck":["Strike_R","Strike_R","Strike_R","Strike_R","Strike_R","Defend_R","Defend_R","Defend_R","Defend_R","Bash","Pommel Strike","Sever Soul","Intimidate","Searing Blow","Spot Weakness","Ghostly Armor","Iron Wave","Clash","Perfected Strike"],"relics":["Burning Blood","NeowsBlessing","Lantern","Bottled Flame","Mummified Hand","Spirit Poop","Bag of Marbles","Centennial Puzzle"],"potions_floor_usage":[13],"damage_taken":[{"damage":0,"enemies":"Small Slimes","floor":1,"turns":1},{"damage":0,"enemies":"Jaw Worm","floor":3,"turns":1},{"damage":0,"enemies":"Cultist","floor":4,"turns":1},{"damage":45,"enemies":"Gremlin Nob","floor":6,"turns":5},{"damage":11,"enemies":"2 Fungi Beasts","floor":8,"turns":3},{"damage":44,"enemies":"Lagavulin","floor":11,"turns":8},{"damage":0,"enemies":"Looter","floor":12,"turns":3},{"damage":0,"enemies":"3 Louse","floor":13,"turns":2},{"damage":9,"enemies":"Large Slime","floor":14,"turns":6},{"damage":56,"enemies":"Hexaghost","floor":16,"turns":9}],"seed_played":"-4675496714316474285","potions_obtained":[{"floor":1,"key":"Weak Potion"},{"floor":6,"key":"Weak Potion"},{"floor":8,"key":"Explosive Potion"},{"floor":12,"key":"Ancient Potion"},{"floor":13,"key":"Ancient Potion"}],"is_trial":false,"path_per_floor":["M","?","M","M","T","E","?","M","T","R","E","M","M","M","R","B"],"character_chosen":"IRONCLAD","items_purchased":[],"campfire_rested":2,"item_purchase_floors":[],"current_hp_per_floor":[80,80,80,80,80,41,41,36,36,60,22,28,34,31,55,0],"gold":302,"neow_bonus":"THREE_ENEMY_KILL","is_prod":false,"is_daily":false,"chose_seed":false,"campfire_upgraded":0,"win_rate":0.0,"timestamp":1568178687,"path_taken":["M","?","M","M","?","E","?","M","T","R","E","M","M","M","R","BOSS"],"build_version":"2019-07-17","purchased_purges":0,"victory":false,"max_hp_per_floor":[80,80,80,80,80,80,80,80,80,80,80,80,80,80,80,80],"card_choices":[{"not_picked":["Armaments","Clothesline"],"picked":"Pommel Strike","floor":1},{"not_picked":["Armaments","Battle Trance"],"picked":"Sever Soul","floor":3},{"not_picked":["Body Slam","Sever Soul"],"picked":"Intimidate","floor":4},{"not_picked":["Bludgeon","Infernal Blade"],"picked":"Searing Blow","floor":6},{"not_picked":["Flex","Pommel Strike"],"picked":"Spot Weakness","floor":8},{"not_picked":["Sword Boomerang","Body Slam"],"picked":"Ghostly Armor","floor":11},{"not_picked":["Spot Weakness","Uppercut"],"picked":"Iron Wave","floor":12},{"not_picked":["Armaments","True Grit"],"picked":"Clash","floor":13},{"not_picked":["Second Wind","True Grit"],"picked":"Perfected Strike","floor":14}],"player_experience":3978,"relics_obtained":[{"floor":5,"key":"Bottled Flame"},{"floor":6,"key":"Mummified Hand"},{"floor":9,"key":"Bag of Marbles"},{"floor":11,"key":"Centennial Puzzle"}],"event_choices":[{"damage_healed":0,"gold_gain":0,"player_choice":"Box","damage_taken":0,"relics_obtained":["Lantern"],"max_hp_gain":0,"max_hp_loss":0,"event_name":"Big Fish","floor":2,"gold_loss":0,"cards_obtained":["Regret"]},{"cards_removed":["Regret"],"damage_healed":0,"gold_gain":0,"player_choice":"Offered Curse","damage_taken":0,"relics_obtained":["Spirit Poop"],"max_hp_gain":0,"max_hp_loss":0,"event_name":"Bonfire Elementals","floor":7,"gold_loss":0}],"is_beta":false,"boss_relics":[],"items_purged_floors":[],"is_endless":false,"potions_floor_spawned":[1,6,8,12,13],"killed_by":"Hexaghost","ascension_level":0}