{"gold_per_floor":[117,42,117,117,136,164,182,182,207,7,21,34,14,41,41,138,138,149,58,75,88,3,3,34,34,34,34,59,59,94,19,19,115,115,127,0,100,112,112,445,445,445,445,464,154,154,172,189,189,189],"floor_reached":51,"playtime":4133,"items_purged":["Decay","Pain","Strike_R","Strike_R"],"score":1006,"play_id":"1517bf9b-47a1-49dd-af33-dbf28c20f90a","local_time":"20191013030151","is_ascension_mode":true,"campfire_choices":[{"data":"Shockwave","floor":8.0,"key":"SMITH"},{"data":"Rampage","floor":15.0,"key":"SMITH"},{"data":"Corruption","floor":23.0,"key":"SMITH"},{"floor":25.0,"key":"REST"},{"data":"Bludgeon","floor":27.0,"key":"SMITH"},{"data":"Flex","floor":32.0,"key":"SMITH"},{"data":"1","floor":41,"key":"LIFT"},{"data":"2","floor":46,"key":"LIFT"},{"data":"3","floor":49,"key":"LIFT"}],"neow_cost":"CURSE","seed_source_timestamp":177560128515400,"circlet_count":0,"master_deck":["Strike_R","Strike_R","Strike_R","Defend_R+1","Defend_R","Defend_R","Defend_R","Bash","Rampage+1","Shockwave+1","Shrug It Off","Exhume","Corruption+1","Dark Embrace","Flame Barrier+1","Ghostly Armor+1","Dropkick","Bludgeon+1","Reaper+1","Whirlwind+1","Fire Breathing+1","Flex+1","Exhume","Pain","Shame","Injury","Pummel+1","Seeing Red+1","Metamorphosis","Discovery","Madness","Madness","Headbutt+1","Shockwave","Seeing Red+1"],"special_seed":0,"relics":["Black Blood","FossilizedHelix","WarpedTongs","Ancient Tea Set","Pen Nib","Membership Card","Champion Belt","Darkstone Periapt","Mercury Hourglass","Molten Egg 2","War Paint","Boot","Calling Bell","Bronze Scales","Mummified Hand","Girya","Red Mask","Old Coin","Omamori","Lantern","Frozen Eye"],"potions_floor_usage":[50,50,50],"damage_taken":[{"damage":0.0,"enemies":"Jaw Worm","floor":1.0,"turns":2.0},{"damage":2.0,"enemies":"Cultist","floor":5.0,"turns":3.0},{"damage":13.0,"enemies":"Gremlin Nob","floor":6.0,"turns":4.0},{"damage":2.0,"enemies":"2 Louse","floor":7.0,"turns":3.0},{"damage":2.0,"enemies":"Blue Slaver","floor":11.0,"turns":3.0},{"damage":11.0,"enemies":"Gremlin Gang","floor":12.0,"turns":7.0},{"damage":14.0,"enemies":"Lagavulin","floor":14.0,"turns":9.0},{"damage":45.0,"enemies":"The Guardian","floor":16.0,"turns":13.0},{"damage":20.0,"enemies":"Chosen","floor":18.0,"turns":5.0},{"damage":0.0,"enemies":"3 Byrds","floor":20.0,"turns":4.0},{"damage":34.0,"enemies":"Centurion and Healer","floor":21.0,"turns":11.0},{"damage":32.0,"enemies":"Slavers","floor":24.0,"turns":9.0},{"damage":16.0,"enemies":"Gremlin Leader","floor":28.0,"turns":6.0},{"damage":9.0,"enemies":"Slavers","floor":30.0,"turns":6.0},{"damage":37.0,"enemies":"Champ","floor":33.0,"turns":15.0},{"damage":0.0,"enemies":"Orb Walker","floor":35.0,"turns":2.0},{"damage":27,"enemies":"3 Darklings","floor":38,"turns":4},{"damage":39,"enemies":"Nemesis","floor":40,"turns":5},{"damage":7,"enemies":"Transient","floor":44,"turns":5},{"damage":5,"enemies":"Sphere and 2 Shapes","floor":47,"turns":3},{"damage":31,"enemies":"Writhing Mass","floor":48,"turns":3},{"damage":51,"enemies":"Awakened One","floor":50,"turns":6}],"seed_played":"-3543425015096531335","potions_obtained":[{"floor":1.0,"key":"Dexterity Potion"},{"floor":11.0,"key":"SneckoOil"},{"floor":12.0,"key":"SkillPotion"},{"floor":16.0,"key":"SteroidPotion"},{"floor":18.0,"key":"Swift Potion"},{"floor":20.0,"key":"Fire Potion"},{"floor":24.0,"key":"Block Potion"},{"floor":33.0,"key":"SpeedPotion"},{"floor":38,"key":"BloodPotion"}],"is_trial":false,"path_per_floor":["M","$","?","?","M","E","M","R","T","$","M","M","$","E","R","B",null,"M","$","M","M","?","R","E","R","T","R","E","?","E","$","R","B",null,"M","?","?","M","?","E","R","?","T","M","$","R","M","M","R","B",null],"character_chosen":"IRONCLAD","items_purchased":["Membership Card","Corruption","Flame Barrier","Flex","Lantern","Shockwave","Frozen Eye","PowerPotion"],"campfire_rested":1,"item_purchase_floors":[10,13,19,31,45,45,45,45],"current_hp_per_floor":[78,78,67,67,71,64,68,68,68,68,72,67,67,59,59,20,65,55,55,65,41,41,41,19,43,43,43,37,37,65,65,65,53,91,98,98,98,81,76,54,54,42,42,51,51,51,63,42,42,39],"gold":189,"neow_bonus":"ONE_RARE_RELIC","is_prod":false,"is_daily":false,"chose_seed":false,"campfire_upgraded":5,"win_rate":0,"timestamp":1570928511,"path_taken":["M","$","?","?","M","E","M","R","T","$","M","M","$","E","R","BOSS","M","$","?","M","?","R","E","R","T","R","E","?","E","$","R","BOSS","M","?","?","?","?","E","R","?","T","M","$","R","M","M","R","BOSS"],"build_version":"2019-07-17","purchased_purges":4,"victory":true,"max_hp_per_floor":[80,80,80,80,80,80,80,80,80,80,80,80,80,80,80,80,80,80,80,80,80,80,80,80,80,80,80,80,80,80,80,80,80,98,98,98,98,98,98,98,98,98,98,98,98,98,98,98,98,98],"card_choices":[{"not_picked":["Warcry","Seeing Red"],"picked":"Rampage","floor":1.0},{"not_picked":["Body Slam","True Grit"],"picked":"Shockwave","floor":5.0},{"not_picked":["Headbutt","Flex"],"picked":"Shrug It Off","floor":6.0},{"not_picked":["Heavy Blade","Anger","Wild Strike"],"picked":"SKIP","floor":7.0},{"not_picked":["Thunderclap","Iron Wave","Clash"],"picked":"SKIP","floor":11.0},{"not_picked":["Headbutt","Clash"],"picked":"Exhume","floor":12.0},{"not_picked":["Havoc","Burning Pact","True Grit"],"picked":"SKIP","floor":14.0},{"not_picked":["Exhume","Bludgeon"],"picked":"Dark Embrace","floor":16.0},{"not_picked":["Thunderclap","True Grit","Intimidate"],"picked":"SKIP","floor":18.0},{"not_picked":["Perfected Strike","Sword Boomerang"],"picked":"Ghostly Armor+1","floor":20.0},{"not_picked":["Havoc","Armaments"],"picked":"Dropkick","floor":21.0},{"not_picked":["Perfected Strike","Twin Strike"],"picked":"Bludgeon","floor":24.0},{"not_picked":["Shrug It Off+1","Infernal Blade+1"],"picked":"Reaper+1","floor":28.0},{"not_picked":["Rupture","Bloodletting"],"picked":"Fire Breathing+1","floor":30.0},{"not_picked":["Fiend Fire+1","Bludgeon+1"],"picked":"Exhume","floor":33.0},{"not_picked":["Wild Strike+1","Cleave+1"],"picked":"Pummel+1","floor":35.0},{"not_picked":["Perfected Strike+1","Sword Boomerang+1"],"picked":"Seeing Red+1","floor":38},{"not_picked":["Magnetism","Purity"],"picked":"Metamorphosis","floor":39},{"not_picked":["Purity","Forethought"],"picked":"Discovery","floor":39},{"not_picked":["Twin Strike+1","Havoc+1","Thunderclap+1"],"picked":"SKIP","floor":40},{"not_picked":["Sever Soul+1","Heavy Blade+1"],"picked":"Headbutt+1","floor":44},{"not_picked":["Thunderclap+1","Whirlwind+1","Second Wind"],"picked":"SKIP","floor":47},{"not_picked":["Perfected Strike+1","Spot Weakness"],"picked":"Seeing Red+1","floor":48}],"player_experience":256941,"relics_obtained":[{"floor":6.0,"key":"Ancient Tea Set"},{"floor":9.0,"key":"Pen Nib"},{"floor":14.0,"key":"Champion Belt"},{"floor":24.0,"key":"Mercury Hourglass"},{"floor":26.0,"key":"Molten Egg 2"},{"floor":28.0,"key":"War Paint"},{"floor":30.0,"key":"Boot"},{"floor":34.0,"key":"Bronze Scales"},{"floor":34.0,"key":"Mummified Hand"},{"floor":34.0,"key":"Girya"},{"floor":40,"key":"Old Coin"},{"floor":43,"key":"Omamori"}],"event_choices":[{"damage_healed":0.0,"max_hp_gain":0.0,"max_hp_loss":0.0,"gold_gain":75.0,"event_name":"World of Goop","player_choice":"Gather Gold","floor":3.0,"gold_loss":0.0,"damage_taken":11.0},{"damage_healed":0.0,"max_hp_gain":0.0,"max_hp_loss":0.0,"gold_gain":0.0,"event_name":"Accursed Blacksmith","player_choice":"Rummage","floor":4.0,"gold_loss":0.0,"damage_taken":0.0,"relics_obtained":["WarpedTongs"],"cards_obtained":["Pain"]},{"damage_healed":0.0,"max_hp_gain":0.0,"max_hp_loss":0.0,"gold_gain":0.0,"event_name":"Addict","player_choice":"Obtained Relic","floor":22.0,"gold_loss":85.0,"damage_taken":0.0,"relics_obtained":["Darkstone Periapt"]},{"damage_healed":0.0,"max_hp_gain":0.0,"max_hp_loss":0.0,"gold_gain":0.0,"event_name":"The Library","player_choice":"Read","floor":29.0,"gold_loss":0.0,"damage_taken":0.0,"cards_obtained":["Whirlwind"]},{"damage_healed":0.0,"max_hp_gain":0.0,"max_hp_loss":0.0,"gold_gain":0.0,"event_name":"Tomb of Lord Red Mask","player_choice":"Paid","floor":36.0,"gold_loss":127.0,"damage_taken":0.0,"relics_obtained":["Red Mask"]},{"damage_healed":0.0,"max_hp_gain":0.0,"max_hp_loss":0.0,"gold_gain":100.0,"event_name":"Golden Shrine","player_choice":"Pray","floor":37.0,"gold_loss":0.0,"damage_taken":0.0},{"damage_healed":0,"gold_gain":0,"player_choice":"Memory 2","damage_taken":5,"max_hp_gain":0,"max_hp_loss":0,"event_name":"SensoryStone","floor":39,"gold_loss":0},{"damage_healed":0,"gold_gain":0,"player_choice":"Embrace Madness","damage_taken":12,"max_hp_gain":0,"max_hp_loss":0,"event_name":"Winding Halls","floor":42,"gold_loss":0,"cards_obtained":["Madness","Madness"]}],"is_beta":false,"boss_relics":[{"not_picked":["Pandora\u0027s Box","Runic Pyramid"],"picked":"Black Blood"},{"not_picked":["Velvet Choker","Busted Crown"],"picked":"Calling Bell"}],"items_purged_floors":[2,19,31,45],"is_endless":false,"potions_floor_spawned":[1,11,12,16,18,20,24,33,38,40,44,47],"ascension_level":6}