{"gold_per_floor":[16,33,33,51,51,90,90,129,183,183,203,218,239,262,262,381,444,429,429,154,154,172,203,203,238,238,253,274,66,66],"floor_reached":30,"playtime":1567,"items_purged":["Strike_G+1"],"score":338,"play_id":"2ca75d42-1372-4f42-9851-f23829ede0ab","local_time":"20190812012846","is_ascension_mode":true,"campfire_choices":[{"data":"Slice","floor":7,"key":"SMITH"},{"floor":10,"key":"REST"},{"data":"Footwork","floor":15,"key":"SMITH"},{"floor":24,"key":"REST"}],"neow_cost":"NO_GOLD","seed_source_timestamp":114757830050900,"circlet_count":0,"master_deck":["Strike_G+1","Strike_G+1","Strike_G+1","Defend_G+1","Defend_G+1","Defend_G+1","Defend_G+1","Survivor","Neutralize","Caltrops","Quick Slash+1","Choke","Slice+1","Acrobatics","Footwork+1","Tactician","Deflect","Dagger Throw+1","Burst","Dagger Spray","Deflect","Deadly Poison","Footwork+1","Cloak And Dagger","Backflip","PiercingWail+1","Corpse Explosion","Footwork","Backstab"],"relics":["Ring of the Snake","Golden Idol","Pantograph","Regal Pillow","Snake Skull","Tiny House","Happy Flower","Bag of Preparation","Whetstone","The Courier"],"potions_floor_usage":[6,8,17,23,25,27,30],"damage_taken":[{"damage":3,"enemies":"Jaw Worm","floor":1,"turns":6},{"damage":0,"enemies":"2 Louse","floor":2,"turns":3},{"damage":0,"enemies":"Small Slimes","floor":4,"turns":3},{"damage":32,"enemies":"3 Sentries","floor":6,"turns":8},{"damage":22,"enemies":"Lagavulin","floor":8,"turns":5},{"damage":0,"enemies":"Looter","floor":11,"turns":4},{"damage":4,"enemies":"Red Slaver","floor":12,"turns":5},{"damage":6,"enemies":"Exordium Thugs","floor":13,"turns":4},{"damage":0,"enemies":"Looter","floor":14,"turns":2},{"damage":57,"enemies":"Slime Boss","floor":16,"turns":15},{"damage":24,"enemies":"2 Thieves","floor":18,"turns":4},{"damage":2,"enemies":"Spheric Guardian","floor":22,"turns":6},{"damage":17,"enemies":"Book of Stabbing","floor":23,"turns":7},{"damage":43,"enemies":"Gremlin Leader","floor":25,"turns":9},{"damage":5,"enemies":"Chosen and Byrds","floor":27,"turns":8},{"damage":17,"enemies":"Shelled Parasite and Fungi","floor":28,"turns":7},{"damage":13,"enemies":"Slavers","floor":30,"turns":2}],"seed_played":"5608784148493146501","potions_obtained":[{"floor":2,"key":"Block Potion"},{"floor":6,"key":"FearPotion"},{"floor":8,"key":"Swift Potion"},{"floor":14,"key":"Ancient Potion"},{"floor":16,"key":"Fruit Juice"},{"floor":17,"key":"Block Potion"},{"floor":23,"key":"Swift Potion"},{"floor":27,"key":"Strength Potion"}],"is_trial":false,"path_per_floor":["M","M","?","M","?","E","R","E","T","R","M","M","M","M","R","B",null,"M","?","$","?","M","E","R","E","T","M","M","$","E"],"character_chosen":"THE_SILENT","items_purchased":["Happy Flower","Deadly Poison","Corpse Explosion","Footwork","Backstab"],"campfire_rested":2,"item_purchase_floors":[20,20,29,29,29],"current_hp_per_floor":[67,67,65,65,70,38,38,16,16,52,52,48,42,42,42,10,80,56,56,56,56,54,37,76,33,33,28,11,11,0],"gold":66,"neow_bonus":"REMOVE_TWO","is_prod":false,"is_daily":false,"chose_seed":false,"campfire_upgraded":2,"win_rate":0,"timestamp":1565569726,"path_taken":["M","M","?","M","?","E","R","E","T","R","M","M","M","M","R","BOSS","M","?","$","?","M","E","R","E","T","?","M","?","E"],"build_version":"2019-07-17","purchased_purges":1,"victory":false,"max_hp_per_floor":[70,70,65,65,70,70,70,70,70,70,70,70,70,70,70,70,80,80,80,80,80,80,80,80,80,80,80,80,80,80],"card_choices":[{"not_picked":["Dodge and Roll","Deflect"],"picked":"Caltrops","floor":1},{"not_picked":["Blur","Slice"],"picked":"Quick Slash","floor":2},{"not_picked":["Bane","Reflex"],"picked":"Choke","floor":4},{"not_picked":["Blade Dance","Poisoned Stab"],"picked":"Slice","floor":6},{"not_picked":["Unload","Flying Knee"],"picked":"Acrobatics","floor":8},{"not_picked":["Flying Knee","Prepared"],"picked":"Footwork","floor":11},{"not_picked":["Masterful Stab","Catalyst"],"picked":"Tactician","floor":12},{"not_picked":["Flying Knee","Prepared"],"picked":"Deflect","floor":13},{"not_picked":["Venomology","Footwork"],"picked":"Dagger Throw","floor":14},{"not_picked":["Bullet Time","Night Terror"],"picked":"Burst","floor":16},{"not_picked":["Bane","Poisoned Stab"],"picked":"Dagger Spray","floor":17},{"not_picked":["Outmaneuver","PiercingWail+1"],"picked":"Deflect","floor":18},{"not_picked":["Quick Slash+1","Sucker Punch"],"picked":"Cloak And Dagger","floor":22},{"not_picked":["Predator+1","Wraith Form v2"],"picked":"Backflip","floor":23},{"not_picked":["All Out Attack+1","Bane+1"],"picked":"PiercingWail+1","floor":25},{"not_picked":["Bane","Poisoned Stab","Blade Dance"],"picked":"SKIP","floor":27},{"not_picked":["Masterful Stab","Setup","Slice"],"picked":"SKIP","floor":28}],"player_experience":1784142,"relics_obtained":[{"floor":6,"key":"Pantograph"},{"floor":8,"key":"Regal Pillow"},{"floor":9,"key":"Snake Skull"},{"floor":23,"key":"Bag of Preparation"},{"floor":25,"key":"Whetstone"},{"floor":26,"key":"The Courier"}],"event_choices":[{"damage_healed":0,"gold_gain":0,"player_choice":"Lose Max HP","damage_taken":0,"relics_obtained":["Golden Idol"],"max_hp_gain":0,"max_hp_loss":5,"event_name":"Golden Idol","floor":3,"gold_loss":0},{"damage_healed":0,"gold_gain":0,"player_choice":"Donut","damage_taken":0,"max_hp_gain":5,"max_hp_loss":0,"event_name":"Big Fish","floor":5,"gold_loss":0},{"damage_healed":0,"gold_gain":0,"player_choice":"Simplicity","damage_taken":0,"max_hp_gain":0,"max_hp_loss":0,"event_name":"Back to Basics","floor":19,"gold_loss":0,"cards_upgraded":["Strike_G","Strike_G","Strike_G","Strike_G","Defend_G","Defend_G","Defend_G"]},{"damage_healed":0,"gold_gain":0,"player_choice":"Copied","damage_taken":0,"max_hp_gain":0,"max_hp_loss":0,"event_name":"Duplicator","floor":21,"gold_loss":0,"cards_obtained":["Footwork"]}],"is_beta":false,"boss_relics":[{"not_picked":["Orrery","White Beast Statue"],"picked":"Tiny House"}],"items_purged_floors":[20],"is_endless":false,"potions_floor_spawned":[2,6,8,14,16,22,23,27],"killed_by":"Slavers","ascension_level":4}