{"gold_per_floor":[111,121,196,88,99,99,114,147,147,180,180,204,221,236,236,339,339,339,339,339,339,166,166,166,166],"floor_reached":25,"playtime":735,"items_purged":["Writhe","Strike_R"],"score":256,"play_id":"d3316617-cbd1-44e3-9b5b-88e580898c96","local_time":"20190413233220","is_ascension_mode":true,"campfire_choices":[{"data":"Rampage","floor":6,"key":"SMITH"},{"data":"Rampage","floor":11,"key":"SMITH"},{"data":"Thunderclap","floor":15,"key":"SMITH"},{"data":"Immolate","floor":24,"key":"SMITH"}],"neow_cost":"CURSE","seed_source_timestamp":1833267913916900,"circlet_count":0,"master_deck":["Strike_R","Strike_R","Strike_R","Strike_R","Defend_R","Defend_R","Defend_R","Defend_R","Bash","Rampage+1","Twin Strike","Flame Barrier","Rampage+1","Pommel Strike","Thunderclap+1","Shrug It Off+1","Armaments+1","Immolate+1","Flame Barrier+1","Cleave+1","Rage+1","Spot Weakness+1","Spot Weakness+1"],"relics":["Burning Blood","StoneCalendar","Question Card","Darkstone Periapt","Toxic Egg 2","Odd Mushroom","Ectoplasm","Oddly Smooth Stone","Regal Pillow"],"potions_floor_usage":[5,12,16,16,16],"damage_taken":[{"damage":6,"enemies":"2 Louse","floor":1,"turns":3},{"damage":6,"enemies":"Cultist","floor":2,"turns":4},{"damage":1,"enemies":"Small Slimes","floor":5,"turns":2},{"damage":8,"enemies":"Blue Slaver","floor":7,"turns":5},{"damage":20,"enemies":"Gremlin Nob","floor":8,"turns":4},{"damage":13,"enemies":"3 Sentries","floor":10,"turns":7},{"damage":4,"enemies":"The Mushroom Lair","floor":12,"turns":4},{"damage":6,"enemies":"Red Slaver","floor":13,"turns":4},{"damage":11,"enemies":"Looter","floor":14,"turns":3},{"damage":28,"enemies":"Hexaghost","floor":16,"turns":9},{"damage":4,"enemies":"3 Byrds","floor":18,"turns":2},{"damage":0,"enemies":"Chosen","floor":19,"turns":6},{"damage":23,"enemies":"Snake Plant","floor":21,"turns":4},{"damage":37,"enemies":"Book of Stabbing","floor":23,"turns":7},{"damage":36,"enemies":"Cultist and Chosen","floor":25,"turns":6}],"seed_played":"3668105241764650439","potions_obtained":[{"floor":2,"key":"Explosive Potion"},{"floor":8,"key":"FearPotion"},{"floor":10,"key":"Block Potion"},{"floor":12,"key":"Explosive Potion"},{"floor":13,"key":"Poison Potion"},{"floor":18,"key":"SteroidPotion"}],"is_trial":false,"path_per_floor":["M","M","?","$","M","R","M","E","T","E","R","?","M","M","R","B",null,"M","M","?","M","$","E","R","M"],"character_chosen":"IRONCLAD","items_purchased":["Flame Barrier","Spot Weakness+1"],"campfire_rested":0,"item_purchase_floors":[4,22],"current_hp_per_floor":[80,80,72,72,77,77,75,61,61,54,54,56,56,51,51,29,80,80,80,80,63,63,32,32,0],"gold":166,"neow_bonus":"ONE_RARE_RELIC","is_prod":false,"is_daily":false,"chose_seed":false,"campfire_upgraded":4,"win_rate":0,"timestamp":1555187540,"path_taken":["M","M","?","?","?","R","?","E","T","E","R","?","M","M","R","BOSS","M","M","?","?","$","E","R","M"],"build_version":"2019-01-23","purchased_purges":2,"victory":false,"max_hp_per_floor":[80,80,80,80,80,80,80,80,80,80,80,80,80,80,80,80,80,80,80,80,80,80,80,80,80],"card_choices":[{"not_picked":["Anger","Twin Strike"],"picked":"Rampage","floor":1},{"not_picked":["Heavy Blade","Anger"],"picked":"Twin Strike","floor":2},{"not_picked":["Heavy Blade","Feel No Pain","Sword Boomerang"],"picked":"SKIP","floor":5},{"not_picked":["Clothesline","Intimidate"],"picked":"Rampage","floor":7},{"not_picked":["Dual Wield","Sentinel"],"picked":"Pommel Strike","floor":8},{"not_picked":["Feel No Pain","Whirlwind","Warcry"],"picked":"Thunderclap","floor":10},{"not_picked":["Battle Trance+1","Warcry+1","Clothesline"],"picked":"Shrug It Off+1","floor":13},{"not_picked":["Carnage","Anger","Double Tap+1"],"picked":"Armaments+1","floor":14},{"not_picked":["Demon Form","Exhume+1","Berserk"],"picked":"Immolate","floor":16},{"not_picked":["Combust","Warcry+1","Heavy Blade+1"],"picked":"Flame Barrier+1","floor":18},{"not_picked":["Power Through+1","Iron Wave","Anger+1"],"picked":"Cleave+1","floor":19},{"not_picked":["Wild Strike+1","Reckless Charge","Heavy Blade"],"picked":"Rage+1","floor":21},{"not_picked":["Burning Pact+1","Hemokinesis+1","Dropkick"],"picked":"Spot Weakness+1","floor":23}],"player_experience":277428,"relics_obtained":[{"floor":8,"key":"Question Card"},{"floor":9,"key":"Darkstone Periapt"},{"floor":10,"key":"Toxic Egg 2"},{"floor":12,"key":"Odd Mushroom"},{"floor":23,"key":"Regal Pillow"}],"event_choices":[{"damage_healed":0,"gold_gain":75,"player_choice":"Touch","damage_taken":8,"max_hp_gain":0,"max_hp_loss":0,"event_name":"FaceTrader","floor":3,"gold_loss":0},{"damage_healed":0,"gold_gain":0,"player_choice":"Fought Mushrooms","damage_taken":0,"max_hp_gain":0,"max_hp_loss":0,"event_name":"Mushrooms","floor":12,"gold_loss":0},{"damage_healed":0,"gold_gain":0,"player_choice":"Gave Potion","damage_taken":0,"relics_obtained":["Oddly Smooth Stone"],"max_hp_gain":0,"max_hp_loss":0,"event_name":"WeMeetAgain","floor":20,"gold_loss":0}],"is_beta":false,"boss_relics":[{"not_picked":["Eternal Feather","Lizard Tail"],"picked":"Ectoplasm"}],"items_purged_floors":[4,22],"is_endless":false,"potions_floor_spawned":[2,8,10,12,13,18],"killed_by":"Cultist and Chosen","ascension_level":2}