{"gold_per_floor":[366,385,462,39,39,39,74,74,122,135,165,2,2,13,13,108,108,121,34,52,64,64,64,143,18,94,94,111,127,127,146,146,250,250,263,263],"floor_reached":36,"playtime":4039,"items_purged":["Strike_G"],"score":387,"play_id":"df0d480d-4f79-4f21-af2d-902dae3a253e","local_time":"20191005032456","is_ascension_mode":false,"campfire_choices":[{"floor":6.0,"key":"REST"},{"floor":8.0,"key":"REST"},{"data":"Rampage","floor":13.0,"key":"SMITH"},{"data":"Chrysalis","floor":15.0,"key":"SMITH"},{"floor":23,"key":"REST"},{"floor":27,"key":"REST"},{"floor":30,"key":"REST"},{"floor":32,"key":"REST"}],"neow_cost":"PERCENT_DAMAGE","seed_source_timestamp":105068515657400,"circlet_count":0,"master_deck":["Survivor","Neutralize","All Out Attack","Backstab","Reflex","Infinite Blades","Leap","Rampage+1","Chrysalis+1","Shrug It Off","Demon Form","PiercingWail","Double Energy","Heavy Blade","Flash of Steel","Flying Knee+1","Accuracy","Dagger Throw","Rebound","Deflect","Bandage Up","Well Laid Plans","Prepared","Inflame","Limit Break","Infinite Blades","Phantasmal Killer","Crippling Poison","Endless Agony","Masterful Stab","Blur","Eviscerate","A Thousand Cuts","Venomology","Stack"],"special_seed":0,"relics":["Ring of the Snake","PrismaticShard","Blood Vial","Strawberry","Gremlin Horn","Orrery","MutagenicStrength","Dodecahedron","Singing Bowl","Pandora\u0027s Box"],"potions_floor_usage":[21,29,33,35,35,36,36],"damage_taken":[{"damage":0.0,"enemies":"Small Slimes","floor":1.0,"turns":6.0},{"damage":0.0,"enemies":"Jaw Worm","floor":2.0,"turns":5.0},{"damage":25.0,"enemies":"3 Sentries","floor":7.0,"turns":8.0},{"damage":0.0,"enemies":"2 Louse","floor":10.0,"turns":2.0},{"damage":0.0,"enemies":"Exordium Thugs","floor":14.0,"turns":6.0},{"damage":11.0,"enemies":"Slime Boss","floor":16.0,"turns":11.0},{"damage":14.0,"enemies":"Shell Parasite","floor":18.0,"turns":6.0},{"damage":23.0,"enemies":"3 Byrds","floor":20.0,"turns":6.0},{"damage":11,"enemies":"Snake Plant","floor":21,"turns":5},{"damage":41,"enemies":"Shelled Parasite and Fungi","floor":28,"turns":6},{"damage":9,"enemies":"3 Cultists","floor":29,"turns":6},{"damage":26,"enemies":"Centurion and Healer","floor":31,"turns":8},{"damage":47,"enemies":"Collector","floor":33,"turns":11},{"damage":31,"enemies":"3 Shapes","floor":35,"turns":4},{"damage":69,"enemies":"3 Darklings","floor":36,"turns":5}],"seed_played":"6873242598536989379","potions_obtained":[{"floor":1.0,"key":"Weak Potion"},{"floor":10.0,"key":"PowerPotion"},{"floor":14.0,"key":"Poison Potion"},{"floor":18.0,"key":"SpeedPotion"},{"floor":21,"key":"Poison Potion"},{"floor":28,"key":"GhostInAJar"},{"floor":33,"key":"Strength Potion"},{"floor":35,"key":"Fruit Juice"}],"is_trial":false,"path_per_floor":["M","M","?","$","?","R","E","R","T","M","?","$","R","M","R","B",null,"M","$","M","M","?","R","T","$","T","R","M","M","R","M","R","B",null,"M","M"],"character_chosen":"THE_SILENT","items_purchased":["Reflex","PrismaticShard","Infinite Blades","Chrysalis","Accuracy","Dagger Throw","Bandage Up","Well Laid Plans"],"campfire_rested":6,"item_purchase_floors":[4,4,4,12,19,19,25,25],"current_hp_per_floor":[49,49,49,49,49,70,45,66,73,75,75,75,75,77,77,66,77,63,63,42,33,33,56,56,56,56,77,40,39,62,42,65,24,79,52,0],"gold":263,"neow_bonus":"TWO_FIFTY_GOLD","is_prod":false,"is_daily":false,"chose_seed":false,"campfire_upgraded":2,"win_rate":0,"timestamp":1570267496,"path_taken":["M","M","?","$","?","R","E","R","T","M","?","$","R","?","R","BOSS","M","$","M","M","?","R","?","$","T","R","?","?","R","M","R","BOSS","M","M"],"build_version":"2019-07-17","purchased_purges":1,"victory":false,"max_hp_per_floor":[70,70,70,70,70,70,70,70,77,77,77,77,77,77,77,77,77,77,77,77,77,77,77,77,77,77,77,77,79,79,79,79,79,79,79,84],"card_choices":[{"not_picked":["Poisoned Stab","Eviscerate"],"picked":"All Out Attack","floor":1.0},{"not_picked":["Blade Dance","Cloak And Dagger"],"picked":"Backstab","floor":2.0},{"not_picked":["Dodge and Roll","Steam"],"picked":"Leap","floor":7.0},{"not_picked":["Anger","Consume"],"picked":"Rampage","floor":10.0},{"not_picked":["Corruption","Clothesline"],"picked":"Shrug It Off","floor":14.0},{"not_picked":["Reaper","Electrodynamics"],"picked":"Demon Form","floor":16.0},{"not_picked":["Flex","Compile Driver"],"picked":"PiercingWail","floor":17.0},{"not_picked":["Storm","Iron Wave"],"picked":"Double Energy","floor":17.0},{"not_picked":["Glacier","Hologram"],"picked":"Heavy Blade","floor":17.0},{"not_picked":["Dash","Flex"],"picked":"Flash of Steel","floor":17.0},{"not_picked":["Armaments","Cold Snap"],"picked":"Flying Knee+1","floor":18.0},{"not_picked":["Biased Cognition","Deadly Poison"],"picked":"Rebound","floor":20.0},{"not_picked":["Leg Sweep","Compile Driver"],"picked":"Deflect","floor":21},{"not_picked":["Iron Wave","Flex+1"],"picked":"Prepared","floor":28},{"not_picked":["Cold Snap","Pommel Strike","Lockon"],"picked":"Singing Bowl","floor":29},{"not_picked":["Setup","Leg Sweep"],"picked":"Inflame","floor":31},{"not_picked":["Secret Weapon","Offering"],"picked":"Limit Break","floor":33},{"not_picked":["Sweeping Beam+1","Recycle"],"picked":"Stack","floor":35}],"player_experience":351715,"relics_obtained":[{"floor":7.0,"key":"Blood Vial"},{"floor":9.0,"key":"Strawberry"},{"floor":24,"key":"Dodecahedron"},{"floor":26,"key":"Singing Bowl"}],"event_choices":[{"damage_healed":0.0,"max_hp_gain":0.0,"max_hp_loss":0.0,"gold_gain":77.0,"event_name":"Golden Wing","player_choice":"Gained Gold","floor":3.0,"gold_loss":0.0,"damage_taken":0.0},{"damage_healed":0.0,"max_hp_gain":0.0,"max_hp_loss":0.0,"gold_gain":0.0,"event_name":"Shining Light","player_choice":"Ignored","floor":5.0,"gold_loss":0.0,"damage_taken":0.0},{"damage_healed":0.0,"max_hp_gain":0.0,"max_hp_loss":0.0,"gold_gain":30.0,"event_name":"Dead Adventurer","player_choice":"Searched \u00272\u0027 times","floor":11.0,"gold_loss":0.0,"damage_taken":0.0,"relics_obtained":["Gremlin Horn"]},{"damage_healed":0,"gold_gain":0,"player_choice":"Inject Mutagens","damage_taken":0,"relics_obtained":["MutagenicStrength"],"max_hp_gain":0,"max_hp_loss":0,"event_name":"Drug Dealer","floor":22,"gold_loss":0}],"is_beta":false,"boss_relics":[{"not_picked":["WristBlade","Philosopher\u0027s Stone"],"picked":"Orrery"},{"not_picked":["Ring of the Serpent","Calling Bell"],"picked":"Pandora\u0027s Box"}],"items_purged_floors":[4],"is_endless":false,"potions_floor_spawned":[1,10,14,18,21,28,33,35],"killed_by":"3 Darklings","ascension_level":0}