{"gold_per_floor":[17,35,35,45,45,45,77,77,149,165,165,197,217,217,217,337,337,360,285,285,77,77,121,144,183,183,183,219,219,73,116,116,244,244,260,278,611,622,572,572,601,601,601,601,636,653,586,603,603,603,603,603,210,242,242],"floor_reached":56,"playtime":2809,"items_purged":["Spot Weakness"],"score":1737,"play_id":"d4c86825-0473-4ab3-8817-4b600be0fafe","local_time":"20190811153540","is_ascension_mode":true,"campfire_choices":[{"floor":6,"key":"DIG"},{"floor":8,"key":"DIG"},{"data":"Spot Weakness","floor":11,"key":"SMITH"},{"floor":15,"key":"DIG"},{"data":"Limit Break","floor":27,"key":"SMITH"},{"data":"Body Slam","floor":32,"key":"SMITH"},{"data":"Shockwave","floor":40,"key":"SMITH"},{"floor":42,"key":"RECALL"},{"floor":44,"key":"DIG"},{"floor":49,"key":"DIG"},{"floor":52,"key":"DIG"}],"neow_cost":"NO_GOLD","seed_source_timestamp":77911060223800,"circlet_count":0,"master_deck":["Bash","True Grit+1","Spot Weakness+1","Iron Wave","Barricade+1","Feel No Pain+1","Metallicize+1","Headbutt","Feed","Limit Break+1","Double Tap+1","Clothesline","Body Slam+1","Fire Breathing+1","Shockwave+1","Flame Barrier","Feel No Pain+1","Shrug It Off+1","Reaper","Disarm+1","Warcry+1","Bloodletting+1","Metallicize+1","Iron Wave+1","Shrug It Off+1","Rupture+1","Shrug It Off+1","Inflame+1","Corruption+1"],"relics":["Burning Blood","Shovel","Pen Nib","Frozen Egg 2","Centennial Puzzle","Letter Opener","Lantern","Smiling Mask","Pandora\u0027s Box","Mummified Hand","Medical Kit","Regal Pillow","Thread and Needle","Mercury Hourglass","Paper Frog","Bag of Preparation","Ancient Tea Set","Runic Pyramid","Prayer Wheel","War Paint","Pear","Sundial","Kunai","Pantograph","Art of War"],"potions_floor_usage":[12,33,55,55,55],"damage_taken":[{"damage":4,"enemies":"2 Louse","floor":1,"turns":4},{"damage":0,"enemies":"Jaw Worm","floor":2,"turns":3},{"damage":2,"enemies":"Small Slimes","floor":4,"turns":5},{"damage":18,"enemies":"Gremlin Nob","floor":7,"turns":4},{"damage":3,"enemies":"Looter","floor":10,"turns":3},{"damage":13,"enemies":"3 Sentries","floor":12,"turns":11},{"damage":2,"enemies":"Exordium Wildlife","floor":13,"turns":3},{"damage":22,"enemies":"The Guardian","floor":16,"turns":10},{"damage":0,"enemies":"Chosen","floor":18,"turns":8},{"damage":29,"enemies":"Slavers","floor":23,"turns":4},{"damage":12,"enemies":"Shell Parasite","floor":24,"turns":3},{"damage":13,"enemies":"Book of Stabbing","floor":25,"turns":4},{"damage":0,"enemies":"Gremlin Leader","floor":28,"turns":8},{"damage":8,"enemies":"Slavers","floor":31,"turns":6},{"damage":9,"enemies":"Automaton","floor":33,"turns":10},{"damage":4,"enemies":"3 Darklings","floor":35,"turns":5},{"damage":14,"enemies":"Orb Walker","floor":36,"turns":4},{"damage":8,"enemies":"Sphere and 2 Shapes","floor":38,"turns":5},{"damage":0,"enemies":"Reptomancer","floor":41,"turns":5},{"damage":3,"enemies":"Nemesis","floor":45,"turns":3},{"damage":11,"enemies":"Transient","floor":46,"turns":5},{"damage":3,"enemies":"Spire Growth","floor":48,"turns":3},{"damage":12,"enemies":"Donu and Deca","floor":50,"turns":7},{"damage":38,"enemies":"Shield and Spear","floor":54,"turns":6},{"damage":10,"enemies":"The Heart","floor":55,"turns":6}],"seed_played":"-8626257943871893859","potions_obtained":[{"floor":7,"key":"EssenceOfSteel"},{"floor":10,"key":"FearPotion"},{"floor":16,"key":"Strength Potion"},{"floor":23,"key":"Dexterity Potion"},{"floor":31,"key":"EssenceOfSteel"},{"floor":36,"key":"EssenceOfSteel"},{"floor":41,"key":"PowerPotion"}],"is_trial":false,"path_per_floor":["M","M","?","M","?","R","E","R","T","M","R","E","M","?","R","B",null,"M","?","T","$","$","E","M","E","T","R","E","?","$","E","R","B",null,"M","M","?","M","$","R","E","R","T","R","E","M","$","M","R","B",null,"R","$","E","B",null],"character_chosen":"IRONCLAD","items_purchased":["Medical Kit","Bag of Preparation","Rupture+1","Inflame+1","Pantograph","EssenceOfSteel"],"campfire_rested":0,"item_purchase_floors":[21,30,47,53,53,53],"current_hp_per_floor":[80,80,85,85,85,85,73,73,73,76,76,69,73,52,52,36,85,85,85,85,85,85,65,59,52,52,52,61,61,61,62,62,62,97,100,103,103,106,106,106,106,106,106,106,116,111,111,114,114,119,119,119,119,90,125],"gold":242,"neow_bonus":"ONE_RARE_RELIC","is_prod":false,"is_daily":false,"chose_seed":false,"campfire_upgraded":4,"win_rate":0,"timestamp":1565534140,"path_taken":["M","M","?","M","?","R","E","R","T","M","R","E","?","?","R","BOSS","M","?","?","?","$","E","M","E","T","R","E","?","?","E","R","BOSS","M","M","?","M","$","R","E","R","T","R","E","M","$","M","R","BOSS","R","$","E","BOSS"],"build_version":"2019-07-17","purchased_purges":1,"victory":true,"max_hp_per_floor":[80,80,85,85,85,85,85,85,85,85,85,85,85,85,85,85,85,85,85,85,85,85,88,88,88,88,88,91,91,91,94,94,97,97,100,103,103,106,106,106,106,106,106,106,116,116,116,116,116,119,119,119,119,122,125],"card_choices":[{"not_picked":["Thunderclap","Armaments"],"picked":"True Grit","floor":1},{"not_picked":["Combust","Warcry"],"picked":"Spot Weakness","floor":2},{"not_picked":["Clothesline","Body Slam"],"picked":"Iron Wave","floor":4},{"not_picked":["Fiend Fire","Clothesline"],"picked":"Barricade","floor":7},{"not_picked":["Heavy Blade","Flex"],"picked":"Feel No Pain+1","floor":10},{"not_picked":["Flex","Battle Trance"],"picked":"Metallicize+1","floor":12},{"not_picked":["Rampage","Sword Boomerang"],"picked":"Headbutt","floor":13},{"not_picked":["Demon Form+1","Bludgeon"],"picked":"Feed","floor":16},{"not_picked":["Iron Wave","Flex+1","Havoc"],"picked":"SKIP","floor":18},{"not_picked":["Hemokinesis+1","Iron Wave","Cleave"],"picked":"SKIP","floor":23},{"not_picked":["Armaments","Perfected Strike+1","True Grit"],"picked":"SKIP","floor":24},{"not_picked":["Armaments","Perfected Strike+1","True Grit"],"picked":"SKIP","floor":24},{"not_picked":["Double Tap","Dropkick","Headbutt"],"picked":"SKIP","floor":25},{"not_picked":["Bloodletting","Clash+1"],"picked":"Feel No Pain+1","floor":28},{"not_picked":["Pommel Strike","Limit Break"],"picked":"Shrug It Off","floor":31},{"not_picked":["Double Tap","Immolate"],"picked":"Reaper","floor":33},{"not_picked":["Warcry+1","Flex"],"picked":"Disarm+1","floor":35},{"not_picked":["Dual Wield","Sentinel"],"picked":"Warcry+1","floor":36},{"not_picked":["Searing Blow+1","Limit Break"],"picked":"Bloodletting+1","floor":38},{"not_picked":["Reckless Charge+1","Heavy Blade"],"picked":"Metallicize+1","floor":41},{"not_picked":["Clothesline+1","Clash+1","Combust+1"],"picked":"SKIP","floor":45},{"not_picked":["Battle Trance","Anger+1"],"picked":"Iron Wave+1","floor":46},{"not_picked":["Pommel Strike+1","Battle Trance+1"],"picked":"Shrug It Off+1","floor":46},{"not_picked":["Heavy Blade","Warcry"],"picked":"Shrug It Off+1","floor":48},{"not_picked":["Clash+1","Carnage+1","Bloodletting+1"],"picked":"SKIP","floor":48},{"not_picked":["Reckless Charge","Metallicize+1"],"picked":"Corruption+1","floor":54}],"player_experience":1781333,"relics_obtained":[{"floor":6,"key":"Pen Nib"},{"floor":7,"key":"Frozen Egg 2"},{"floor":8,"key":"Centennial Puzzle"},{"floor":9,"key":"Letter Opener"},{"floor":12,"key":"Lantern"},{"floor":15,"key":"Smiling Mask"},{"floor":20,"key":"Mummified Hand"},{"floor":23,"key":"Regal Pillow"},{"floor":25,"key":"Thread and Needle"},{"floor":26,"key":"Mercury Hourglass"},{"floor":28,"key":"Paper Frog"},{"floor":31,"key":"Ancient Tea Set"},{"floor":41,"key":"Prayer Wheel"},{"floor":44,"key":"War Paint"},{"floor":45,"key":"Pear"},{"floor":49,"key":"Sundial"},{"floor":52,"key":"Kunai"},{"floor":54,"key":"Art of War"}],"event_choices":[{"damage_healed":0,"gold_gain":0,"player_choice":"Donut","damage_taken":0,"max_hp_gain":5,"max_hp_loss":0,"event_name":"Big Fish","floor":3,"gold_loss":0},{"damage_healed":0,"gold_gain":0,"player_choice":"Grow","damage_taken":0,"max_hp_gain":0,"max_hp_loss":0,"event_name":"Living Wall","floor":5,"gold_loss":0,"cards_upgraded":["True Grit"]},{"damage_healed":0,"gold_gain":0,"player_choice":"Take Damage","damage_taken":21,"relics_obtained":["Golden Idol"],"max_hp_gain":0,"max_hp_loss":0,"event_name":"Golden Idol","floor":14,"gold_loss":0},{"cards_removed":["Searing Blow"],"damage_healed":0,"gold_gain":0,"player_choice":"Gave Gold","damage_taken":0,"max_hp_gain":0,"max_hp_loss":0,"event_name":"Beggar","floor":19,"gold_loss":75},{"damage_healed":0,"gold_gain":0,"player_choice":"Ignored","damage_taken":0,"max_hp_gain":0,"max_hp_loss":0,"event_name":"The Mausoleum","floor":29,"gold_loss":0},{"damage_healed":0,"gold_gain":333,"player_choice":"Gave Idol","damage_taken":0,"max_hp_gain":0,"max_hp_loss":0,"event_name":"The Moai Head","floor":37,"relics_lost":["Golden Idol"],"gold_loss":0}],"is_beta":false,"boss_relics":[{"not_picked":["Eternal Feather","Lizard Tail"],"picked":"Pandora\u0027s Box"},{"not_picked":["Astrolabe","Runic Dome"],"picked":"Runic Pyramid"}],"items_purged_floors":[39],"is_endless":false,"potions_floor_spawned":[7,10,16,23,24,31,36,41,46],"ascension_level":4}