{"gold_per_floor":[110,110,110,34,49,78,78,110,110,139,149,149,184,199,199,295,295,306,324,340,358,378,405,480,494,571,1,35,35,35,35,35,133,133,148,370,382,382,482,512,512,529,529,20,20,34,49,65,65,65],"floor_reached":50,"playtime":4586,"items_purged":[],"score":729,"play_id":"e502a804-02fd-44c2-aef1-92dd70b957d1","local_time":"20190916122752","is_ascension_mode":true,"campfire_choices":[{"floor":7,"key":"RECALL"},{"floor":12,"key":"REST"},{"floor":15,"key":"REST"},{"floor":29,"key":"REST"},{"floor":32,"key":"REST"},{"floor":41,"key":"REST"},{"floor":45,"key":"DIG"},{"floor":49,"key":"REST"}],"neow_cost":"TEN_PERCENT_HP_LOSS","seed_source_timestamp":72826826665400,"circlet_count":0,"master_deck":["Strike_G+1","Strike_G+1","Strike_G+1","Defend_G+1","Defend_G+1","Defend_G+1","Defend_G+1","Defend_G+1","Survivor","Neutralize","Deflect","All Out Attack","Deadly Poison+1","Underhanded Strike+1","Cloak And Dagger+1","Distraction+1","Backstab+1","Slice","Envenom","Calculated Gamble+1","Deflect+1","Deadly Poison+1","Backstab","Blade Dance+1","Deflect+1","Dodge and Roll+1","Panache","Crippling Poison+1","Bane","Adrenaline+1","Infinite Blades+1","Predator+1","Predator+1","Doppelganger+1","Deflect+1","Deadly Poison+1","Deadly Poison+1","Acrobatics+1","Well Laid Plans","Dodge and Roll+1","Noxious Fumes","Underhanded Strike"],"relics":["Ring of the Snake","Calipers","Toxic Egg 2","Darkstone Periapt","Boot","Kunai","Potion Belt","Letter Opener","Lizard Tail","Red Mask","Paper Crane","Bottled Tornado","Gremlin Horn","HoveringKite","Prayer Wheel","Shovel","Strange Spoon","Whetstone","Ninja Scroll"],"potions_floor_usage":[10,13,20,21,22,33,33,33,39,46,46,46,48,50,50,50],"damage_taken":[{"damage":0,"enemies":"Small Slimes","floor":1,"turns":4},{"damage":3,"enemies":"Cultist","floor":5,"turns":5},{"damage":9,"enemies":"Lagavulin","floor":6,"turns":7},{"damage":26,"enemies":"3 Sentries","floor":8,"turns":11},{"damage":16,"enemies":"Gremlin Nob","floor":10,"turns":4},{"damage":0,"enemies":"2 Louse","floor":11,"turns":1},{"damage":0,"enemies":"Lagavulin","floor":13,"turns":6},{"damage":0,"enemies":"Red Slaver","floor":14,"turns":2},{"damage":1,"enemies":"Hexaghost","floor":16,"turns":10},{"damage":0,"enemies":"3 Byrds","floor":18,"turns":3},{"damage":4,"enemies":"Chosen","floor":19,"turns":4},{"damage":30,"enemies":"Shelled Parasite and Fungi","floor":20,"turns":5},{"damage":17,"enemies":"Centurion and Healer","floor":21,"turns":6},{"damage":15,"enemies":"Snecko","floor":22,"turns":5},{"damage":0,"enemies":"Masked Bandits","floor":23,"turns":2},{"damage":6,"enemies":"Snake Plant","floor":25,"turns":3},{"damage":0,"enemies":"Gremlin Leader","floor":28,"turns":3},{"damage":1,"enemies":"Collector","floor":33,"turns":8},{"damage":14,"enemies":"Orb Walker","floor":35,"turns":3},{"damage":5,"enemies":"3 Shapes","floor":37,"turns":3},{"damage":0,"enemies":"Mind Bloom Boss Battle","floor":39,"turns":8},{"damage":14,"enemies":"Nemesis","floor":40,"turns":6},{"damage":19,"enemies":"Maw","floor":42,"turns":6},{"damage":15,"enemies":"Spire Growth","floor":46,"turns":4},{"damage":0,"enemies":"Sphere and 2 Shapes","floor":47,"turns":3},{"damage":6,"enemies":"Jaw Worm Horde","floor":48,"turns":3},{"damage":42,"enemies":"Donu and Deca","floor":50,"turns":6}],"seed_played":"-3011843985697675782","potions_obtained":[{"floor":6,"key":"Strength Potion"},{"floor":11,"key":"Weak Potion"},{"floor":16,"key":"AttackPotion"},{"floor":19,"key":"SpeedPotion"},{"floor":21,"key":"Explosive Potion"},{"floor":25,"key":"Swift Potion"},{"floor":28,"key":"SkillPotion"},{"floor":37,"key":"SkillPotion"},{"floor":39,"key":"SteroidPotion"},{"floor":40,"key":"SteroidPotion"},{"floor":47,"key":"Explosive Potion"},{"floor":48,"key":"Explosive Potion"}],"is_trial":false,"path_per_floor":["M","?","?","?","M","E","R","E","T","E","M","R","E","M","R","B",null,"M","M","M","M","M","?","?","M","T","$","E","R","?","?","R","B",null,"M","?","M","?","?","E","R","M","T","$","R","M","M","M","R","B"],"character_chosen":"THE_SILENT","items_purchased":["Panache","Bottled Tornado","Crippling Poison+1","EssenceOfSteel","Strange Spoon","Dexterity Potion","Block Potion","Weak Potion","Whetstone"],"campfire_rested":6,"item_purchase_floors":[27,27,27,27,44,44,44,44,44],"current_hp_per_floor":[63,56,56,56,53,44,44,18,18,2,2,20,20,20,38,37,63,63,59,29,12,31,31,25,19,19,19,19,37,26,26,46,45,68,54,54,49,49,49,35,55,36,36,36,36,21,21,15,35,0],"gold":65,"neow_bonus":"ONE_RARE_RELIC","is_prod":false,"is_daily":false,"chose_seed":false,"campfire_upgraded":0,"win_rate":0,"timestamp":1568662072,"path_taken":["M","?","?","?","M","E","R","E","T","E","M","R","E","M","R","BOSS","M","M","M","M","?","?","?","?","T","$","E","R","?","?","R","BOSS","M","?","M","?","?","E","R","M","T","?","R","M","M","M","R","BOSS"],"build_version":"2019-07-17","purchased_purges":0,"victory":false,"max_hp_per_floor":[63,63,63,63,63,63,63,63,63,63,63,63,63,63,63,63,63,63,63,63,63,63,63,63,63,63,63,63,63,68,68,68,68,68,68,68,68,68,68,68,68,68,68,68,68,68,68,68,68,68],"card_choices":[{"not_picked":["Skewer","Sucker Punch"],"picked":"Deflect","floor":1},{"not_picked":["Flying Knee","Acrobatics+1"],"picked":"Deadly Poison+1","floor":5},{"not_picked":["Footwork","Die Die Die"],"picked":"Underhanded Strike","floor":6},{"not_picked":["Prepared+1","Outmaneuver+1"],"picked":"Cloak And Dagger+1","floor":8},{"not_picked":["Poisoned Stab","Predator"],"picked":"Distraction+1","floor":10},{"not_picked":["Sucker Punch","Dash"],"picked":"Dagger Throw","floor":11},{"not_picked":["Flechettes","Venomology+1"],"picked":"Backstab","floor":13},{"not_picked":["Masterful Stab","Well Laid Plans"],"picked":"Slice","floor":14},{"not_picked":["Night Terror+1","Die Die Die"],"picked":"Envenom","floor":16},{"not_picked":["Dash","Predator"],"picked":"Calculated Gamble+1","floor":18},{"not_picked":["Expertise+1","Dagger Spray"],"picked":"Deflect+1","floor":19},{"not_picked":["Finisher","Backflip+1"],"picked":"Deadly Poison+1","floor":20},{"not_picked":["Infinite Blades","Underhanded Strike"],"picked":"Backstab","floor":21},{"not_picked":["Quick Slash","PiercingWail+1"],"picked":"Blade Dance+1","floor":22},{"not_picked":["Dagger Spray","Night Terror+1"],"picked":"Deflect+1","floor":23},{"not_picked":["Bane","Dagger Spray+1"],"picked":"Dodge and Roll+1","floor":25},{"not_picked":["Dagger Throw","Choke"],"picked":"Bane","floor":28},{"not_picked":["Wraith Form v2","Die Die Die"],"picked":"Adrenaline+1","floor":33},{"not_picked":["Quick Slash","Leg Sweep+1"],"picked":"Infinite Blades+1","floor":35},{"not_picked":["Sucker Punch","Flying Knee+1"],"picked":"Predator+1","floor":37},{"not_picked":["Quick Slash","Dagger Throw"],"picked":"Predator+1","floor":39},{"not_picked":["PiercingWail+1","Deflect+1"],"picked":"Doppelganger+1","floor":40},{"not_picked":["Terror+1","Die Die Die"],"picked":"Deflect+1","floor":42},{"not_picked":["Sucker Punch+1","Choke+1"],"picked":"Deadly Poison+1","floor":42},{"not_picked":["Dodge and Roll+1","Bane"],"picked":"Deadly Poison+1","floor":46},{"not_picked":["PiercingWail+1","Blade Dance+1"],"picked":"Acrobatics+1","floor":46},{"not_picked":["PiercingWail+1","Poisoned Stab"],"picked":"Well Laid Plans","floor":47},{"not_picked":["Underhanded Strike+1","Flechettes+1"],"picked":"Dodge and Roll+1","floor":47},{"not_picked":["Deflect+1","Distraction+1"],"picked":"Noxious Fumes","floor":48},{"not_picked":["Tools of the Trade","PiercingWail+1"],"picked":"Underhanded Strike","floor":48}],"player_experience":83024,"relics_obtained":[{"floor":6,"key":"Darkstone Periapt"},{"floor":8,"key":"Boot"},{"floor":9,"key":"Kunai"},{"floor":10,"key":"Potion Belt"},{"floor":13,"key":"Letter Opener"},{"floor":23,"key":"Red Mask"},{"floor":26,"key":"Paper Crane"},{"floor":28,"key":"Gremlin Horn"},{"floor":39,"key":"Prayer Wheel"},{"floor":40,"key":"Shovel"},{"floor":45,"key":"Ninja Scroll"}],"event_choices":[{"cards_removed":["Strike_G"],"damage_healed":0,"gold_gain":0,"player_choice":"Card Removal","damage_taken":7,"max_hp_gain":0,"max_hp_loss":0,"event_name":"Golden Wing","floor":2,"gold_loss":0},{"damage_healed":0,"gold_gain":0,"cards_transformed":["Strike_G"],"player_choice":"Change","damage_taken":0,"max_hp_gain":0,"max_hp_loss":0,"event_name":"Living Wall","floor":3,"gold_loss":0,"cards_obtained":["All Out Attack"]},{"damage_healed":0,"gold_gain":0,"player_choice":"Paid Gold","damage_taken":0,"relics_obtained":["Toxic Egg 2"],"max_hp_gain":0,"max_hp_loss":0,"event_name":"WeMeetAgain","floor":4,"gold_loss":76},{"damage_healed":0,"gold_gain":0,"player_choice":"Fought Bandits","damage_taken":0,"max_hp_gain":0,"max_hp_loss":0,"event_name":"Masked Bandits","floor":23,"gold_loss":0},{"damage_healed":0,"gold_gain":75,"player_choice":"Touch","damage_taken":6,"max_hp_gain":0,"max_hp_loss":0,"event_name":"FaceTrader","floor":24,"gold_loss":0},{"damage_healed":0,"gold_gain":0,"player_choice":"Shed Blood","damage_taken":16,"max_hp_gain":5,"max_hp_loss":0,"event_name":"Forgotten Altar","floor":30,"gold_loss":0},{"damage_healed":0,"gold_gain":0,"player_choice":"Simplicity","damage_taken":0,"max_hp_gain":0,"max_hp_loss":0,"event_name":"Back to Basics","floor":31,"gold_loss":0,"cards_upgraded":["Strike_G","Strike_G","Strike_G","Defend_G","Defend_G","Defend_G","Defend_G","Defend_G"]},{"damage_healed":0,"gold_gain":222,"player_choice":"Wore Mask","damage_taken":0,"max_hp_gain":0,"max_hp_loss":0,"event_name":"Tomb of Lord Red Mask","floor":36,"gold_loss":0},{"cards_removed":["Dagger Throw"],"damage_healed":0,"gold_gain":0,"player_choice":"Removed Attack","damage_taken":0,"max_hp_gain":0,"max_hp_loss":0,"event_name":"Falling","floor":38,"gold_loss":0},{"damage_healed":0,"gold_gain":0,"player_choice":"Fight","damage_taken":0,"max_hp_gain":0,"max_hp_loss":0,"event_name":"MindBloom","floor":39,"gold_loss":0}],"is_beta":false,"boss_relics":[{"not_picked":["Eternal Feather","Velvet Choker"],"picked":"Lizard Tail"},{"not_picked":["Runic Pyramid","Philosopher\u0027s Stone"],"picked":"HoveringKite"}],"items_purged_floors":[],"is_endless":false,"potions_floor_spawned":[6,11,16,19,21,25,28,37,39,40,47,48],"killed_by":"Donu and Deca","ascension_level":2}