{"gold_per_floor":[118,138,26,39,49,49,68,84,84,84,84,84,107,120,120,245,245,260,185,155,85,109,19,35,35],"floor_reached":25,"playtime":2598,"items_purged":["Defend_R"],"score":199,"play_id":"6ac7c93c-5ccb-45e1-85ad-52e30b9206cb","local_time":"20191024025928","is_ascension_mode":false,"campfire_choices":[{"data":"Sentinel","floor":6,"key":"SMITH"},{"floor":11,"key":"REST"},{"data":"Demon Form","floor":15,"key":"SMITH"}],"neow_cost":"NONE","seed_source_timestamp":282739008083200,"circlet_count":0,"master_deck":["Strike_R","Strike_R","Strike_R","Strike_R+1","Defend_R","Defend_R","Defend_R","Ghostly Armor","Seeing Red","Sentinel+1","Shockwave","Carnage","Demon Form+1","Shrug It Off+1","Hemokinesis","Entrench"],"relics":["Burning Blood","Juzu Bracelet","Golden Idol","Cursed Key"],"potions_floor_usage":[4,5,18,18,20,25],"damage_taken":[{"damage":10,"enemies":"Jaw Worm","floor":1,"turns":4},{"damage":2,"enemies":"Small Slimes","floor":2,"turns":4},{"damage":0,"enemies":"Cultist","floor":4,"turns":2},{"damage":8,"enemies":"Lots of Slimes","floor":5,"turns":4},{"damage":11,"enemies":"Blue Slaver","floor":7,"turns":4},{"damage":11,"enemies":"3 Louse","floor":8,"turns":7},{"damage":9,"enemies":"Lots of Slimes","floor":13,"turns":5},{"damage":0,"enemies":"2 Fungi Beasts","floor":14,"turns":4},{"damage":26,"enemies":"Slime Boss","floor":16,"turns":7},{"damage":3,"enemies":"3 Byrds","floor":18,"turns":4},{"damage":17,"enemies":"2 Thieves","floor":20,"turns":5},{"damage":27,"enemies":"Snecko","floor":22,"turns":6},{"damage":42,"enemies":"Sentry and Sphere","floor":24,"turns":8},{"damage":29,"enemies":"Snake Plant","floor":25,"turns":6}],"seed_played":"2285501340647426137","potions_obtained":[{"floor":2,"key":"PowerPotion"},{"floor":4,"key":"PowerPotion"},{"floor":14,"key":"SkillPotion"},{"floor":16,"key":"PowerPotion"},{"floor":18,"key":"Explosive Potion"},{"floor":24,"key":"SkillPotion"}],"is_trial":false,"path_per_floor":["M","M","$","M","M","R","M","M","T","?","R","?","M","M","R","B",null,"M","?","M","$","M","?","M","M"],"character_chosen":"IRONCLAD","items_purchased":["Seeing Red","Hemokinesis"],"campfire_rested":1,"item_purchase_floors":[3,21],"current_hp_per_floor":[84,88,88,88,86,86,81,76,76,54,80,85,82,88,88,68,93,93,93,82,82,61,61,25,0],"gold":35,"neow_bonus":"TEN_PERCENT_HP_BONUS","is_prod":false,"is_daily":false,"chose_seed":false,"campfire_upgraded":2,"win_rate":0,"timestamp":1571907568,"path_taken":["M","M","$","M","M","R","M","M","T","?","R","?","M","M","R","BOSS","M","?","M","$","M","?","M","M"],"build_version":"2019-07-17","purchased_purges":1,"victory":false,"max_hp_per_floor":[88,88,88,88,88,88,88,88,88,88,88,93,93,93,93,93,93,93,93,93,93,93,93,93,93],"card_choices":[{"not_picked":["Sword Boomerang","Anger","Body Slam"],"picked":"SKIP","floor":1},{"not_picked":["Sever Soul","Flex"],"picked":"Ghostly Armor","floor":2},{"not_picked":["Body Slam","Perfected Strike","Anger"],"picked":"SKIP","floor":4},{"not_picked":["Thunderclap","Rampage"],"picked":"Sentinel","floor":5},{"not_picked":["Anger","Headbutt"],"picked":"Shockwave","floor":7},{"not_picked":["Headbutt","Wild Strike"],"picked":"Carnage","floor":8},{"not_picked":["Rage","Cleave","Twin Strike"],"picked":"SKIP","floor":13},{"not_picked":["Second Wind","Flex"],"picked":"Demon Form","floor":14},{"not_picked":["Anger","Searing Blow+1"],"picked":"Shrug It Off+1","floor":18},{"not_picked":["Feel No Pain","Havoc+1","Evolve"],"picked":"SKIP","floor":20},{"not_picked":["Thunderclap+1","Heavy Blade+1"],"picked":"Entrench","floor":22},{"not_picked":["Iron Wave","Thunderclap","Perfected Strike"],"picked":"SKIP","floor":24}],"player_experience":452557,"relics_obtained":[{"floor":9,"key":"Juzu Bracelet"}],"event_choices":[{"damage_healed":0,"gold_gain":0,"player_choice":"Take Damage","damage_taken":22,"relics_obtained":["Golden Idol"],"max_hp_gain":0,"max_hp_loss":0,"event_name":"Golden Idol","floor":10,"gold_loss":0},{"damage_healed":0,"gold_gain":0,"player_choice":"Donut","damage_taken":0,"max_hp_gain":5,"max_hp_loss":0,"event_name":"Big Fish","floor":12,"gold_loss":0},{"cards_removed":["Bash"],"damage_healed":0,"gold_gain":0,"player_choice":"Gave Gold","damage_taken":0,"max_hp_gain":0,"max_hp_loss":0,"event_name":"Beggar","floor":19,"gold_loss":75},{"cards_removed":["Strike_R"],"damage_healed":0,"gold_gain":0,"player_choice":"Upgrade and Remove","damage_taken":0,"max_hp_gain":0,"max_hp_loss":0,"event_name":"Designer","floor":23,"gold_loss":90,"cards_upgraded":["Strike_R"]}],"is_beta":false,"boss_relics":[{"not_picked":["Pandora\u0027s Box","Snecko Eye"],"picked":"Cursed Key"}],"items_purged_floors":[3],"is_endless":false,"potions_floor_spawned":[2,4,14,16,18,24],"killed_by":"Snake Plant","ascension_level":0}