{"gold_per_floor":[209,220,235,4,4,4,30,30,100,111,81,99,199,210,210,308,308,324,334,349,60,70,70,7,7,7,32,32,48,48],"floor_reached":30,"playtime":1385,"items_purged":["Strike_R","Wild Strike","Strike_R"],"score":353,"play_id":"3cc7f89e-4fa4-40a5-bba4-33aa8f98431f","local_time":"20191015201131","is_ascension_mode":true,"campfire_choices":[{"data":"Bash","floor":6,"key":"SMITH"},{"data":"Bash","floor":8,"key":"SMITH"},{"data":"Armaments","floor":15,"key":"SMITH"},{"data":"Warcry","floor":23,"key":"SMITH"},{"floor":25,"key":"REST"},{"data":"Corruption","floor":28,"key":"SMITH"}],"neow_cost":"NONE","seed_source_timestamp":803252829414800,"circlet_count":0,"master_deck":["Strike_R","Strike_R","Defend_R","Defend_R","Defend_R","Defend_R","Bash+1","Shrug It Off","Offering","Bash+1","Corruption+1","Disarm","Inflame","Armaments+1","Impervious","Warcry+1","Shrug It Off","Sentinel+1","Inflame","Body Slam+1","Rampage+1","Iron Wave"],"relics":["Burning Blood","DollysMirror","Oddly Smooth Stone","Question Card","Runic Pyramid","Membership Card","Singing Bowl","Boot"],"potions_floor_usage":[12,13,16,18,18,19,20,30],"damage_taken":[{"damage":18,"enemies":"Jaw Worm","floor":1,"turns":4},{"damage":0,"enemies":"Small Slimes","floor":2,"turns":3},{"damage":6,"enemies":"Cultist","floor":3,"turns":3},{"damage":38,"enemies":"Gremlin Nob","floor":7,"turns":4},{"damage":8,"enemies":"Looter","floor":10,"turns":2},{"damage":12,"enemies":"Lots of Slimes","floor":12,"turns":7},{"damage":8,"enemies":"Red Slaver","floor":14,"turns":3},{"damage":18,"enemies":"The Guardian","floor":16,"turns":16},{"damage":21,"enemies":"Spheric Guardian","floor":18,"turns":5},{"damage":8,"enemies":"Shell Parasite","floor":19,"turns":6},{"damage":44,"enemies":"3 Cultists","floor":20,"turns":7},{"damage":11,"enemies":"Sentry and Sphere","floor":22,"turns":6},{"damage":10,"enemies":"Book of Stabbing","floor":27,"turns":5},{"damage":25,"enemies":"Cultist and Chosen","floor":29,"turns":7},{"damage":35,"enemies":"Gremlin Leader","floor":30,"turns":7}],"seed_played":"-2295562151861957291","potions_obtained":[{"floor":10,"key":"DuplicationPotion"},{"floor":11,"key":"FearPotion"},{"floor":11,"key":"Swift Potion"},{"floor":12,"key":"BloodPotion"},{"floor":14,"key":"Block Potion"},{"floor":16,"key":"SkillPotion"},{"floor":18,"key":"Fruit Juice"},{"floor":19,"key":"BloodPotion"},{"floor":27,"key":"Weak Potion"}],"is_trial":false,"path_per_floor":["M","M","M","$","?","R","E","R","T","M","?","M","?","M","R","B",null,"M","M","M","$","M","R","$","R","T","E","R","M","E"],"character_chosen":"IRONCLAD","items_purchased":["DollysMirror","Membership Card","Inflame"],"campfire_rested":1,"item_purchase_floors":[4,21,21],"current_hp_per_floor":[60,66,66,66,59,59,27,27,27,25,25,19,35,33,33,21,65,55,70,32,32,27,27,27,52,52,48,48,29,0],"gold":48,"neow_bonus":"HUNDRED_GOLD","is_prod":false,"is_daily":false,"chose_seed":false,"campfire_upgraded":5,"win_rate":0,"timestamp":1571159491,"path_taken":["M","M","M","$","?","R","E","R","T","M","?","?","?","M","R","BOSS","M","?","M","$","?","R","?","R","T","E","R","M","E"],"build_version":"2019-10-14","purchased_purges":3,"victory":false,"max_hp_per_floor":[80,80,80,80,80,80,80,80,80,80,80,80,80,80,80,80,80,85,85,85,85,85,85,85,85,85,85,85,85,85],"card_choices":[{"not_picked":["Havoc","Perfected Strike"],"picked":"Shrug It Off","floor":1},{"not_picked":["Thunderclap","True Grit"],"picked":"Wild Strike","floor":2},{"not_picked":["Uppercut","Warcry"],"picked":"Offering","floor":3},{"not_picked":["Thunderclap","Ghostly Armor"],"picked":"Corruption","floor":7},{"not_picked":["Clothesline","Wild Strike","Burning Pact"],"picked":"Disarm","floor":10},{"not_picked":["Heavy Blade","Searing Blow","Clothesline"],"picked":"Inflame","floor":12},{"not_picked":["Twin Strike","Clash","Wild Strike"],"picked":"Armaments","floor":14},{"not_picked":["Bludgeon","Barricade","Fiend Fire"],"picked":"Impervious","floor":16},{"not_picked":["Clothesline","Rage","Armaments"],"picked":"Warcry","floor":18},{"not_picked":["Thunderclap","Clothesline+1","True Grit"],"picked":"Shrug It Off","floor":19},{"not_picked":["Sword Boomerang","Reckless Charge+1","Flex"],"picked":"Sentinel+1","floor":20},{"not_picked":["Second Wind","Power Through","Dual Wield"],"picked":"Body Slam+1","floor":22},{"not_picked":["Exhume","Cleave","Perfected Strike"],"picked":"Rampage+1","floor":27},{"not_picked":["Sword Boomerang+1","Second Wind","Rage"],"picked":"Iron Wave","floor":29}],"player_experience":401754,"relics_obtained":[{"floor":7,"key":"Oddly Smooth Stone"},{"floor":9,"key":"Question Card"},{"floor":26,"key":"Singing Bowl"},{"floor":27,"key":"Boot"}],"event_choices":[{"cards_removed":["Strike_R"],"damage_healed":0,"gold_gain":0,"player_choice":"Card Removal","damage_taken":7,"max_hp_gain":0,"max_hp_loss":0,"event_name":"Golden Wing","floor":5,"gold_loss":0},{"damage_healed":0,"gold_gain":0,"player_choice":"Bought 2 Potions","damage_taken":0,"max_hp_gain":0,"max_hp_loss":0,"event_name":"The Woman in Blue","floor":11,"gold_loss":0},{"damage_healed":0,"gold_gain":100,"player_choice":"Pray","damage_taken":0,"max_hp_gain":0,"max_hp_loss":0,"event_name":"Golden Shrine","floor":13,"gold_loss":0}],"is_beta":true,"boss_relics":[{"not_picked":["Runic Cube","Pandora\u0027s Box"],"picked":"Runic Pyramid"}],"items_purged_floors":[4,21,24],"is_endless":false,"potions_floor_spawned":[10,12,14,16,18,19,27],"killed_by":"Gremlin Leader","ascension_level":8}