{"gold_per_floor":[114,114,135,155,179,179,215,290,369,369,387,407,438,208,208,331,331,350,350,250,250,22,57,57,81,106,156,156],"floor_reached":28,"playtime":1298,"items_purged":["Strike_G","Defend_G"],"score":357,"play_id":"848a0e56-7c3a-479b-8eb3-4fdecbe2ee85","local_time":"20191019153555","is_ascension_mode":true,"campfire_choices":[{"data":"Dash","floor":6.0,"key":"SMITH"},{"floor":10.0,"key":"REST"},{"floor":15.0,"key":"REST"},{"floor":24.0,"key":"REST"}],"neow_cost":"NONE","seed_source_timestamp":0,"circlet_count":0,"master_deck":["Strike_G","Strike_G","Strike_G","Strike_G","Defend_G","Defend_G","Defend_G","Defend_G","Survivor","Neutralize+1","Noxious Fumes","Quick Slash","Dash+1","Catalyst","Dodge and Roll","Deadly Poison","Dodge and Roll","Crippling Poison","Noxious Fumes","Glass Knife","Cloak And Dagger","Setup","Good Instincts","Shame","Well Laid Plans","Escape Plan+1","Caltrops"],"special_seed":0,"relics":["Ring of the Snake","Golden Idol","Thread and Needle","Singing Bowl","Juzu Bracelet","Philosopher\u0027s Stone","Smiling Mask","Oddly Smooth Stone","Calipers","Bag of Preparation"],"potions_floor_usage":[28,28],"damage_taken":[{"damage":0.0,"enemies":"2 Louse","floor":1.0,"turns":4.0},{"damage":0.0,"enemies":"Small Slimes","floor":3.0,"turns":3.0},{"damage":2.0,"enemies":"Jaw Worm","floor":4.0,"turns":4.0},{"damage":27.0,"enemies":"Gremlin Gang","floor":5.0,"turns":6.0},{"damage":14.0,"enemies":"Gremlin Nob","floor":7.0,"turns":5.0},{"damage":0.0,"enemies":"2 Fungi Beasts","floor":11.0,"turns":4.0},{"damage":0.0,"enemies":"Lots of Slimes","floor":12.0,"turns":5.0},{"damage":13.0,"enemies":"Lagavulin","floor":13.0,"turns":9.0},{"damage":15.0,"enemies":"The Guardian","floor":16.0,"turns":10.0},{"damage":0.0,"enemies":"Shell Parasite","floor":18.0,"turns":5.0},{"damage":45.0,"enemies":"Gremlin Leader","floor":23.0,"turns":8.0},{"damage":0.0,"enemies":"Chosen","floor":25.0,"turns":6.0},{"damage":37,"enemies":"Slavers","floor":28,"turns":3}],"seed_played":"1944270475309745606","potions_obtained":[{"floor":1.0,"key":"SmokeBomb"},{"floor":3.0,"key":"GamblersBrew"},{"floor":5.0,"key":"Ancient Potion"},{"floor":7.0,"key":"LiquidBronze"},{"floor":13.0,"key":"Explosive Potion"},{"floor":25.0,"key":"GamblersBrew"}],"is_trial":false,"path_per_floor":["M","?","M","M","M","R","E","?","T","R","M","M","E","$","R","B",null,"M","?","$","?","$","E","R","M","T","?","E"],"character_chosen":"THE_SILENT","items_purchased":["Crippling Poison","Noxious Fumes","Well Laid Plans","Oddly Smooth Stone"],"campfire_rested":3,"item_purchase_floors":[14,14,22,22],"current_hp_per_floor":[63,63,63,61,34,34,20,9,9,28,28,28,17,17,37,22,56,56,56,56,56,56,11,31,31,31,31,0],"gold":156,"neow_bonus":"UPGRADE_CARD","is_prod":false,"is_daily":false,"chose_seed":false,"campfire_upgraded":1,"win_rate":0,"timestamp":1571524555,"path_taken":["M","?","M","M","M","R","E","?","T","R","M","M","E","$","R","BOSS","M","?","$","?","$","E","R","M","T","?","E"],"build_version":"2019-07-17","purchased_purges":2,"victory":false,"max_hp_per_floor":[70,65,65,65,65,65,65,65,65,65,65,65,67,67,67,67,67,67,67,67,67,67,67,67,67,67,67,67],"card_choices":[{"not_picked":["Reflex","Bouncing Flask"],"picked":"Noxious Fumes","floor":1.0},{"not_picked":["Endless Agony","Calculated Gamble"],"picked":"Quick Slash","floor":3.0},{"not_picked":["PiercingWail","Reflex"],"picked":"Dash","floor":4.0},{"not_picked":["Acrobatics","Slice"],"picked":"Catalyst","floor":5.0},{"not_picked":["Masterful Stab","Deflect"],"picked":"Dodge and Roll","floor":7.0},{"not_picked":["Flying Knee","Cloak And Dagger"],"picked":"Deadly Poison","floor":11.0},{"not_picked":["Dagger Spray","Concentrate"],"picked":"Dodge and Roll","floor":12.0},{"not_picked":["Predator","Distraction","Finisher"],"picked":"Singing Bowl","floor":13.0},{"not_picked":["Bullet Time","After Image"],"picked":"Glass Knife","floor":16.0},{"not_picked":["Eviscerate+1","Dodge and Roll"],"picked":"Cloak And Dagger","floor":18.0},{"not_picked":["Slice","Dagger Spray"],"picked":"Escape Plan+1","floor":23.0},{"not_picked":["Slice+1","Underhanded Strike+1"],"picked":"Caltrops","floor":25.0}],"player_experience":388206,"relics_obtained":[{"floor":7.0,"key":"Thread and Needle"},{"floor":9.0,"key":"Singing Bowl"},{"floor":13.0,"key":"Juzu Bracelet"},{"floor":23.0,"key":"Calipers"},{"floor":26.0,"key":"Bag of Preparation"}],"event_choices":[{"damage_healed":0.0,"max_hp_gain":0.0,"max_hp_loss":5.0,"gold_gain":0.0,"event_name":"Golden Idol","player_choice":"Lose Max HP","floor":2.0,"gold_loss":0.0,"damage_taken":0.0,"relics_obtained":["Golden Idol"]},{"damage_healed":0.0,"max_hp_gain":0.0,"max_hp_loss":0.0,"gold_gain":75.0,"event_name":"World of Goop","player_choice":"Gather Gold","floor":8.0,"gold_loss":0.0,"damage_taken":11.0},{"damage_healed":0.0,"max_hp_gain":0.0,"max_hp_loss":0.0,"gold_gain":0.0,"event_name":"Match and Keep!","player_choice":"2 cards matched","floor":19.0,"gold_loss":0.0,"damage_taken":0.0,"cards_obtained":["Setup","Good Instincts"]},{"damage_healed":0.0,"max_hp_gain":0.0,"max_hp_loss":0.0,"gold_gain":0.0,"event_name":"Addict","player_choice":"Stole Relic","floor":21.0,"gold_loss":0.0,"damage_taken":0.0,"relics_obtained":["Smiling Mask"],"cards_obtained":["Shame"]},{"damage_healed":0.0,"max_hp_gain":0.0,"max_hp_loss":0.0,"gold_gain":100.0,"event_name":"The Joust","player_choice":"Bet on Murderer","floor":27.0,"gold_loss":50.0,"damage_taken":0.0}],"is_beta":false,"boss_relics":[{"not_picked":["HoveringKite","Coffee Dripper"],"picked":"Philosopher\u0027s Stone"}],"items_purged_floors":[14,20],"is_endless":false,"potions_floor_spawned":[1,3,5,7,13,25],"killed_by":"Slavers","ascension_level":9}