{"gold_per_floor":[116,132,132,179,33,66,66,81,105,143,418,148,219,244,244,365,365,378,255,255,273,188,227,227,270,296,296,329,348,20,36,36,164,164,179,179,324,395,430,465,490,490,490,530,530,573,27,40,40,65],"floor_reached":51,"playtime":6986,"items_purged":["Strike_G","Regret","Strike_G","Regret"],"score":1049,"play_id":"baf26f4a-45d6-4113-9b1a-946f0c7f02fc","local_time":"20191010120704","is_ascension_mode":true,"campfire_choices":[{"floor":7.0,"key":"REST"},{"data":"Footwork","floor":15.0,"key":"SMITH"},{"data":"Envenom","floor":24.0,"key":"SMITH"},{"floor":27.0,"key":"REST"},{"data":"Night Terror","floor":32.0,"key":"SMITH"},{"data":"Apotheosis","floor":49,"key":"SMITH"}],"neow_cost":"NONE","seed_source_timestamp":0,"circlet_count":0,"master_deck":["Strike_G","Strike_G","Defend_G","Defend_G","Defend_G","Defend_G","Defend_G","Survivor","Neutralize","Crippling Poison","Backflip","Flechettes","Envenom+1","Endless Agony","Well Laid Plans","PiercingWail","Footwork+1","Dagger Spray","Backflip","Acrobatics","Night Terror+1","Leg Sweep","Backflip+1","Wraith Form v2","Wraith Form v2","Riddle With Holes","Backflip+1","Catalyst","Bouncing Flask","Tools of the Trade","PiercingWail","HandOfGreed","Violence","Flash of Steel","Blur","Normality","Dash+1","Footwork+1","Cloak And Dagger+1","Writhe","Regret","Deflect+1","Tactician","Apotheosis+1","Tools of the Trade","Slice+1"],"special_seed":0,"relics":["Ring of the Snake","Centennial Puzzle","Golden Idol","Bag of Preparation","Pantograph","Smiling Mask","Juzu Bracelet","Tiny Chest","Cursed Key","Paper Crane","Lantern","Pear","Nunchaku","PreservedInsect","Bottled Lightning","Lee\u0027s Waffle","Empty Cage","Ginger","Shuriken","Prayer Wheel","Meat on the Bone","Ornamental Fan","Gremlin Horn","Frozen Eye"],"potions_floor_usage":[50,50,50],"damage_taken":[{"damage":7.0,"enemies":"Cultist","floor":1.0,"turns":6.0},{"damage":2.0,"enemies":"Jaw Worm","floor":2.0,"turns":4.0},{"damage":19.0,"enemies":"3 Sentries","floor":6.0,"turns":13.0},{"damage":2.0,"enemies":"Small Slimes","floor":8.0,"turns":4.0},{"damage":7.0,"enemies":"Lagavulin","floor":10.0,"turns":7.0},{"damage":8.0,"enemies":"3 Sentries","floor":13.0,"turns":8.0},{"damage":0.0,"enemies":"Red Slaver","floor":14.0,"turns":7.0},{"damage":17.0,"enemies":"Slime Boss","floor":16.0,"turns":10.0},{"damage":12.0,"enemies":"2 Thieves","floor":18.0,"turns":4.0},{"damage":16.0,"enemies":"Spheric Guardian","floor":21.0,"turns":10.0},{"damage":6.0,"enemies":"Book of Stabbing","floor":23.0,"turns":9.0},{"damage":29.0,"enemies":"Gremlin Leader","floor":25.0,"turns":12.0},{"damage":16.0,"enemies":"Slavers","floor":28.0,"turns":5.0},{"damage":11.0,"enemies":"Shelled Parasite and Fungi","floor":29.0,"turns":9.0},{"damage":8.0,"enemies":"3 Cultists","floor":31.0,"turns":6.0},{"damage":63.0,"enemies":"Champ","floor":33.0,"turns":18.0},{"damage":10.0,"enemies":"3 Darklings","floor":35.0,"turns":13.0},{"damage":5.0,"enemies":"Mind Bloom Boss Battle","floor":37.0,"turns":10.0},{"damage":0.0,"enemies":"Orb Walker","floor":39.0,"turns":6.0},{"damage":33.0,"enemies":"Reptomancer","floor":40.0,"turns":8.0},{"damage":1.0,"enemies":"Transient","floor":41.0,"turns":5.0},{"damage":16.0,"enemies":"Nemesis","floor":44.0,"turns":9.0},{"damage":13.0,"enemies":"Reptomancer","floor":46.0,"turns":8.0},{"damage":0,"enemies":"Maw","floor":48,"turns":10},{"damage":40,"enemies":"Awakened One","floor":50,"turns":20}],"seed_played":"-1284217370433118948","potions_obtained":[{"floor":1.0,"key":"SpeedPotion"},{"floor":10.0,"key":"SpeedPotion"},{"floor":21.0,"key":"Dexterity Potion"},{"floor":25.0,"key":"Dexterity Potion"},{"floor":28.0,"key":"Dexterity Potion"},{"floor":33.0,"key":"Dexterity Potion"},{"floor":41.0,"key":"SteroidPotion"},{"floor":44.0,"key":"Explosive Potion"}],"is_trial":false,"path_per_floor":["M","M","?","T","$","E","R","M","T","E","?","$","E","M","R","B",null,"M","$","T","M","?","E","R","E","T","R","E","M","$","M","R","B",null,"M","?","?","T","M","E","M","?","T","E","T","E","$","M","R","B",null],"character_chosen":"THE_SILENT","items_purchased":["Flechettes","PiercingWail","Footwork","Dagger Spray","Backflip","Leg Sweep","Lee\u0027s Waffle","Catalyst","Frozen Eye","Tactician","Apotheosis","Dexterity Potion","Poison Potion"],"campfire_rested":2,"item_purchase_floors":[5,12,12,12,12,19,30,30,47,47,47,47,47],"current_hp_per_floor":[63,61,44,44,44,25,46,44,44,37,37,37,29,29,29,37,62,50,50,50,34,34,38,38,9,9,33,17,6,87,79,79,24,71,61,51,71,71,71,38,37,59,59,55,55,54,54,54,54,51],"gold":65,"neow_bonus":"RANDOM_COMMON_RELIC","is_prod":false,"is_daily":false,"chose_seed":false,"campfire_upgraded":4,"win_rate":0,"timestamp":1570702024,"path_taken":["M","M","?","?","$","E","R","M","T","E","?","$","E","M","R","BOSS","M","$","?","M","?","E","R","E","T","R","E","M","$","M","R","BOSS","M","?","?","?","M","E","M","?","T","E","?","E","$","M","R","BOSS"],"build_version":"2019-07-17","purchased_purges":4,"victory":true,"max_hp_per_floor":[70,70,70,70,70,70,70,70,70,70,70,70,70,70,70,70,70,70,70,70,70,70,80,80,80,80,80,80,80,87,87,87,87,87,87,87,87,87,87,87,87,87,87,87,87,87,87,87,87,87],"card_choices":[{"not_picked":["Dodge and Roll","Flying Knee"],"picked":"Crippling Poison","floor":1.0},{"not_picked":["Bane","Flying Knee"],"picked":"Backflip","floor":2.0},{"not_picked":["Acrobatics","Dodge and Roll"],"picked":"Envenom","floor":6.0},{"not_picked":["Quick Slash","Slice"],"picked":"Endless Agony","floor":8.0},{"not_picked":["Leg Sweep","Predator"],"picked":"Well Laid Plans","floor":10.0},{"not_picked":["Quick Slash","Poisoned Stab"],"picked":"Acrobatics","floor":13.0},{"not_picked":["Slice","Bane","Terror"],"picked":"SKIP","floor":14.0},{"not_picked":["Unload","Phantasmal Killer"],"picked":"Night Terror","floor":16.0},{"not_picked":["Blade Dance","Poisoned Stab","Skewer"],"picked":"SKIP","floor":18.0},{"not_picked":["Skewer","Flechettes"],"picked":"Backflip+1","floor":21.0},{"not_picked":["Underhanded Strike","Outmaneuver"],"picked":"Wraith Form v2","floor":23.0},{"not_picked":["Dagger Throw+1","Finisher"],"picked":"Wraith Form v2","floor":25.0},{"not_picked":["Outmaneuver","Flying Knee"],"picked":"Riddle With Holes","floor":28.0},{"not_picked":["Dagger Spray+1","Blade Dance+1"],"picked":"Backflip+1","floor":29.0},{"not_picked":["Acrobatics+1","Prepared"],"picked":"Bouncing Flask","floor":31.0},{"not_picked":["Night Terror","Die Die Die"],"picked":"Tools of the Trade","floor":33.0},{"not_picked":["Dagger Spray","Dodge and Roll"],"picked":"PiercingWail","floor":35.0},{"not_picked":["Trip","Good Instincts"],"picked":"HandOfGreed","floor":36.0},{"not_picked":["Panache","Mind Blast"],"picked":"Violence","floor":36.0},{"not_picked":["Dramatic Entrance","Good Instincts"],"picked":"Flash of Steel","floor":36.0},{"not_picked":["All Out Attack","Bane"],"picked":"Blur","floor":37.0},{"not_picked":["Dagger Throw+1","Sucker Punch+1"],"picked":"Dash+1","floor":39.0},{"not_picked":["PiercingWail","Cloak And Dagger+1"],"picked":"Footwork+1","floor":40.0},{"not_picked":["Eviscerate","Riddle With Holes"],"picked":"Cloak And Dagger+1","floor":41.0},{"not_picked":["Outmaneuver+1","Dagger Spray","All Out Attack"],"picked":"SKIP","floor":41.0},{"not_picked":["Flying Knee+1","Outmaneuver","Choke+1"],"picked":"SKIP","floor":44.0},{"not_picked":["Leg Sweep","Prepared"],"picked":"Deflect+1","floor":46.0},{"not_picked":["Backflip","Predator+1"],"picked":"Tools of the Trade","floor":48},{"not_picked":["Masterful Stab+1","Outmaneuver+1"],"picked":"Slice+1","floor":48}],"player_experience":232506,"relics_obtained":[{"floor":4.0,"key":"Bag of Preparation"},{"floor":6.0,"key":"Pantograph"},{"floor":9.0,"key":"Smiling Mask"},{"floor":10.0,"key":"Juzu Bracelet"},{"floor":13.0,"key":"Tiny Chest"},{"floor":20.0,"key":"Paper Crane"},{"floor":23.0,"key":"Pear"},{"floor":25.0,"key":"Nunchaku"},{"floor":26.0,"key":"PreservedInsect"},{"floor":28.0,"key":"Bottled Lightning"},{"floor":37.0,"key":"Ginger"},{"floor":38.0,"key":"Shuriken"},{"floor":40.0,"key":"Prayer Wheel"},{"floor":43.0,"key":"Meat on the Bone"},{"floor":44.0,"key":"Ornamental Fan"},{"floor":46.0,"key":"Gremlin Horn"}],"event_choices":[{"damage_healed":0.0,"max_hp_gain":0.0,"max_hp_loss":0.0,"gold_gain":0.0,"event_name":"Golden Idol","player_choice":"Take Damage","floor":3.0,"gold_loss":0.0,"damage_taken":17.0,"relics_obtained":["Golden Idol"]},{"damage_healed":0.0,"max_hp_gain":0.0,"max_hp_loss":0.0,"gold_gain":275.0,"event_name":"Golden Shrine","player_choice":"Desecrate","floor":11.0,"gold_loss":0.0,"damage_taken":0.0,"cards_obtained":["Regret"]},{"damage_healed":0.0,"max_hp_gain":0.0,"max_hp_loss":0.0,"gold_gain":0.0,"event_name":"Addict","player_choice":"Obtained Relic","floor":22.0,"gold_loss":85.0,"damage_taken":0.0,"relics_obtained":["Lantern"]},{"damage_healed":0.0,"max_hp_gain":0.0,"max_hp_loss":0.0,"gold_gain":0.0,"event_name":"SensoryStone","player_choice":"Memory 3","floor":36.0,"gold_loss":0.0,"damage_taken":10.0},{"damage_healed":0.0,"max_hp_gain":0.0,"max_hp_loss":0.0,"gold_gain":0.0,"event_name":"MindBloom","player_choice":"Fight","floor":37.0,"gold_loss":0.0,"damage_taken":0.0},{"damage_healed":22.0,"max_hp_gain":0.0,"max_hp_loss":0.0,"gold_gain":0.0,"event_name":"Winding Halls","player_choice":"Writhe","floor":42.0,"gold_loss":0.0,"damage_taken":0.0,"cards_obtained":["Writhe"]}],"is_beta":false,"boss_relics":[{"not_picked":["HoveringKite","Ectoplasm"],"picked":"Cursed Key"},{"not_picked":["Tiny House","Orrery"],"picked":"Empty Cage"}],"items_purged_floors":[5,12,19,30],"is_endless":false,"potions_floor_spawned":[1,10,21,25,28,33,39,41,44],"ascension_level":5}