{"gold_per_floor":[109,122,132,145,145,174,174,174,174,174,208,208,226,226,226,351,351,367,381,399,415,415,415,456,456,456,456,456,466,7,7],"floor_reached":31,"playtime":2315,"items_purged":[],"score":292,"play_id":"e890010b-df6c-4321-80eb-5bf90c5d2d8e","local_time":"20190916160051","is_ascension_mode":true,"campfire_choices":[{"data":"Cloak And Dagger","floor":7.0,"key":"SMITH"},{"floor":10.0,"key":"REST"},{"floor":15,"key":"REST"},{"floor":23,"key":"REST"},{"floor":25,"key":"RECALL"},{"data":"Accuracy","floor":27,"key":"SMITH"}],"neow_cost":"PERCENT_DAMAGE","seed_source_timestamp":0,"circlet_count":0,"master_deck":["Strike_G","Strike_G+1","Strike_G","Strike_G","Defend_G","Defend_G","Defend_G","Defend_G","Survivor","Neutralize","Accuracy+1","Burst+1","Backflip","Poisoned Stab","Cloak And Dagger+1","Prepared","Deadly Poison","Injury","Catalyst","Envenom+1","After Image","Backflip","Backflip","Deadly Poison","Well Laid Plans","Deflect","Infinite Blades+1","Slice"],"special_seed":0,"relics":["Ring of the Snake","Oddly Smooth Stone","Darkstone Periapt","Bloody Idol","Ancient Tea Set","Mercury Hourglass","Sozu","Bag of Marbles","Ninja Scroll","Snake Skull","Paper Crane"],"potions_floor_usage":[11],"damage_taken":[{"damage":1.0,"enemies":"Small Slimes","floor":1.0,"turns":4.0},{"damage":6.0,"enemies":"Jaw Worm","floor":2.0,"turns":6.0},{"damage":0.0,"enemies":"Cultist","floor":3.0,"turns":4.0},{"damage":0.0,"enemies":"2 Fungi Beasts","floor":4.0,"turns":4.0},{"damage":18.0,"enemies":"Gremlin Nob","floor":6.0,"turns":5.0},{"damage":19,"enemies":"Lagavulin","floor":11,"turns":6},{"damage":5,"enemies":"Looter","floor":13,"turns":4},{"damage":3,"enemies":"Hexaghost","floor":16,"turns":8},{"damage":13,"enemies":"Spheric Guardian","floor":18,"turns":6},{"damage":20,"enemies":"2 Thieves","floor":19,"turns":4},{"damage":9,"enemies":"Chosen and Byrds","floor":20,"turns":5},{"damage":12,"enemies":"Snecko","floor":21,"turns":5},{"damage":15,"enemies":"Book of Stabbing","floor":24,"turns":7},{"damage":14,"enemies":"Snake Plant","floor":29,"turns":4},{"damage":19,"enemies":"Colosseum Slavers","floor":31,"turns":3},{"damage":14,"enemies":"Colosseum Nobs","floor":31,"turns":2}],"seed_played":"3683820778382484585","potions_obtained":[{"floor":3.0,"key":"SteroidPotion"},{"floor":4.0,"key":"Strength Potion"},{"floor":6.0,"key":"Fire Potion"}],"is_trial":false,"path_per_floor":["M","M","M","M","?","E","R","?","T","R","E","?","M","?","R","B",null,"M","M","M","M","?","R","E","R","T","R","?","M","$","?"],"character_chosen":"THE_SILENT","items_purchased":["Snake Skull","Paper Crane","Slice"],"campfire_rested":3,"item_purchase_floors":[30,30,30],"current_hp_per_floor":[48,42,42,42,39,21,21,27,27,49,30,15,10,10,32,29,76,63,43,34,22,22,44,29,29,29,29,29,20,20,0],"gold":7,"neow_bonus":"TRANSFORM_TWO_CARDS","is_prod":false,"is_daily":false,"chose_seed":false,"campfire_upgraded":2,"win_rate":0,"timestamp":1568674851,"path_taken":["M","M","M","M","?","E","R","?","T","R","E","?","M","?","R","BOSS","M","M","M","M","?","R","E","R","T","R","?","M","$","?"],"build_version":"2019-07-17","purchased_purges":0,"victory":false,"max_hp_per_floor":[70,70,70,70,70,70,70,76,76,76,76,76,76,76,76,76,76,76,76,76,76,76,76,76,76,76,76,76,76,76,76],"card_choices":[{"not_picked":["Dash","Acrobatics"],"picked":"Backflip","floor":1.0},{"not_picked":["Dagger Throw","Slice"],"picked":"Poisoned Stab","floor":2.0},{"not_picked":["Dodge and Roll","Sucker Punch"],"picked":"Cloak And Dagger","floor":3.0},{"not_picked":["Underhanded Strike","Expertise"],"picked":"Prepared","floor":4.0},{"not_picked":["Quick Slash","Well Laid Plans"],"picked":"Deadly Poison","floor":6.0},{"not_picked":["Riddle With Holes","Prepared"],"picked":"Catalyst","floor":11},{"not_picked":["Skewer","PiercingWail"],"picked":"Envenom","floor":13},{"not_picked":["Glass Knife","Tools of the Trade"],"picked":"After Image","floor":16},{"not_picked":["Masterful Stab","Quick Slash"],"picked":"Backflip","floor":18},{"not_picked":["Acrobatics","Finisher"],"picked":"Backflip","floor":19},{"not_picked":["Calculated Gamble","Expertise"],"picked":"Deadly Poison","floor":20},{"not_picked":["Quick Slash+1","Tools of the Trade"],"picked":"Well Laid Plans","floor":21},{"not_picked":["Dagger Throw","Quick Slash+1"],"picked":"Deflect","floor":24},{"not_picked":["Dodge and Roll+1","Expertise+1"],"picked":"Infinite Blades+1","floor":29}],"player_experience":90457,"relics_obtained":[{"floor":6.0,"key":"Darkstone Periapt"},{"floor":9.0,"key":"Ancient Tea Set"},{"floor":11,"key":"Mercury Hourglass"},{"floor":24,"key":"Bag of Marbles"},{"floor":26,"key":"Ninja Scroll"}],"event_choices":[{"damage_healed":0.0,"max_hp_gain":0.0,"max_hp_loss":0.0,"gold_gain":0.0,"event_name":"Scrap Ooze","player_choice":"Success","floor":5.0,"gold_loss":0.0,"damage_taken":3.0,"relics_obtained":["Oddly Smooth Stone"]},{"damage_healed":0.0,"max_hp_gain":0.0,"max_hp_loss":0.0,"gold_gain":0.0,"event_name":"Golden Idol","player_choice":"Take Wound","floor":8.0,"gold_loss":0.0,"damage_taken":0.0,"relics_obtained":["Golden Idol"],"cards_obtained":["Injury"]},{"damage_healed":0,"gold_gain":0,"player_choice":"Entered Light","damage_taken":15,"max_hp_gain":0,"max_hp_loss":0,"event_name":"Shining Light","floor":12,"gold_loss":0,"cards_upgraded":["Strike_G","Burst"]},{"damage_healed":0,"gold_gain":0,"player_choice":"Forge","damage_taken":0,"max_hp_gain":0,"max_hp_loss":0,"event_name":"Accursed Blacksmith","floor":14,"gold_loss":0,"cards_upgraded":["Envenom"]},{"damage_healed":0,"gold_gain":0,"player_choice":"Ignored","damage_taken":0,"max_hp_gain":0,"max_hp_loss":0,"event_name":"Ghosts","floor":22,"gold_loss":0},{"damage_healed":0,"gold_gain":0,"player_choice":"Gave Idol","damage_taken":0,"relics_obtained":["Bloody Idol"],"max_hp_gain":0,"max_hp_loss":0,"event_name":"Forgotten Altar","floor":28,"relics_lost":["Golden Idol"],"gold_loss":0},{"damage_healed":0,"gold_gain":0,"player_choice":"Fight","damage_taken":0,"max_hp_gain":0,"max_hp_loss":0,"event_name":"Colosseum","floor":31,"gold_loss":0},{"damage_healed":0,"gold_gain":0,"player_choice":"Fought Nobs","damage_taken":0,"max_hp_gain":0,"max_hp_loss":0,"event_name":"Colosseum","floor":31,"gold_loss":0}],"is_beta":false,"boss_relics":[{"not_picked":["Busted Crown","Fusion Hammer"],"picked":"Sozu"}],"items_purged_floors":[],"is_endless":false,"potions_floor_spawned":[3,4,6,19,29],"killed_by":"Colosseum Nobs","ascension_level":2}