{"gold_per_floor":[109,121,139,18,33,33,50,66,66,51,63,75,12,26,26,26],"floor_reached":16,"playtime":1149,"items_purged":["Parasite"],"score":99,"play_id":"2795f0bf-66c3-454b-a2d5-05b1416f9291","local_time":"20191024020037","is_ascension_mode":true,"campfire_choices":[{"floor":6,"key":"REST"},{"floor":15,"key":"REST"}],"neow_cost":"NONE","seed_source_timestamp":280656909861999,"circlet_count":0,"master_deck":["Strike_B","Strike_B","Strike_B","Defend_B","Defend_B","Defend_B","Defend_B","Zap","Dualcast","Defragment","White Noise","Genetic Algorithm","Barrage","Hologram","Leap","Leap"],"relics":["Cracked Core","MawBank"],"potions_floor_usage":[5,14],"damage_taken":[{"damage":1,"enemies":"Cultist","floor":1,"turns":3},{"damage":0,"enemies":"Small Slimes","floor":2,"turns":4},{"damage":7,"enemies":"2 Louse","floor":3,"turns":3},{"damage":20,"enemies":"Looter","floor":5,"turns":3},{"damage":14,"enemies":"Red Slaver","floor":7,"turns":4},{"damage":34,"enemies":"Gremlin Gang","floor":8,"turns":6},{"damage":0,"enemies":"2 Fungi Beasts","floor":14,"turns":5},{"damage":83,"enemies":"The Guardian","floor":16,"turns":19}],"seed_played":"1706046080127786093","potions_obtained":[{"floor":3,"key":"PowerPotion"},{"floor":14,"key":"Fruit Juice"}],"is_trial":false,"path_per_floor":["M","M","M","$","M","R","M","M","T","?","?","?","$","M","R","B"],"character_chosen":"DEFECT","items_purchased":["Genetic Algorithm","Barrage"],"campfire_rested":2,"item_purchase_floors":[4,4],"current_hp_per_floor":[74,74,67,67,47,69,55,21,21,21,21,39,39,44,67,0],"gold":26,"neow_bonus":"REMOVE_CARD","is_prod":false,"is_daily":false,"chose_seed":false,"campfire_upgraded":0,"win_rate":0,"timestamp":1571904037,"path_taken":["M","M","M","$","?","R","M","M","T","?","?","?","?","?","R","BOSS"],"build_version":"2019-07-17","purchased_purges":1,"victory":false,"max_hp_per_floor":[75,75,75,75,75,75,75,75,75,75,75,75,72,77,77,77],"card_choices":[{"not_picked":["Turbo","Gash"],"picked":"Defragment","floor":1},{"not_picked":["Compile Driver","Sunder"],"picked":"White Noise","floor":2},{"not_picked":["BootSequence","Turbo","Streamline"],"picked":"SKIP","floor":3},{"not_picked":["Turbo","Sunder"],"picked":"Hologram","floor":5},{"not_picked":["Sweeping Beam","Ball Lightning","Turbo"],"picked":"SKIP","floor":7},{"not_picked":["Turbo","Double Energy"],"picked":"Leap","floor":8},{"not_picked":["Thunder Strike","Stack"],"picked":"Leap","floor":14}],"player_experience":451401,"relics_obtained":[{"floor":9,"key":"MawBank"}],"event_choices":[{"damage_healed":0,"gold_gain":0,"player_choice":"Left Gold","damage_taken":0,"max_hp_gain":0,"max_hp_loss":0,"event_name":"World of Goop","floor":10,"gold_loss":27},{"damage_healed":0,"gold_gain":0,"player_choice":"Fled","damage_taken":0,"max_hp_gain":0,"max_hp_loss":0,"event_name":"Scrap Ooze","floor":11,"gold_loss":0},{"damage_healed":18,"gold_gain":0,"player_choice":"Healed and dodged fight","damage_taken":0,"max_hp_gain":0,"max_hp_loss":0,"event_name":"Mushrooms","floor":12,"gold_loss":0,"cards_obtained":["Parasite"]}],"is_beta":false,"boss_relics":[],"items_purged_floors":[13],"is_endless":false,"potions_floor_spawned":[2,3,14],"killed_by":"The Guardian","ascension_level":1}