{"gold_per_floor":[119,119,138,138,156,188,188,206,206,226,243,243,268,281,281,380,380,396,396,411,430,442,442,2,17,65,93,125,154,195,207,219,333,345,368,390,402,3,103,131,131,131,157,187,197,197,214,232,232,232],"floor_reached":51,"playtime":5348,"items_purged":[],"score":838,"play_id":"8add3992-1fe0-43e3-b718-8f27d4f8cdc5","local_time":"20190913014005","is_ascension_mode":false,"campfire_choices":[{"data":"Ghostly Armor","floor":7,"key":"SMITH"},{"floor":12,"key":"REST"},{"data":"Infernal Blade","floor":15,"key":"SMITH"},{"floor":23,"key":"REST"},{"floor":32,"key":"REST"},{"data":"Barricade","floor":42,"key":"SMITH"},{"floor":46,"key":"REST"},{"floor":49,"key":"REST"}],"neow_cost":"NONE","seed_source_timestamp":56809454595300,"circlet_count":0,"master_deck":["Strike_R","Strike_R","Strike_R+1","Strike_R","Defend_R","Defend_R","Defend_R","Bash","Shrug It Off","Flex","Ghostly Armor+1","Infernal Blade+1","Dropkick","Barricade+1","Rage+1","Exhume+1","Rage+1","Armaments+1","Armaments+1","Dramatic Entrance","Demon Form","Headbutt","Shrug It Off+1","Seeing Red+1","Metallicize","Exhume+1","Ghostly Armor+1","Reaper+1","Fiend Fire+1","Perfected Strike+1","Sever Soul","Madness+1","Madness+1","Headbutt+1","Perfected Strike+1","True Grit+1","Sentinel+1","Exhume+1","Pommel Strike+1"],"relics":["Burning Blood","Centennial Puzzle","PreservedInsect","Toxic Egg 2","Runic Pyramid","Toy Ornithopter","Oddly Smooth Stone","Lantern","MawBank","Juzu Bracelet","Astrolabe","Sling","Blood Vial","Nunchaku","Omamori","Whetstone","Charon\u0027s Ashes"],"potions_floor_usage":[16,21,21,28,30,33,44,45,50,50,50],"damage_taken":[{"damage":5,"enemies":"2 Louse","floor":1,"turns":3},{"damage":0,"enemies":"Cultist","floor":3,"turns":3},{"damage":0,"enemies":"Small Slimes","floor":5,"turns":3},{"damage":49,"enemies":"3 Sentries","floor":6,"turns":11},{"damage":5,"enemies":"Red Slaver","floor":8,"turns":3},{"damage":11,"enemies":"Exordium Thugs","floor":10,"turns":6},{"damage":0,"enemies":"Looter","floor":11,"turns":2},{"damage":3,"enemies":"Gremlin Nob","floor":13,"turns":3},{"damage":8,"enemies":"2 Fungi Beasts","floor":14,"turns":3},{"damage":64,"enemies":"Hexaghost","floor":16,"turns":15},{"damage":36,"enemies":"Shell Parasite","floor":18,"turns":8},{"damage":32,"enemies":"3 Byrds","floor":20,"turns":7},{"damage":39,"enemies":"Snecko","floor":21,"turns":9},{"damage":0,"enemies":"Cultist and Chosen","floor":22,"turns":6},{"damage":1,"enemies":"Snake Plant","floor":25,"turns":4},{"damage":23,"enemies":"Book of Stabbing","floor":27,"turns":6},{"damage":5,"enemies":"Chosen and Byrds","floor":28,"turns":8},{"damage":22,"enemies":"3 Cultists","floor":29,"turns":7},{"damage":0,"enemies":"Gremlin Leader","floor":30,"turns":4},{"damage":0,"enemies":"Champ","floor":33,"turns":12},{"damage":13,"enemies":"3 Shapes","floor":35,"turns":6},{"damage":18,"enemies":"Orb Walker","floor":36,"turns":4},{"damage":18,"enemies":"Mind Bloom Boss Battle","floor":39,"turns":6},{"damage":39,"enemies":"Nemesis","floor":40,"turns":5},{"damage":60,"enemies":"Giant Head","floor":44,"turns":7},{"damage":12,"enemies":"Sphere and 2 Shapes","floor":45,"turns":2},{"damage":0,"enemies":"Transient","floor":47,"turns":5},{"damage":15,"enemies":"Maw","floor":48,"turns":8},{"damage":111,"enemies":"Awakened One","floor":50,"turns":14}],"seed_played":"-5958496809804016852","potions_obtained":[{"floor":3,"key":"SneckoOil"},{"floor":6,"key":"Energy Potion"},{"floor":10,"key":"BloodPotion"},{"floor":13,"key":"PowerPotion"},{"floor":16,"key":"Fire Potion"},{"floor":27,"key":"Regen Potion"},{"floor":29,"key":"SteroidPotion"},{"floor":33,"key":"Weak Potion"},{"floor":40,"key":"Ancient Potion"},{"floor":44,"key":"BloodPotion"},{"floor":45,"key":"Block Potion"}],"is_trial":false,"path_per_floor":["M","?","M","?","M","E","R","M","T","M","M","R","E","M","R","B",null,"M","?","M","M","M","R","$","M","T","E","M","M","E","?","R","B",null,"M","M","?","$","?","E","?","R","T","E","M","R","M","M","R","B",null],"character_chosen":"IRONCLAD","items_purchased":["Dramatic Entrance","Toy Ornithopter","Oddly Smooth Stone","Sling","Blood Vial","Block Potion"],"campfire_rested":5,"item_purchase_floors":[24,24,24,38,38,38],"current_hp_per_floor":[88,81,87,88,88,45,45,46,46,41,47,73,76,74,74,16,88,58,58,32,21,27,53,53,58,58,41,62,46,57,40,67,78,93,89,81,69,69,67,43,43,43,43,10,34,61,74,70,93,25],"gold":232,"neow_bonus":"TEN_PERCENT_HP_BONUS","is_prod":false,"is_daily":false,"chose_seed":false,"campfire_upgraded":3,"win_rate":0.0,"timestamp":1568364005,"path_taken":["M","?","M","?","M","E","R","?","T","M","M","R","E","M","R","BOSS","M","?","?","M","M","R","$","M","T","E","M","M","E","?","R","BOSS","M","M","?","$","?","E","?","R","T","E","M","R","M","M","R","BOSS"],"build_version":"2019-07-17","purchased_purges":0,"victory":true,"max_hp_per_floor":[88,88,88,88,88,88,88,88,88,88,88,88,88,88,88,88,88,88,88,88,88,88,88,88,88,88,88,88,88,88,93,93,93,93,93,93,93,93,93,93,93,93,93,93,93,93,93,93,93,93],"card_choices":[{"not_picked":["Iron Wave","Second Wind"],"picked":"Shrug It Off","floor":1},{"not_picked":["Havoc","Whirlwind"],"picked":"Rampage","floor":3},{"not_picked":["Battle Trance","Heavy Blade"],"picked":"Flex","floor":5},{"not_picked":["Flame Barrier","Searing Blow"],"picked":"Ghostly Armor","floor":6},{"not_picked":["Uppercut","Wild Strike"],"picked":"Clash","floor":8},{"not_picked":["Wild Strike","Heavy Blade"],"picked":"Havoc","floor":10},{"not_picked":["Warcry","Whirlwind"],"picked":"Infernal Blade","floor":11},{"not_picked":["Hemokinesis","Evolve"],"picked":"Dropkick","floor":13},{"not_picked":["Shrug It Off+1","Havoc+1"],"picked":"Clash","floor":14},{"not_picked":["Berserk","Offering+1"],"picked":"Barricade","floor":16},{"not_picked":["Anger","Armaments+1"],"picked":"Rage+1","floor":18},{"not_picked":["Sever Soul","Warcry+1"],"picked":"Rage+1","floor":20},{"not_picked":["Combust","Perfected Strike"],"picked":"Armaments+1","floor":21},{"not_picked":["Disarm+1","Thunderclap"],"picked":"Armaments+1","floor":22},{"not_picked":["Rage+1","Perfected Strike+1"],"picked":"Demon Form","floor":25},{"not_picked":["Heavy Blade","Clash"],"picked":"Headbutt","floor":27},{"not_picked":["Wild Strike","Heavy Blade"],"picked":"Shrug It Off+1","floor":28},{"not_picked":["Clothesline","Bloodletting+1"],"picked":"Seeing Red+1","floor":29},{"not_picked":["Sword Boomerang+1","True Grit+1"],"picked":"Metallicize","floor":30},{"not_picked":["Offering+1","Bludgeon"],"picked":"Exhume+1","floor":33},{"not_picked":["Clothesline+1","Hemokinesis"],"picked":"Perfected Strike+1","floor":35},{"not_picked":["Rage+1","Cleave+1"],"picked":"Sever Soul","floor":36},{"not_picked":["Clothesline","Second Wind+1"],"picked":"Headbutt","floor":39},{"not_picked":["Wild Strike","Armaments+1"],"picked":"Perfected Strike+1","floor":40},{"not_picked":["Iron Wave+1","Flex+1"],"picked":"True Grit+1","floor":44},{"not_picked":["Whirlwind+1","Clothesline+1"],"picked":"Sentinel+1","floor":45},{"not_picked":["Anger","Cleave"],"picked":"Exhume+1","floor":47},{"not_picked":["Havoc+1","Sword Boomerang+1"],"picked":"Pommel Strike+1","floor":48}],"player_experience":36673,"relics_obtained":[{"floor":6,"key":"Centennial Puzzle"},{"floor":9,"key":"PreservedInsect"},{"floor":13,"key":"Toxic Egg 2"},{"floor":26,"key":"Lantern"},{"floor":27,"key":"MawBank"},{"floor":30,"key":"Juzu Bracelet"},{"floor":39,"key":"Nunchaku"},{"floor":40,"key":"Omamori"},{"floor":43,"key":"Whetstone"},{"floor":44,"key":"Charon\u0027s Ashes"}],"event_choices":[{"cards_removed":["Defend_R"],"damage_healed":0,"gold_gain":0,"player_choice":"Card Removal","damage_taken":7,"max_hp_gain":0,"max_hp_loss":0,"event_name":"Golden Wing","floor":2,"gold_loss":0},{"cards_removed":["Rampage"],"damage_healed":1,"gold_gain":0,"player_choice":"Offered Uncommon","damage_taken":0,"max_hp_gain":0,"max_hp_loss":0,"event_name":"Bonfire Elementals","floor":4,"gold_loss":0},{"damage_healed":0,"gold_gain":0,"player_choice":"1 cards matched","damage_taken":0,"max_hp_gain":0,"max_hp_loss":0,"event_name":"Match and Keep!","floor":19,"gold_loss":0,"cards_obtained":["Exhume"]},{"damage_healed":0,"gold_gain":0,"player_choice":"1 cards matched","damage_taken":0,"max_hp_gain":0,"max_hp_loss":0,"event_name":"Match and Keep!","floor":19,"gold_loss":0,"cards_obtained":["Exhume"]},{"damage_healed":0,"gold_gain":0,"player_choice":"Shed Blood","damage_taken":22,"max_hp_gain":5,"max_hp_loss":0,"event_name":"Forgotten Altar","floor":31,"gold_loss":0},{"damage_healed":0,"gold_gain":0,"player_choice":"Embrace Madness","damage_taken":12,"max_hp_gain":0,"max_hp_loss":0,"event_name":"Winding Halls","floor":37,"gold_loss":0,"cards_obtained":["Madness","Madness"]},{"damage_healed":0,"gold_gain":0,"player_choice":"Fight","damage_taken":0,"max_hp_gain":0,"max_hp_loss":0,"event_name":"MindBloom","floor":39,"gold_loss":0},{"cards_removed":["Strike_R"],"damage_healed":0,"gold_gain":0,"player_choice":"Purged","damage_taken":0,"max_hp_gain":0,"max_hp_loss":0,"event_name":"Purifier","floor":41,"gold_loss":0}],"is_beta":false,"boss_relics":[{"not_picked":["Eternal Feather","Black Star"],"picked":"Runic Pyramid"},{"not_picked":["Lizard Tail","Snecko Eye"],"picked":"Astrolabe"}],"items_purged_floors":[],"is_endless":false,"potions_floor_spawned":[3,6,10,13,16,20,27,29,33,40,44,45],"ascension_level":0}