{"gold_per_floor":[113,128,46,61,72,104,104,115,115,115,150,75,88,107,107,206,206,217,39,138,13,0,0,33,33,103,119,119,148,168,168,168,264,264,283,193,124,144,161,161,161],"floor_reached":41,"playtime":2775,"items_purged":["Strike_G","Storm of Steel+1","Strike_G"],"score":584,"play_id":"9f93677d-c2b4-481f-8e7f-f8835da3e008","local_time":"20190919234858","is_ascension_mode":true,"campfire_choices":[{"data":"Adrenaline","floor":7.0,"key":"SMITH"},{"floor":15.0,"key":"REST"},{"data":"Catalyst","floor":23.0,"key":"SMITH"},{"floor":25.0,"key":"REST"},{"data":"Neutralize","floor":28.0,"key":"SMITH"},{"data":"Backflip","floor":32.0,"key":"SMITH"},{"data":"All Out Attack","floor":40,"key":"SMITH"}],"neow_cost":"NONE","seed_source_timestamp":0,"circlet_count":0,"master_deck":["Defend_G","Defend_G","Survivor","Neutralize+1","Deadly Poison","All Out Attack+1","Adrenaline+1","Poisoned Stab+1","Noxious Fumes+1","Backflip+1","Deflect","Catalyst+1","Tools of the Trade+1","Dagger Spray+1","Skewer+1","Footwork+1","Caltrops+1","Backstab","After Image+1","Footwork+1","Backflip+1"],"special_seed":0,"relics":["Ring of the Snake","Frozen Egg 2","Regal Pillow","Blood Vial","Astrolabe","Singing Bowl","Mango","Velvet Choker"],"potions_floor_usage":[39,41],"damage_taken":[{"damage":0.0,"enemies":"Jaw Worm","floor":1.0,"turns":5.0},{"damage":0.0,"enemies":"Cultist","floor":2.0,"turns":4.0},{"damage":0.0,"enemies":"Small Slimes","floor":4.0,"turns":3.0},{"damage":9.0,"enemies":"3 Louse","floor":5.0,"turns":2.0},{"damage":0.0,"enemies":"Gremlin Nob","floor":6.0,"turns":3.0},{"damage":0.0,"enemies":"Blue Slaver","floor":8.0,"turns":3.0},{"damage":30.0,"enemies":"Lagavulin","floor":11.0,"turns":5.0},{"damage":1.0,"enemies":"Red Slaver","floor":13.0,"turns":2.0},{"damage":4.0,"enemies":"Looter","floor":14.0,"turns":2.0},{"damage":2.0,"enemies":"Hexaghost","floor":16.0,"turns":6.0},{"damage":11.0,"enemies":"3 Byrds","floor":18.0,"turns":4.0},{"damage":40.0,"enemies":"Slavers","floor":24.0,"turns":5.0},{"damage":4.0,"enemies":"Chosen","floor":27.0,"turns":3.0},{"damage":19.0,"enemies":"Gremlin Leader","floor":29.0,"turns":5.0},{"damage":17.0,"enemies":"Snake Plant","floor":30.0,"turns":3.0},{"damage":23.0,"enemies":"Collector","floor":33.0,"turns":7.0},{"damage":6.0,"enemies":"3 Darklings","floor":35.0,"turns":4.0},{"damage":4,"enemies":"3 Shapes","floor":38,"turns":4},{"damage":14,"enemies":"Spire Growth","floor":39,"turns":4},{"damage":74,"enemies":"Reptomancer","floor":41,"turns":6}],"seed_played":"-6517620507961744719","potions_obtained":[{"floor":4.0,"key":"FearPotion"},{"floor":5.0,"key":"Block Potion"},{"floor":6.0,"key":"SkillPotion"},{"floor":13.0,"key":"GhostInAJar"},{"floor":14.0,"key":"Weak Potion"},{"floor":18.0,"key":"Dexterity Potion"},{"floor":24.0,"key":"GamblersBrew"},{"floor":29.0,"key":"Ancient Potion"},{"floor":33.0,"key":"SteroidPotion"},{"floor":38,"key":"EssenceOfSteel"}],"is_trial":false,"path_per_floor":["M","M","$","M","M","E","R","M","T","?","E","$","M","M","R","B",null,"M","$","?","$","?","R","E","R","T","M","R","E","M","?","R","B",null,"M","?","$","M","M","R","E"],"character_chosen":"THE_SILENT","items_purchased":["Adrenaline","Footwork+1","Footwork+1"],"campfire_rested":2,"item_purchase_floors":[3,19,37],"current_hp_per_floor":[70,70,70,70,61,61,61,61,61,61,31,31,32,30,66,66,70,59,59,59,59,59,59,23,59,59,57,57,56,41,41,41,20,88,84,84,84,82,72,72,0],"gold":161,"neow_bonus":"REMOVE_CARD","is_prod":false,"is_daily":false,"chose_seed":false,"campfire_upgraded":5,"win_rate":0,"timestamp":1568962138,"path_taken":["M","M","$","M","M","E","R","M","T","?","E","$","?","M","R","BOSS","M","$","?","$","?","R","E","R","T","M","R","E","M","?","R","BOSS","M","?","$","M","?","R","E"],"build_version":"2019-07-17","purchased_purges":3,"victory":false,"max_hp_per_floor":[70,70,70,70,70,70,70,70,70,70,70,70,70,70,70,70,70,70,70,70,70,70,70,72,72,72,72,72,88,88,88,88,88,88,90,90,90,90,92,92,92],"card_choices":[{"not_picked":["Outmaneuver","Dagger Throw"],"picked":"Deadly Poison","floor":1.0},{"not_picked":["Deflect","Heel Hook"],"picked":"All Out Attack","floor":2.0},{"not_picked":["Prepared","Blade Dance"],"picked":"Quick Slash","floor":4.0},{"not_picked":["Slice","Quick Slash"],"picked":"Poisoned Stab","floor":5.0},{"not_picked":["Escape Plan","Heel Hook"],"picked":"Noxious Fumes","floor":6.0},{"not_picked":["Outmaneuver","Calculated Gamble"],"picked":"Backflip","floor":8.0},{"not_picked":["Riddle With Holes","Blade Dance"],"picked":"Deflect","floor":11.0},{"not_picked":["Masterful Stab","Noxious Fumes+1"],"picked":"Catalyst","floor":13.0},{"not_picked":["Masterful Stab","Storm of Steel","Blade Dance"],"picked":"SKIP","floor":14.0},{"not_picked":["Phantasmal Killer","Storm of Steel"],"picked":"Tools of the Trade+1","floor":16.0},{"not_picked":["Dagger Throw","Dagger Spray","Finisher"],"picked":"SKIP","floor":18.0},{"not_picked":["Calculated Gamble","Skewer","Masterful Stab"],"picked":"Singing Bowl","floor":24.0},{"not_picked":["Infinite Blades+1","Dagger Throw+1"],"picked":"Caltrops+1","floor":27.0},{"not_picked":["Cloak And Dagger+1","Underhanded Strike+1","Bane"],"picked":"Singing Bowl","floor":29.0},{"not_picked":["Deadly Poison","Cloak And Dagger"],"picked":"Backstab","floor":30.0},{"not_picked":["Adrenaline","Unload"],"picked":"After Image+1","floor":33.0},{"not_picked":["Blur+1","Tactician+1","Riddle With Holes"],"picked":"Singing Bowl","floor":35.0},{"not_picked":["Outmaneuver","Dagger Spray"],"picked":"Backflip+1","floor":38},{"not_picked":["Slice","Flying Knee","Blade Dance"],"picked":"Singing Bowl","floor":39}],"player_experience":138801,"relics_obtained":[{"floor":6.0,"key":"Frozen Egg 2"},{"floor":9.0,"key":"Regal Pillow"},{"floor":11.0,"key":"Blood Vial"},{"floor":24.0,"key":"Singing Bowl"},{"floor":29.0,"key":"Mango"}],"event_choices":[{"cards_removed":["Defend_G"],"damage_healed":0.0,"max_hp_gain":0.0,"max_hp_loss":0.0,"gold_gain":0.0,"event_name":"Bonfire Elementals","player_choice":"Offered Basic","floor":10.0,"gold_loss":0.0,"damage_taken":0.0},{"damage_healed":0.0,"max_hp_gain":0.0,"max_hp_loss":0.0,"gold_gain":99.0,"event_name":"Nest","player_choice":"Stole From Cult","floor":20.0,"gold_loss":0.0,"damage_taken":0.0},{"damage_healed":0.0,"max_hp_gain":0.0,"max_hp_loss":0.0,"gold_gain":0.0,"event_name":"Masked Bandits","player_choice":"Paid Fearfully","floor":22.0,"gold_loss":13.0,"damage_taken":0.0},{"cards_removed":["Quick Slash"],"damage_healed":0.0,"max_hp_gain":0.0,"max_hp_loss":0.0,"gold_gain":0.0,"event_name":"Back to Basics","player_choice":"Elegance","floor":31.0,"gold_loss":0.0,"damage_taken":0.0},{"cards_removed":["Defend_G"],"damage_healed":0.0,"max_hp_gain":0.0,"max_hp_loss":0.0,"gold_gain":0.0,"event_name":"Designer","player_choice":"Upgrade and Remove","floor":36.0,"gold_loss":90.0,"damage_taken":0.0,"cards_upgraded":["Poisoned Stab"]}],"is_beta":false,"boss_relics":[{"not_picked":["WristBlade","Empty Cage"],"picked":"Astrolabe"},{"not_picked":["Lizard Tail","HoveringKite"],"picked":"Velvet Choker"}],"items_purged_floors":[12,19,21],"is_endless":false,"potions_floor_spawned":[4,5,6,13,14,18,24,29,33,38],"killed_by":"Reptomancer","ascension_level":4}