{"gold_per_floor":[118,137,152,227,244,244,254,289,289,304,304,339,339,365,365,466,466,481,406,3,3,3,36,49,77,77,109,109,124,134,159,159,254,254,271,271,271,281,298,324,11,11,11,39,139,154,58,112,112,137],"floor_reached":50,"playtime":2369,"items_purged":["Strike_G"],"score":867,"play_id":"29cd0fe3-a9fe-445a-8b2d-4177a14ddfdf","local_time":"20190928125743","is_ascension_mode":true,"campfire_choices":[{"data":"Poisoned Stab","floor":6,"key":"SMITH"},{"floor":11,"key":"REST"},{"data":"Underhanded Strike","floor":13,"key":"SMITH"},{"data":"Neutralize","floor":15,"key":"SMITH"},{"data":"Noxious Fumes","floor":32,"key":"SMITH"},{"data":"Footwork","floor":42,"key":"SMITH"},{"floor":49,"key":"RECALL"}],"neow_cost":"PERCENT_DAMAGE","seed_source_timestamp":1160709784341100,"circlet_count":0,"master_deck":["Strike_G","Defend_G","Defend_G","Defend_G","Defend_G","Survivor","Neutralize+1","Riddle With Holes","Dodge and Roll","Poisoned Stab+1","Calculated Gamble","Poisoned Stab","Dagger Throw","Reflex","Underhanded Strike+1","Wraith Form v2","Choke","Underhanded Strike+1","Acrobatics","Noxious Fumes+1","Expertise+1","RitualDagger+1","Footwork+1","Bullet Time","HandOfGreed+1","Underhanded Strike+1","Envenom","Underhanded Strike+1","Tactician+1","Dagger Throw+1"],"relics":["Ring of the Snake","Meat on the Bone","PreservedInsect","Singing Bowl","Snecko Eye","Molten Egg 2","Regal Pillow","Bag of Marbles","Mercury Hourglass","Gremlin Horn","Strawberry","Coffee Dripper","Toxic Egg 2","Tough Bandages","The Courier","Vajra","CaptainsWheel","CeramicFish"],"potions_floor_usage":[12,16,16,16,33,33,46],"damage_taken":[{"damage":0,"enemies":"2 Louse","floor":1,"turns":3},{"damage":0,"enemies":"Small Slimes","floor":2,"turns":4},{"damage":1,"enemies":"Jaw Worm","floor":3,"turns":4},{"damage":5,"enemies":"Blue Slaver","floor":5,"turns":3},{"damage":3,"enemies":"Looter","floor":7,"turns":3},{"damage":19,"enemies":"Lagavulin","floor":8,"turns":7},{"damage":0,"enemies":"3 Louse","floor":10,"turns":4},{"damage":14,"enemies":"3 Sentries","floor":12,"turns":7},{"damage":17,"enemies":"Lagavulin","floor":14,"turns":4},{"damage":17,"enemies":"Slime Boss","floor":16,"turns":9},{"damage":0,"enemies":"Spheric Guardian","floor":18,"turns":4},{"damage":22,"enemies":"Book of Stabbing","floor":23,"turns":4},{"damage":0,"enemies":"Shell Parasite","floor":24,"turns":2},{"damage":0,"enemies":"Slavers","floor":25,"turns":3},{"damage":0,"enemies":"Gremlin Leader","floor":27,"turns":2},{"damage":0,"enemies":"Snake Plant","floor":29,"turns":4},{"damage":0,"enemies":"Cultist and Chosen","floor":30,"turns":4},{"damage":2,"enemies":"Slavers","floor":31,"turns":4},{"damage":51,"enemies":"Collector","floor":33,"turns":9},{"damage":0,"enemies":"3 Shapes","floor":35,"turns":3},{"damage":3,"enemies":"Orb Walker","floor":38,"turns":3},{"damage":5,"enemies":"Spire Growth","floor":39,"turns":2},{"damage":0,"enemies":"Nemesis","floor":40,"turns":1},{"damage":0,"enemies":"Giant Head","floor":44,"turns":3},{"damage":18,"enemies":"Mind Bloom Boss Battle","floor":45,"turns":4},{"damage":0,"enemies":"Writhing Mass","floor":46,"turns":2},{"damage":0,"enemies":"Reptomancer","floor":48,"turns":2},{"damage":62,"enemies":"Awakened One","floor":50,"turns":11}],"seed_played":"-2244675785365582577","potions_obtained":[{"floor":5,"key":"Ancient Potion"},{"floor":8,"key":"Dexterity Potion"},{"floor":10,"key":"SpeedPotion"},{"floor":14,"key":"Explosive Potion"},{"floor":16,"key":"SteroidPotion"},{"floor":27,"key":"Explosive Potion"},{"floor":29,"key":"Regen Potion"},{"floor":33,"key":"GamblersBrew"},{"floor":38,"key":"LiquidBronze"},{"floor":40,"key":"LiquidBronze"},{"floor":46,"key":"PowerPotion"},{"floor":48,"key":"Strength Potion"}],"is_trial":false,"path_per_floor":["M","M","M","?","M","R","M","E","T","M","R","E","R","E","R","B",null,"M","?","$","?","?","E","M","E","T","E","?","M","M","E","R","B",null,"M","?","?","M","M","E","$","R","T","E","?","M","$","E","R","B"],"character_chosen":"THE_SILENT","items_purchased":["Molten Egg 2","Underhanded Strike+1","Acrobatics","Tough Bandages","Tactician+1","Dagger Throw+1"],"campfire_rested":1,"item_purchase_floors":[20,20,20,41,47,47],"current_hp_per_floor":[49,49,48,37,32,32,29,10,10,22,43,41,41,38,38,33,72,72,72,72,72,72,50,52,52,52,54,48,48,50,57,57,33,87,89,85,79,78,73,73,73,73,73,75,57,59,59,61,61,0],"gold":137,"neow_bonus":"TRANSFORM_TWO_CARDS","is_prod":false,"is_daily":false,"chose_seed":false,"campfire_upgraded":5,"win_rate":0,"timestamp":1569671863,"path_taken":["M","M","M","?","M","R","M","E","T","M","R","E","R","E","R","BOSS","M","?","$","?","?","E","M","E","T","E","?","M","M","E","R","BOSS","M","?","?","M","M","E","$","R","T","E","?","M","$","E","R","BOSS"],"build_version":"2019-09-27","purchased_purges":1,"victory":false,"max_hp_per_floor":[70,70,70,70,70,70,70,70,70,70,70,70,70,72,72,72,72,72,72,72,72,72,72,74,74,74,76,76,76,78,87,87,87,87,89,85,89,91,91,91,91,91,91,93,93,95,95,97,97,97],"card_choices":[{"not_picked":["Deadly Poison","Deflect"],"picked":"Poisoned Stab","floor":1},{"not_picked":["Setup","Concentrate"],"picked":"Calculated Gamble","floor":2},{"not_picked":["Flying Knee","Backflip"],"picked":"Poisoned Stab","floor":3},{"not_picked":["Choke","Caltrops"],"picked":"Dagger Throw","floor":5},{"not_picked":["Distraction","Slice"],"picked":"Reflex","floor":7},{"not_picked":["Unload","Acrobatics"],"picked":"Underhanded Strike","floor":8},{"not_picked":["Sucker Punch","Predator","Blur"],"picked":"SKIP","floor":10},{"not_picked":["Flechettes","Outmaneuver","Prepared"],"picked":"SKIP","floor":12},{"not_picked":["Storm of Steel","Predator","Bane"],"picked":"Singing Bowl","floor":14},{"not_picked":["Doppelganger","Storm of Steel"],"picked":"Wraith Form v2","floor":16},{"not_picked":["Calculated Gamble+1","Blade Dance+1"],"picked":"Choke","floor":18},{"not_picked":["Dagger Spray+1","All Out Attack+1"],"picked":"Noxious Fumes","floor":23},{"not_picked":["Outmaneuver","Acrobatics","Setup"],"picked":"Singing Bowl","floor":24},{"not_picked":["PiercingWail","Outmaneuver"],"picked":"Expertise+1","floor":25},{"not_picked":["Deadly Poison","Backstab+1","Escape Plan"],"picked":"Singing Bowl","floor":27},{"not_picked":["Cloak And Dagger+1","Bane+1"],"picked":"Footwork","floor":29},{"not_picked":["Deflect","Dagger Throw+1","Outmaneuver+1"],"picked":"Singing Bowl","floor":30},{"not_picked":["Dagger Spray+1","Tactician","Bane+1"],"picked":"Singing Bowl","floor":31},{"not_picked":["A Thousand Cuts","Burst"],"picked":"Bullet Time","floor":33},{"not_picked":["Backflip","Prepared+1","Blade Dance"],"picked":"Singing Bowl","floor":35},{"not_picked":["Impatience","Enlightenment","PanicButton"],"picked":"Singing Bowl","floor":37},{"not_picked":["Madness","Jack Of All Trades","Dramatic Entrance+1"],"picked":"Singing Bowl","floor":37},{"not_picked":["Bandage Up","Jack Of All Trades"],"picked":"HandOfGreed+1","floor":37},{"not_picked":["Infinite Blades+1","Finisher+1","Quick Slash+1"],"picked":"Singing Bowl","floor":38},{"not_picked":["Expertise","Slice+1"],"picked":"Underhanded Strike+1","floor":39},{"not_picked":["Deflect","Dagger Throw+1"],"picked":"Envenom","floor":40},{"not_picked":["Die Die Die+1","Poisoned Stab+1","Flying Knee+1"],"picked":"Singing Bowl","floor":44},{"not_picked":["Quick Slash+1","Outmaneuver+1"],"picked":"Underhanded Strike+1","floor":45},{"not_picked":["Quick Slash+1","Cloak And Dagger+1","Dagger Throw+1"],"picked":"Singing Bowl","floor":46},{"not_picked":["Underhanded Strike+1","Reflex+1","Deadly Poison+1"],"picked":"Singing Bowl","floor":48}],"player_experience":1572255,"relics_obtained":[{"floor":8,"key":"Meat on the Bone"},{"floor":12,"key":"PreservedInsect"},{"floor":14,"key":"Singing Bowl"},{"floor":23,"key":"Regal Pillow"},{"floor":25,"key":"Bag of Marbles"},{"floor":26,"key":"Mercury Hourglass"},{"floor":27,"key":"Gremlin Horn"},{"floor":31,"key":"Strawberry"},{"floor":40,"key":"Toxic Egg 2"},{"floor":43,"key":"The Courier"},{"floor":44,"key":"Vajra"},{"floor":45,"key":"CaptainsWheel"},{"floor":48,"key":"CeramicFish"}],"event_choices":[{"damage_healed":0,"gold_gain":75,"player_choice":"Gather Gold","damage_taken":11,"max_hp_gain":0,"max_hp_loss":0,"event_name":"World of Goop","floor":4,"gold_loss":0},{"cards_removed":["Strike_G"],"damage_healed":0,"gold_gain":0,"player_choice":"Gave Gold","damage_taken":0,"max_hp_gain":0,"max_hp_loss":0,"event_name":"Beggar","floor":19,"gold_loss":75},{"cards_removed":["Strike_G"],"damage_healed":0,"gold_gain":0,"player_choice":"Elegance","damage_taken":0,"max_hp_gain":0,"max_hp_loss":0,"event_name":"Back to Basics","floor":22,"gold_loss":0},{"damage_healed":0,"gold_gain":0,"player_choice":"Joined the Cult","damage_taken":6,"max_hp_gain":0,"max_hp_loss":0,"event_name":"Nest","floor":28,"gold_loss":0,"cards_obtained":["RitualDagger"]},{"damage_healed":0,"gold_gain":0,"player_choice":"Max HP","damage_taken":0,"max_hp_gain":0,"max_hp_loss":4,"event_name":"Winding Halls","floor":36,"gold_loss":0},{"damage_healed":0,"gold_gain":0,"player_choice":"Memory 3","damage_taken":10,"max_hp_gain":0,"max_hp_loss":0,"event_name":"SensoryStone","floor":37,"gold_loss":0},{"damage_healed":0,"gold_gain":0,"player_choice":"Fight","damage_taken":0,"max_hp_gain":0,"max_hp_loss":0,"event_name":"MindBloom","floor":45,"gold_loss":0}],"is_beta":true,"boss_relics":[{"not_picked":["Ring of the Serpent","Cursed Key"],"picked":"Snecko Eye"},{"not_picked":["Pandora\u0027s Box","WristBlade"],"picked":"Coffee Dripper"}],"items_purged_floors":[20],"is_endless":false,"potions_floor_spawned":[5,8,10,14,16,27,29,30,33,38,40,45,46,48],"killed_by":"Awakened One","ascension_level":1}