{"gold_per_floor":[119,119,19,39,55,55,80,97,97,97,129,144,144,16,16,111,111,126,226,26,26,38,64,64,83,108,123,183,202,202,202,202,202],"floor_reached":33,"playtime":960,"items_purged":["Defend_R","Strike_R","Strike_R"],"score":361,"play_id":"82c413dd-55dd-4fa3-b01b-cadc8a6e6299","local_time":"20190406155039","is_ascension_mode":true,"campfire_choices":[{"data":"Infernal Blade","floor":6,"key":"SMITH"},{"floor":15,"key":"REST"},{"floor":24,"key":"REST"},{"data":"Armaments","floor":30,"key":"SMITH"},{"floor":32,"key":"REST"}],"neow_cost":"NONE","seed_source_timestamp":1200542194477200,"circlet_count":0,"master_deck":["Strike_R","Strike_R","Defend_R","Defend_R","Defend_R","Bash","Cleave","Armaments+1","Infernal Blade+1","Flex+1","Bludgeon","Pommel Strike","Searing Blow+1","Iron Wave+1","Reaper+1","Sword Boomerang+1","Bloodletting","Armaments+1","Headbutt+1","Iron Wave+1","Iron Wave+1","Clothesline+1"],"relics":["Runic Dome","Smiling Mask","Omamori","Molten Egg 2","Champion Belt","Mark of Pain","Magic Flower","Bottled Lightning","Vajra","Art of War","Pear","Bronze Scales","Tiny Chest"],"potions_floor_usage":[11,16,19,19,25,27,28,28],"damage_taken":[{"damage":6,"enemies":"Cultist","floor":1,"turns":3},{"damage":0,"enemies":"Small Slimes","floor":4,"turns":2},{"damage":7,"enemies":"2 Louse","floor":5,"turns":2},{"damage":31,"enemies":"Lagavulin","floor":7,"turns":4},{"damage":0,"enemies":"Blue Slaver","floor":8,"turns":1},{"damage":0,"enemies":"3 Sentries","floor":11,"turns":1},{"damage":6,"enemies":"2 Fungi Beasts","floor":12,"turns":2},{"damage":45,"enemies":"Hexaghost","floor":16,"turns":9},{"damage":10,"enemies":"2 Thieves","floor":18,"turns":2},{"damage":23,"enemies":"Colosseum Slavers","floor":19,"turns":3},{"damage":22,"enemies":"Colosseum Nobs","floor":19,"turns":4},{"damage":23,"enemies":"Spheric Guardian","floor":22,"turns":4},{"damage":52,"enemies":"Gremlin Leader","floor":23,"turns":6},{"damage":8,"enemies":"3 Cultists","floor":25,"turns":3},{"damage":0,"enemies":"Chosen and Byrds","floor":27,"turns":3},{"damage":12,"enemies":"Book of Stabbing","floor":28,"turns":3},{"damage":24,"enemies":"Shelled Parasite and Fungi","floor":29,"turns":4},{"damage":75,"enemies":"Champ","floor":33,"turns":9}],"seed_played":"-8565999230091937879","potions_obtained":[{"floor":5,"key":"LiquidBronze"},{"floor":7,"key":"AttackPotion"},{"floor":8,"key":"SpeedPotion"},{"floor":11,"key":"FearPotion"},{"floor":22,"key":"GamblersBrew"},{"floor":23,"key":"Poison Potion"},{"floor":25,"key":"Block Potion"},{"floor":27,"key":"LiquidBronze"}],"is_trial":false,"path_per_floor":["M","?","$","M","M","R","E","M","T","?","E","M","?","$","R","B",null,"M","?","$","?","M","E","R","M","T","M","E","M","R","?","R","B"],"character_chosen":"IRONCLAD","items_purchased":["Armaments","Regen Potion","Vajra"],"campfire_rested":3,"item_purchase_floors":[3,14,20],"current_hp_per_floor":[74,74,74,74,67,67,36,36,36,36,36,30,30,30,54,24,80,70,53,53,53,35,38,65,89,89,90,78,54,54,36,64,0],"gold":202,"neow_bonus":"BOSS_RELIC","is_prod":false,"is_daily":false,"chose_seed":false,"campfire_upgraded":2,"win_rate":0,"timestamp":1554555039,"path_taken":["M","?","$","M","M","R","E","?","T","?","E","M","?","$","R","BOSS","M","?","$","?","M","E","R","M","T","M","E","?","R","?","R","BOSS"],"build_version":"2019-01-23","purchased_purges":3,"victory":false,"max_hp_per_floor":[80,80,80,80,80,80,80,80,80,80,80,80,80,80,80,80,80,80,80,80,80,80,90,90,90,90,90,90,90,90,95,95,95],"card_choices":[{"not_picked":["Searing Blow","Whirlwind"],"picked":"Cleave","floor":1},{"not_picked":["Corruption","Iron Wave"],"picked":"Infernal Blade","floor":4},{"not_picked":["Sword Boomerang","Hemokinesis"],"picked":"Flex","floor":5},{"not_picked":["Pommel Strike","Feel No Pain"],"picked":"Bludgeon","floor":7},{"not_picked":["Searing Blow","Anger"],"picked":"Pommel Strike","floor":8},{"not_picked":["Exhume","Evolve"],"picked":"Searing Blow","floor":11},{"not_picked":["True Grit","Body Slam+1"],"picked":"Iron Wave+1","floor":12},{"not_picked":["Double Tap","Demon Form"],"picked":"Reaper+1","floor":16},{"not_picked":["Pommel Strike+1","Havoc"],"picked":"Sword Boomerang+1","floor":18},{"not_picked":["Anger+1","Pommel Strike+1"],"picked":"Bloodletting","floor":19},{"not_picked":["Iron Wave+1","Sword Boomerang+1"],"picked":"Armaments+1","floor":22},{"not_picked":["Corruption","Immolate+1"],"picked":"Headbutt+1","floor":23},{"not_picked":["Heavy Blade+1","Armaments"],"picked":"Iron Wave+1","floor":25},{"not_picked":["Headbutt+1","Body Slam+1"],"picked":"Iron Wave+1","floor":27},{"not_picked":["Whirlwind+1","Havoc","Sentinel+1"],"picked":"SKIP","floor":28},{"not_picked":["Bludgeon+1","Cleave+1"],"picked":"Clothesline+1","floor":29}],"player_experience":248636,"relics_obtained":[{"floor":7,"key":"Smiling Mask"},{"floor":9,"key":"Omamori"},{"floor":11,"key":"Molten Egg 2"},{"floor":19,"key":"Magic Flower"},{"floor":19,"key":"Bottled Lightning"},{"floor":23,"key":"Pear"},{"floor":26,"key":"Bronze Scales"},{"floor":28,"key":"Tiny Chest"}],"event_choices":[{"cards_removed":["Strike_R"],"damage_healed":0,"gold_gain":0,"player_choice":"Offered Basic","damage_taken":0,"max_hp_gain":0,"max_hp_loss":0,"event_name":"Bonfire Elementals","floor":2,"gold_loss":0},{"damage_healed":0,"gold_gain":0,"player_choice":"Grow","damage_taken":0,"max_hp_gain":0,"max_hp_loss":0,"event_name":"Living Wall","floor":10,"gold_loss":0,"cards_upgraded":["Flex"]},{"damage_healed":0,"gold_gain":0,"player_choice":"Box","damage_taken":0,"relics_obtained":["Champion Belt"],"max_hp_gain":0,"max_hp_loss":0,"event_name":"Big Fish","floor":13,"gold_loss":0,"cards_obtained":["Regret"]},{"damage_healed":0,"gold_gain":0,"player_choice":"Fight","damage_taken":0,"max_hp_gain":0,"max_hp_loss":0,"event_name":"Colosseum","floor":19,"gold_loss":0},{"damage_healed":0,"gold_gain":0,"player_choice":"Fought Nobs","damage_taken":0,"max_hp_gain":0,"max_hp_loss":0,"event_name":"Colosseum","floor":19,"gold_loss":0},{"damage_healed":0,"gold_gain":0,"player_choice":"Opened","damage_taken":0,"relics_obtained":["Art of War"],"max_hp_gain":0,"max_hp_loss":0,"event_name":"The Mausoleum","floor":21,"gold_loss":0,"cards_obtained":["Writhe"]},{"damage_healed":0,"gold_gain":0,"player_choice":"Shed Blood","damage_taken":23,"max_hp_gain":5,"max_hp_loss":0,"event_name":"Forgotten Altar","floor":31,"gold_loss":0}],"is_beta":false,"boss_relics":[{"not_picked":["Lizard Tail","Pandora\u0027s Box"],"picked":"Mark of Pain"}],"items_purged_floors":[3,14,20],"is_endless":false,"potions_floor_spawned":[5,7,8,11,19,22,23,25,27],"killed_by":"Champ","ascension_level":1}