{"gold_per_floor":[118,135,194,210,210,238,257,257,280,296,151,151,165,165,165,165],"floor_reached":16,"playtime":1229,"items_purged":["Strike_R"],"score":102,"play_id":"e52f19b5-6ef2-468a-9ad3-fce537403ec9","local_time":"20190908223245","is_ascension_mode":false,"campfire_choices":[{"floor":8,"key":"RECALL"},{"floor":15,"key":"REST"}],"neow_cost":"NONE","seed_source_timestamp":257819574097900,"circlet_count":0,"master_deck":["Strike_R","Strike_R","Strike_R","Defend_R","Defend_R","Defend_R","Defend_R","Bash","Demon Form","Heavy Blade","Disarm","Whirlwind","Shockwave","Twin Strike","Thunderclap","Fire Breathing","Pain","Bloodletting","Offering","Burning Pact"],"relics":["Burning Blood","Pen Nib","Golden Idol"],"potions_floor_usage":[],"damage_taken":[{"damage":2,"enemies":"Small Slimes","floor":1,"turns":4},{"damage":5,"enemies":"Jaw Worm","floor":2,"turns":5},{"damage":3,"enemies":"Cultist","floor":4,"turns":4},{"damage":23,"enemies":"Lagavulin","floor":6,"turns":6},{"damage":0,"enemies":"3 Louse","floor":7,"turns":1},{"damage":18,"enemies":"Exordium Thugs","floor":10,"turns":8},{"damage":17,"enemies":"Blue Slaver","floor":13,"turns":8},{"damage":52,"enemies":"Slime Boss","floor":16,"turns":7}],"seed_played":"1228068758332125688","potions_obtained":[{"floor":1,"key":"Regen Potion"},{"floor":6,"key":"LiquidBronze"},{"floor":7,"key":"Poison Potion"}],"is_trial":false,"path_per_floor":["M","M","?","M","?","E","M","R","T","M","$","?","M","?","R","B"],"character_chosen":"IRONCLAD","items_purchased":["Fire Breathing"],"campfire_rested":1,"item_purchase_floors":[11],"current_hp_per_floor":[80,80,80,80,80,63,69,69,69,57,57,57,46,26,50,0],"gold":165,"neow_bonus":"ONE_RANDOM_RARE_CARD","is_prod":false,"is_daily":false,"chose_seed":false,"campfire_upgraded":0,"win_rate":0,"timestamp":1567974765,"path_taken":["M","M","?","M","?","E","?","R","T","M","$","?","?","?","R","BOSS"],"build_version":"2019-07-17","purchased_purges":1,"victory":false,"max_hp_per_floor":[80,80,80,80,80,80,80,80,80,80,80,80,80,80,80,80],"card_choices":[{"not_picked":["Hemokinesis","Clothesline"],"picked":"Heavy Blade","floor":1},{"not_picked":["Combust","Pommel Strike"],"picked":"Disarm","floor":2},{"not_picked":["Pommel Strike","Inflame"],"picked":"Whirlwind","floor":4},{"not_picked":["Clothesline","Dual Wield"],"picked":"Shockwave","floor":6},{"not_picked":["Corruption","Bloodletting"],"picked":"Twin Strike","floor":7},{"not_picked":["Hemokinesis","Clash"],"picked":"Thunderclap","floor":10},{"not_picked":["Clash","Warcry"],"picked":"Burning Pact","floor":13}],"player_experience":38811,"relics_obtained":[{"floor":6,"key":"Pen Nib"}],"event_choices":[{"damage_healed":0,"gold_gain":59,"player_choice":"Gained Gold","damage_taken":0,"max_hp_gain":0,"max_hp_loss":0,"event_name":"Golden Wing","floor":3,"gold_loss":0},{"cards_removed":["Strike_R"],"damage_healed":0,"gold_gain":0,"player_choice":"Offered Basic","damage_taken":0,"max_hp_gain":0,"max_hp_loss":0,"event_name":"Bonfire Elementals","floor":5,"gold_loss":0},{"damage_healed":0,"gold_gain":0,"player_choice":"3 cards matched","damage_taken":0,"max_hp_gain":0,"max_hp_loss":0,"event_name":"Match and Keep!","floor":12,"gold_loss":0,"cards_obtained":["Pain","Bloodletting","Offering"]},{"damage_healed":0,"gold_gain":0,"player_choice":"Take Damage","damage_taken":20,"relics_obtained":["Golden Idol"],"max_hp_gain":0,"max_hp_loss":0,"event_name":"Golden Idol","floor":14,"gold_loss":0}],"is_beta":false,"boss_relics":[],"items_purged_floors":[11],"is_endless":false,"potions_floor_spawned":[1,6,7],"killed_by":"Slime Boss","ascension_level":0}