{"gold_per_floor":[112,112,122,41,58,93,93,105,132,188,247,247,247],"floor_reached":13,"playtime":350,"items_purged":[],"score":127,"play_id":"1d482af6-1323-4fe2-b98b-b625f59f2ca1","local_time":"20190413203047","is_ascension_mode":true,"campfire_choices":[{"data":"Spot Weakness","floor":7,"key":"SMITH"}],"neow_cost":"PERCENT_DAMAGE","seed_source_timestamp":1822760485175100,"circlet_count":0,"master_deck":["Strike_R","Strike_R","Strike_R","Strike_R+1","Defend_R","Defend_R","Defend_R","Defend_R","Bash","Thunderclap","Fire Breathing","Spot Weakness+1","Iron Wave","Warcry+1","Iron Wave","Spot Weakness","Flex"],"relics":["Burning Blood","PreservedInsect","Smiling Mask","Ancient Tea Set","Tiny Chest"],"potions_floor_usage":[6,8,11,13],"damage_taken":[{"damage":0,"enemies":"Small Slimes","floor":1,"turns":3},{"damage":1,"enemies":"Cultist","floor":3,"turns":3},{"damage":0,"enemies":"2 Louse","floor":5,"turns":3},{"damage":49,"enemies":"Lagavulin","floor":6,"turns":7},{"damage":7,"enemies":"Exordium Thugs","floor":8,"turns":4},{"damage":21,"enemies":"Gremlin Nob","floor":10,"turns":5},{"damage":3,"enemies":"Gremlin Nob","floor":11,"turns":3},{"damage":26,"enemies":"Lagavulin","floor":13,"turns":5}],"seed_played":"-8941892728749765875","potions_obtained":[{"floor":3,"key":"PowerPotion"},{"floor":5,"key":"Explosive Potion"},{"floor":10,"key":"Strength Potion"},{"floor":11,"key":"BloodPotion"}],"is_trial":false,"path_per_floor":["M","?","M","$","M","E","R","M","T","?","E","?","E"],"character_chosen":"IRONCLAD","items_purchased":["Spot Weakness"],"campfire_rested":0,"item_purchase_floors":[4],"current_hp_per_floor":[78,78,83,83,89,46,46,45,45,30,33,14,0],"gold":247,"neow_bonus":"TWENTY_PERCENT_HP_BONUS","is_prod":false,"is_daily":false,"chose_seed":false,"campfire_upgraded":1,"win_rate":0,"timestamp":1555176647,"path_taken":["M","?","M","$","M","E","R","?","T","?","E","?","E"],"build_version":"2019-01-23","purchased_purges":0,"victory":false,"max_hp_per_floor":[96,96,96,96,96,96,96,96,96,96,96,96,96],"card_choices":[{"not_picked":["Twin Strike","Sword Boomerang"],"picked":"Thunderclap","floor":1},{"not_picked":["Combust","Carnage"],"picked":"Fire Breathing","floor":3},{"not_picked":["Pummel","True Grit"],"picked":"Iron Wave","floor":5},{"not_picked":["Anger","Combust"],"picked":"Warcry","floor":6},{"not_picked":["Perfected Strike","Blood for Blood"],"picked":"Iron Wave","floor":8},{"not_picked":["Flex","Headbutt"],"picked":"Spot Weakness","floor":10},{"not_picked":["Dual Wield","Body Slam"],"picked":"Flex","floor":11}],"player_experience":267544,"relics_obtained":[{"floor":6,"key":"PreservedInsect"},{"floor":9,"key":"Smiling Mask"},{"floor":10,"key":"Ancient Tea Set"},{"floor":11,"key":"Tiny Chest"}],"event_choices":[{"cards_removed":["Strike_R"],"damage_healed":0,"gold_gain":0,"player_choice":"Purged","damage_taken":0,"max_hp_gain":0,"max_hp_loss":0,"event_name":"Purifier","floor":2,"gold_loss":0},{"damage_healed":0,"gold_gain":0,"player_choice":"Searched \u00272\u0027 times","damage_taken":0,"max_hp_gain":0,"max_hp_loss":0,"event_name":"Dead Adventurer","floor":10,"gold_loss":0},{"damage_healed":0,"gold_gain":0,"player_choice":"Entered Light","damage_taken":19,"max_hp_gain":0,"max_hp_loss":0,"event_name":"Shining Light","floor":12,"gold_loss":0,"cards_upgraded":["Warcry","Strike_R"]}],"is_beta":false,"boss_relics":[],"items_purged_floors":[],"is_endless":false,"potions_floor_spawned":[3,5,10,11],"killed_by":"Lagavulin","ascension_level":2}