{"gold_per_floor":[118,118,128,142,156,156,181,181,181,215,215,243,254,254,254,351,351,364,364,35,69,69,69,99,113,140,162,174,186],"floor_reached":29,"playtime":2255,"items_purged":[],"score":325,"play_id":"f41d1b7c-2cba-4471-8efc-28e0948bf5e7","local_time":"20190915141028","is_ascension_mode":true,"campfire_choices":[{"data":"Infinite Blades","floor":6.0,"key":"SMITH"},{"floor":8.0,"key":"REST"},{"data":"Corpse Explosion","floor":11.0,"key":"SMITH"},{"data":"Outmaneuver","floor":15.0,"key":"SMITH"},{"floor":23.0,"key":"REST"},{"floor":28,"key":"REST"}],"neow_cost":"NONE","seed_source_timestamp":0,"circlet_count":0,"master_deck":["Defend_G","Defend_G","Defend_G","Defend_G","Defend_G","Survivor","Neutralize","Dodge and Roll","Heel Hook","Flying Knee","Dodge and Roll","Corpse Explosion+1","PiercingWail","Underhanded Strike","Infinite Blades+1","Underhanded Strike","Reflex","Poisoned Stab","Slice","Outmaneuver+1","After Image","Calculated Gamble+1","RitualDagger","Well Laid Plans","Bouncing Flask+1","Bite","Bite","Bite","Bite","Bite","Escape Plan+1","Prepared+1","All Out Attack"],"special_seed":0,"relics":["Orrery","NlothsMask","Oddly Smooth Stone","Letter Opener","Lantern","Fusion Hammer","Toxic Egg 2","Red Mask","Ginger","MawBank"],"potions_floor_usage":[],"damage_taken":[{"damage":8.0,"enemies":"Jaw Worm","floor":1.0,"turns":3.0},{"damage":0.0,"enemies":"Cultist","floor":3.0,"turns":4.0},{"damage":0.0,"enemies":"Small Slimes","floor":4.0,"turns":4.0},{"damage":16.0,"enemies":"Exordium Thugs","floor":5.0,"turns":6.0},{"damage":0.0,"enemies":"3 Sentries","floor":7.0,"turns":4.0},{"damage":18.0,"enemies":"Lagavulin","floor":10.0,"turns":9.0},{"damage":18.0,"enemies":"3 Sentries","floor":12.0,"turns":5.0},{"damage":7.0,"enemies":"Looter","floor":13.0,"turns":3.0},{"damage":36.0,"enemies":"Slime Boss","floor":16.0,"turns":7.0},{"damage":33.0,"enemies":"Spheric Guardian","floor":18.0,"turns":6.0},{"damage":30.0,"enemies":"Masked Bandits","floor":21.0,"turns":4.0},{"damage":12.0,"enemies":"Book of Stabbing","floor":24.0,"turns":6.0},{"damage":0.0,"enemies":"Chosen","floor":25.0,"turns":5.0},{"damage":0,"enemies":"Snecko","floor":27,"turns":5},{"damage":47,"enemies":"Gremlin Leader","floor":29,"turns":5}],"seed_played":"-8153863443815572389","potions_obtained":[{"floor":1.0,"key":"Dexterity Potion"},{"floor":5.0,"key":"GhostInAJar"},{"floor":7.0,"key":"Explosive Potion"},{"floor":12.0,"key":"GamblersBrew"},{"floor":21.0,"key":"GhostInAJar"},{"floor":25.0,"key":"SpeedPotion"}],"is_trial":false,"path_per_floor":["M","?","M","M","M","R","E","R","T","E","R","E","M","?","R","B",null,"M","?","$","?","?","R","E","M","T","M","R","E"],"character_chosen":"THE_SILENT","items_purchased":["Toxic Egg 2","Well Laid Plans"],"campfire_rested":3,"item_purchase_floors":[20,20],"current_hp_per_floor":[62,62,62,62,46,46,46,67,67,49,49,31,24,47,47,11,70,37,31,31,1,1,15,17,21,21,23,37,0],"gold":186,"neow_bonus":"BOSS_RELIC","is_prod":false,"is_daily":false,"chose_seed":false,"campfire_upgraded":3,"win_rate":0,"timestamp":1568581828,"path_taken":["M","?","M","M","M","R","E","R","T","E","R","E","?","?","R","BOSS","M","?","?","?","?","R","E","?","T","M","R","E"],"build_version":"2019-07-17","purchased_purges":0,"victory":false,"max_hp_per_floor":[70,70,70,70,70,70,70,70,70,70,70,70,70,70,70,70,70,70,70,70,70,49,49,49,49,49,49,49,49],"card_choices":[{"not_picked":["Choke","Acrobatics"],"picked":"Dodge and Roll","floor":0.0},{"not_picked":["Dagger Throw","Blur"],"picked":"Heel Hook","floor":0.0},{"not_picked":["Dagger Spray","Dodge and Roll"],"picked":"Flying Knee","floor":0.0},{"not_picked":["PiercingWail","Quick Slash"],"picked":"Dodge and Roll","floor":0.0},{"not_picked":["Dodge and Roll","Deflect"],"picked":"Corpse Explosion","floor":0.0},{"not_picked":["Acrobatics","Dagger Spray"],"picked":"PiercingWail","floor":1.0},{"not_picked":["Crippling Poison","PiercingWail"],"picked":"Underhanded Strike","floor":3.0},{"not_picked":["Quick Slash","Poisoned Stab"],"picked":"Infinite Blades","floor":4.0},{"not_picked":["Flying Knee","Backflip"],"picked":"Underhanded Strike","floor":5.0},{"not_picked":["Choke","Dash"],"picked":"Reflex","floor":7.0},{"not_picked":["Infinite Blades","Bane"],"picked":"Poisoned Stab","floor":10.0},{"not_picked":["Night Terror","PiercingWail"],"picked":"Slice","floor":12.0},{"not_picked":["Underhanded Strike","Dagger Spray"],"picked":"Outmaneuver","floor":13.0},{"not_picked":["Burst","Glass Knife"],"picked":"After Image","floor":16.0},{"not_picked":["Outmaneuver","Infinite Blades"],"picked":"Calculated Gamble+1","floor":18.0},{"not_picked":["All Out Attack","Escape Plan+1"],"picked":"Bouncing Flask+1","floor":21.0},{"not_picked":["Bane","Blur+1"],"picked":"Escape Plan+1","floor":24.0},{"not_picked":["PiercingWail+1","Backflip+1"],"picked":"Prepared+1","floor":25.0},{"not_picked":["Quick Slash","Flying Knee"],"picked":"All Out Attack","floor":27}],"player_experience":72490,"relics_obtained":[{"floor":7.0,"key":"Oddly Smooth Stone"},{"floor":10.0,"key":"Letter Opener"},{"floor":12.0,"key":"Lantern"},{"floor":21.0,"key":"Red Mask"},{"floor":24.0,"key":"Ginger"},{"floor":26,"key":"MawBank"}],"event_choices":[{"damage_healed":0.0,"max_hp_gain":0.0,"max_hp_loss":0.0,"gold_gain":0.0,"event_name":"FaceTrader","player_choice":"Trade","floor":2.0,"gold_loss":0.0,"damage_taken":0.0,"relics_obtained":["NlothsMask"]},{"damage_healed":23.0,"max_hp_gain":0.0,"max_hp_loss":0.0,"gold_gain":0.0,"event_name":"Big Fish","player_choice":"Banana","floor":14.0,"gold_loss":0.0,"damage_taken":0.0},{"damage_healed":0.0,"max_hp_gain":0.0,"max_hp_loss":0.0,"gold_gain":0.0,"event_name":"Nest","player_choice":"Joined the Cult","floor":19.0,"gold_loss":0.0,"damage_taken":6.0,"cards_obtained":["RitualDagger"]},{"damage_healed":0.0,"max_hp_gain":0.0,"max_hp_loss":0.0,"gold_gain":0.0,"event_name":"Masked Bandits","player_choice":"Fought Bandits","floor":21.0,"gold_loss":0.0,"damage_taken":0.0},{"damage_healed":0.0,"max_hp_gain":0.0,"max_hp_loss":21.0,"gold_gain":0.0,"event_name":"Vampires","player_choice":"Became a vampire","floor":22.0,"gold_loss":0.0,"damage_taken":0.0,"cards_obtained":["Bite","Bite","Bite","Bite","Bite"]}],"is_beta":false,"boss_relics":[{"not_picked":["Calling Bell","Eternal Feather"],"picked":"Fusion Hammer"}],"items_purged_floors":[],"is_endless":false,"potions_floor_spawned":[1,5,7,12,21,25],"killed_by":"Gremlin Leader","ascension_level":1}