{"gold_per_floor":[115,131,146,161,9,9,39,39,39,73,148,160,160,224,224,321,321,331,331,343,14,14,14,25,50,73,73,87,103,136,148,148,251,251,264,264,264,282,294,294,322,322,322,336,368,5,33,55,67,79,91,103,17,48,48],"floor_reached":56,"playtime":3359,"items_purged":["Strike_R","Strike_R"],"score":1361,"play_id":"8f737454-f62e-4d78-8f76-b74868d9ecc4","local_time":"20190725194559","is_ascension_mode":true,"campfire_choices":[{"data":"Feed","floor":6,"key":"SMITH"},{"data":"Bash","floor":8,"key":"SMITH"},{"data":"Demon Form","floor":15,"key":"SMITH"},{"data":"Disarm","floor":23,"key":"SMITH"},{"data":"Flex","floor":27,"key":"SMITH"},{"data":"Limit Break","floor":32,"key":"SMITH"},{"data":"Pommel Strike","floor":40,"key":"SMITH"},{"floor":42,"key":"RECALL"},{"data":"Offering","floor":49,"key":"SMITH"},{"data":"Shrug It Off","floor":52,"key":"SMITH"}],"neow_cost":"NONE","seed_source_timestamp":596685800494056,"circlet_count":0,"master_deck":["Strike_R","Defend_R","Defend_R","Defend_R+1","Defend_R","Bash+1","Battle Trance+1","Headbutt","Thunderclap","Shrug It Off+1","Feed+1","Flex+1","Demon Form+1","Disarm+1","Reaper","Iron Wave+1","Clothesline+1","Feed+1","Fiend Fire","Disarm+1","Limit Break+1","Offering+1","Pommel Strike+1","Pommel Strike+1","Havoc+1","Pain","Shrug It Off+1","True Grit+1","Feel No Pain+1","Barricade+1","Metallicize+1"],"relics":["Burning Blood","War Paint","Ancient Tea Set","Question Card","Blood Vial","Runic Cube","DollysMirror","Unceasing Top","Singing Bowl","Cursed Key","Blue Candle","Frozen Egg 2","Pen Nib","Membership Card","Vajra","MawBank","TheAbacus","Art of War"],"potions_floor_usage":[16,16,18,24,25,30,48,55],"damage_taken":[{"damage":1,"enemies":"Cultist","floor":1,"turns":3},{"damage":0,"enemies":"2 Louse","floor":2,"turns":3},{"damage":0,"enemies":"Small Slimes","floor":3,"turns":3},{"damage":2,"enemies":"3 Louse","floor":4,"turns":3},{"damage":44,"enemies":"Lagavulin","floor":7,"turns":6},{"damage":15,"enemies":"3 Sentries","floor":10,"turns":6},{"damage":0,"enemies":"Exordium Wildlife","floor":12,"turns":3},{"damage":6,"enemies":"Gremlin Nob","floor":14,"turns":3},{"damage":16,"enemies":"Slime Boss","floor":16,"turns":8},{"damage":22,"enemies":"3 Byrds","floor":18,"turns":5},{"damage":16,"enemies":"2 Thieves","floor":20,"turns":5},{"damage":8,"enemies":"Snake Plant","floor":24,"turns":7},{"damage":58,"enemies":"Gremlin Leader","floor":25,"turns":6},{"damage":33,"enemies":"3 Cultists","floor":28,"turns":5},{"damage":27,"enemies":"Chosen and Byrds","floor":29,"turns":8},{"damage":24,"enemies":"Book of Stabbing","floor":30,"turns":8},{"damage":14,"enemies":"Snecko","floor":31,"turns":5},{"damage":97,"enemies":"Automaton","floor":33,"turns":10},{"damage":15,"enemies":"3 Darklings","floor":35,"turns":5},{"damage":9,"enemies":"3 Shapes","floor":38,"turns":5},{"damage":6,"enemies":"Transient","floor":39,"turns":5},{"damage":27,"enemies":"Nemesis","floor":41,"turns":7},{"damage":21,"enemies":"Writhing Mass","floor":44,"turns":8},{"damage":70,"enemies":"Giant Head","floor":45,"turns":8},{"damage":57,"enemies":"Nemesis","floor":47,"turns":9},{"damage":16,"enemies":"3 Darklings","floor":48,"turns":3},{"damage":29,"enemies":"Time Eater","floor":50,"turns":12},{"damage":47,"enemies":"Shield and Spear","floor":54,"turns":9},{"damage":66,"enemies":"The Heart","floor":55,"turns":9}],"seed_played":"-9017732813136203179","potions_obtained":[{"floor":1,"key":"FearPotion"},{"floor":3,"key":"SkillPotion"},{"floor":7,"key":"Ancient Potion"},{"floor":16,"key":"LiquidBronze"},{"floor":20,"key":"GamblersBrew"},{"floor":25,"key":"Block Potion"},{"floor":28,"key":"Explosive Potion"},{"floor":33,"key":"Ancient Potion"},{"floor":39,"key":"Explosive Potion"},{"floor":41,"key":"Fire Potion"},{"floor":47,"key":"SteroidPotion"},{"floor":48,"key":"BloodPotion"}],"is_trial":false,"path_per_floor":["M","M","M","M","$","R","E","R","T","E","?","M","?","?","R","B",null,"M","?","M","$","?","R","M","E","T","R","M","M","E","M","R","B",null,"M","?","?","M","M","R","E","R","T","M","E","$","E","M","R","B",null,"R","$","E","B",null],"character_chosen":"IRONCLAD","items_purchased":["Feed","DollysMirror","Strength Potion","Membership Card","Feel No Pain+1","Vajra","TheAbacus"],"campfire_rested":0,"item_purchase_floors":[5,21,21,46,46,46,53],"current_hp_per_floor":[80,80,80,80,80,80,46,46,46,41,30,40,33,37,37,33,100,97,97,93,93,93,93,101,91,91,91,94,83,103,108,108,47,138,139,135,135,143,143,143,145,145,145,148,130,130,95,155,155,159,159,159,159,156,157],"gold":48,"neow_bonus":"REMOVE_CARD","is_prod":false,"is_daily":false,"chose_seed":false,"campfire_upgraded":9,"win_rate":0,"timestamp":1564080359,"path_taken":["M","M","?","M","$","R","E","R","T","E","?","M","?","?","R","BOSS","M","?","M","$","?","R","?","E","T","R","M","M","E","M","R","BOSS","M","?","?","?","M","R","E","R","T","M","E","$","E","M","R","BOSS","R","$","E","BOSS"],"build_version":"2019-07-17","purchased_purges":2,"victory":true,"max_hp_per_floor":[80,80,80,80,80,80,84,84,84,88,88,92,92,96,96,100,100,104,104,108,108,108,108,112,112,112,112,116,124,130,134,134,138,138,142,135,135,143,143,143,145,145,145,149,153,153,155,155,155,159,159,159,159,167,171],"card_choices":[{"not_picked":["Clothesline","Bloodletting"],"picked":"Battle Trance","floor":1},{"not_picked":["Body Slam","Rupture"],"picked":"Headbutt","floor":2},{"not_picked":["Intimidate","Heavy Blade"],"picked":"Thunderclap","floor":3},{"not_picked":["Clothesline","Clash"],"picked":"Shrug It Off","floor":4},{"not_picked":["Sever Soul","Sentinel","Twin Strike"],"picked":"SKIP","floor":7},{"not_picked":["Twin Strike","Headbutt"],"picked":"Flex","floor":10},{"not_picked":["Anger","Armaments","Cleave"],"picked":"Demon Form","floor":12},{"not_picked":["Headbutt","Searing Blow","Iron Wave"],"picked":"Disarm","floor":14},{"not_picked":["Double Tap","Dark Embrace","Feed"],"picked":"Reaper","floor":16},{"not_picked":["Flex","Havoc","Anger+1"],"picked":"Iron Wave+1","floor":18},{"not_picked":["Shrug It Off","Sword Boomerang","Uppercut"],"picked":"Clothesline+1","floor":20},{"not_picked":["Anger","Searing Blow","Sword Boomerang"],"picked":"Fiend Fire","floor":24},{"not_picked":["Shrug It Off","Havoc","Anger","Cleave"],"picked":"SKIP","floor":25},{"not_picked":["Metallicize","Inflame","Intimidate+1"],"picked":"Disarm+1","floor":28},{"not_picked":["Clash","Rampage","Anger","Sentinel"],"picked":"SKIP","floor":29},{"not_picked":["Armaments","Flex","Clothesline","Searing Blow"],"picked":"Singing Bowl","floor":30},{"not_picked":["Heavy Blade","Thunderclap","Clothesline"],"picked":"Limit Break","floor":31},{"not_picked":["Berserk","Barricade","Dark Embrace"],"picked":"Offering","floor":33},{"not_picked":["Seeing Red+1","Headbutt","Flex+1"],"picked":"Pommel Strike","floor":35},{"not_picked":["Sword Boomerang","Hemokinesis+1","Uppercut"],"picked":"Pommel Strike+1","floor":38},{"not_picked":["Heavy Blade","Armaments","Anger"],"picked":"Havoc+1","floor":39},{"not_picked":["Reaper","Thunderclap","Impervious","Infernal Blade"],"picked":"Singing Bowl","floor":41},{"not_picked":["Clothesline","Cleave","Dropkick"],"picked":"Shrug It Off+1","floor":44},{"not_picked":["Armaments+1","Rampage+1","Heavy Blade"],"picked":"True Grit+1","floor":45},{"not_picked":["Armaments","Clash","Heavy Blade","Blood for Blood"],"picked":"Singing Bowl","floor":47},{"not_picked":["Seeing Red","Inflame+1","Carnage"],"picked":"Barricade+1","floor":48},{"not_picked":["Anger+1","Headbutt","Perfected Strike+1"],"picked":"Metallicize+1","floor":54}],"player_experience":1738373,"relics_obtained":[{"floor":7,"key":"War Paint"},{"floor":9,"key":"Ancient Tea Set"},{"floor":10,"key":"Question Card"},{"floor":14,"key":"Blood Vial"},{"floor":25,"key":"Unceasing Top"},{"floor":30,"key":"Singing Bowl"},{"floor":41,"key":"Blue Candle"},{"floor":43,"key":"Frozen Egg 2"},{"floor":45,"key":"Pen Nib"},{"floor":47,"key":"MawBank"},{"floor":54,"key":"Art of War"}],"event_choices":[{"damage_healed":0,"gold_gain":75,"player_choice":"Gather Gold","damage_taken":11,"max_hp_gain":0,"max_hp_loss":0,"event_name":"World of Goop","floor":11,"gold_loss":0},{"cards_removed":["Strike_R"],"damage_healed":0,"gold_gain":0,"player_choice":"Card Removal","damage_taken":7,"max_hp_gain":0,"max_hp_loss":0,"event_name":"Golden Wing","floor":13,"gold_loss":0},{"damage_healed":0,"gold_gain":0,"player_choice":"Searched \u00271\u0027 times","damage_taken":0,"max_hp_gain":0,"max_hp_loss":0,"event_name":"Dead Adventurer","floor":14,"gold_loss":0},{"damage_healed":0,"gold_gain":0,"player_choice":"Ignored","damage_taken":0,"max_hp_gain":0,"max_hp_loss":0,"event_name":"Vampires","floor":19,"gold_loss":0},{"damage_healed":0,"gold_gain":0,"player_choice":"0 cards matched","damage_taken":0,"max_hp_gain":0,"max_hp_loss":0,"event_name":"Match and Keep!","floor":22,"gold_loss":0,"cards_obtained":[]},{"damage_healed":0,"gold_gain":0,"player_choice":"Max HP","damage_taken":0,"max_hp_gain":0,"max_hp_loss":7,"event_name":"Winding Halls","floor":36,"gold_loss":0},{"damage_healed":0,"gold_gain":0,"player_choice":"Full Heal","damage_taken":0,"max_hp_gain":0,"max_hp_loss":0,"event_name":"Wheel of Change","floor":37,"gold_loss":0}],"is_beta":false,"boss_relics":[{"not_picked":["White Beast Statue","Pandora\u0027s Box"],"picked":"Runic Cube"},{"not_picked":["Tiny House","Snecko Eye"],"picked":"Cursed Key"}],"items_purged_floors":[21,46],"is_endless":false,"potions_floor_spawned":[1,3,7,16,20,25,28,33,39,41,47,48],"ascension_level":1}