{"gold_per_floor":[114,130,80,91,106,106,132,132,155,155,155,27,127,144,144,247,247,264,264,253,1,1,1,14,14],"floor_reached":25,"playtime":2093,"items_purged":["Defend_G"],"score":281,"play_id":"fa05a21e-7ecc-492c-9978-acd844d5a918","local_time":"20191014214348","is_ascension_mode":true,"campfire_choices":[{"data":"Neutralize","floor":6.0,"key":"SMITH"},{"floor":8.0,"key":"REST"},{"data":"Endless Agony","floor":10.0,"key":"SMITH"},{"floor":15.0,"key":"REST"},{"floor":23,"key":"DIG"}],"neow_cost":"NONE","seed_source_timestamp":0,"circlet_count":0,"master_deck":["Strike_G","Strike_G","Strike_G","Strike_G","Defend_G","Defend_G","Defend_G","Defend_G","Survivor","Neutralize+1","Endless Agony+1","Deflect","Leg Sweep","Backflip","Dagger Throw","Acrobatics","Catalyst","Grand Finale","Dodge and Roll","Noxious Fumes","Bouncing Flask","Skewer"],"special_seed":0,"relics":["Ring of the Snake","Snake Skull","Strawberry","Vajra","Black Star","Bottled Tornado","Shovel","Singing Bowl"],"potions_floor_usage":[18,25,25],"damage_taken":[{"damage":0.0,"enemies":"Jaw Worm","floor":1.0,"turns":5.0},{"damage":4.0,"enemies":"Small Slimes","floor":2.0,"turns":3.0},{"damage":0.0,"enemies":"Cultist","floor":4.0,"turns":5.0},{"damage":7.0,"enemies":"Looter","floor":5.0,"turns":4.0},{"damage":66.0,"enemies":"3 Sentries","floor":7.0,"turns":25.0},{"damage":15.0,"enemies":"Exordium Thugs","floor":14.0,"turns":5.0},{"damage":21,"enemies":"The Guardian","floor":16,"turns":19},{"damage":19,"enemies":"3 Byrds","floor":18,"turns":8},{"damage":23,"enemies":"2 Thieves","floor":20,"turns":4},{"damage":12,"enemies":"Centurion and Healer","floor":24,"turns":5},{"damage":28,"enemies":"Snecko","floor":25,"turns":4}],"seed_played":"-5268015286648410558","potions_obtained":[{"floor":0.0,"key":"Regen Potion"},{"floor":0.0,"key":"SkillPotion"},{"floor":0.0,"key":"Fruit Juice"},{"floor":4.0,"key":"SkillPotion"},{"floor":5.0,"key":"GhostInAJar"},{"floor":16,"key":"Explosive Potion"},{"floor":18,"key":"Ancient Potion"},{"floor":24,"key":"AttackPotion"}],"is_trial":false,"path_per_floor":["M","M","?","M","M","R","E","R","T","R","?","$","?","M","R","B",null,"M","?","M","$","?","R","M","M"],"character_chosen":"THE_SILENT","items_purchased":["Acrobatics","Bottled Tornado"],"campfire_rested":2,"item_purchase_floors":[12,21],"current_hp_per_floor":[68,64,64,64,57,57,6,28,35,35,32,32,32,17,41,20,67,48,48,25,25,25,25,13,0],"gold":14,"neow_bonus":"THREE_SMALL_POTIONS","is_prod":false,"is_daily":false,"chose_seed":false,"campfire_upgraded":2,"win_rate":0,"timestamp":1571114628,"path_taken":["M","M","?","M","M","R","E","R","T","R","?","$","?","M","R","BOSS","M","?","M","$","?","R","?","M"],"build_version":"2019-07-17","purchased_purges":1,"victory":false,"max_hp_per_floor":[75,75,75,75,75,75,75,75,82,82,82,82,82,82,82,82,82,82,82,82,82,82,82,82,82],"card_choices":[{"not_picked":["Flying Knee","Cloak And Dagger"],"picked":"Endless Agony","floor":1.0},{"not_picked":["Blade Dance","Prepared"],"picked":"Deflect","floor":2.0},{"not_picked":["Bane","Cloak And Dagger"],"picked":"Leg Sweep","floor":4.0},{"not_picked":["Phantasmal Killer","Reflex"],"picked":"Backflip","floor":5.0},{"not_picked":["Outmaneuver","Night Terror"],"picked":"Dagger Throw","floor":7.0},{"not_picked":["Quick Slash","Underhanded Strike"],"picked":"Catalyst","floor":14.0},{"not_picked":["Malaise","Phantasmal Killer"],"picked":"Grand Finale","floor":16},{"not_picked":["Outmaneuver","Catalyst"],"picked":"Dodge and Roll","floor":18},{"not_picked":["Slice","Dodge and Roll"],"picked":"Bouncing Flask","floor":20},{"not_picked":["Distraction+1","Catalyst"],"picked":"Skewer","floor":24}],"player_experience":334482,"relics_obtained":[{"floor":7.0,"key":"Snake Skull"},{"floor":9.0,"key":"Strawberry"},{"floor":23,"key":"Singing Bowl"}],"event_choices":[{"cards_removed":["Strike_G"],"damage_healed":0.0,"max_hp_gain":0.0,"max_hp_loss":0.0,"gold_gain":0.0,"event_name":"The Cleric","player_choice":"Card Removal","floor":3.0,"gold_loss":50.0,"damage_taken":0.0},{"damage_healed":0.0,"max_hp_gain":0.0,"max_hp_loss":0.0,"gold_gain":0.0,"event_name":"Scrap Ooze","player_choice":"Success","floor":11.0,"gold_loss":0.0,"damage_taken":3.0,"relics_obtained":["Vajra"]},{"damage_healed":0.0,"max_hp_gain":0.0,"max_hp_loss":0.0,"gold_gain":100.0,"event_name":"Golden Shrine","player_choice":"Pray","floor":13.0,"gold_loss":0.0,"damage_taken":0.0},{"damage_healed":0,"gold_gain":0,"player_choice":"Read","damage_taken":0,"max_hp_gain":0,"max_hp_loss":0,"event_name":"The Library","floor":19,"gold_loss":0,"cards_obtained":["Noxious Fumes"]},{"damage_healed":0,"gold_gain":0,"player_choice":"Gave Potion","damage_taken":0,"relics_obtained":["Shovel"],"max_hp_gain":0,"max_hp_loss":0,"event_name":"WeMeetAgain","floor":22,"gold_loss":0}],"is_beta":false,"boss_relics":[{"not_picked":["Ectoplasm","Busted Crown"],"picked":"Black Star"}],"items_purged_floors":[12],"is_endless":false,"potions_floor_spawned":[4,5,16,18,24],"killed_by":"Snecko","ascension_level":8}