{"gold_per_floor":[112,112,131,149,167,198,216,216,261,261,288,288,308,337,337,434,434,445,445,461,79,79],"floor_reached":22,"playtime":1486,"items_purged":["Strike_B"],"score":274,"play_id":"31bf7c26-d8ce-4928-ac05-09cd93cff869","local_time":"20191017180527","is_ascension_mode":true,"campfire_choices":[{"floor":8.0,"key":"REST"},{"data":"Sweeping Beam","floor":10.0,"key":"SMITH"},{"data":"Zap","floor":12.0,"key":"SMITH"},{"data":"Go for the Eyes","floor":15.0,"key":"SMITH"}],"neow_cost":"NONE","seed_source_timestamp":0,"circlet_count":0,"master_deck":["Strike_B","Strike_B","Defend_B","Defend_B","Defend_B","Defend_B","Zap+1","Dualcast","Compile Driver","Sweeping Beam+1","Melter","Seek","Leap","Compile Driver","Go for the Eyes+1","Seek","Redo+1","Buffer","Hologram","Loop","Chaos"],"special_seed":0,"relics":["Cracked Core","Ancient Tea Set","Oddly Smooth Stone","Odd Mushroom","Ornamental Fan","Black Star","OrangePellets"],"potions_floor_usage":[20,22],"damage_taken":[{"damage":7.0,"enemies":"2 Louse","floor":1.0,"turns":3.0},{"damage":4.0,"enemies":"Small Slimes","floor":3.0,"turns":3.0},{"damage":1.0,"enemies":"Cultist","floor":4.0,"turns":4.0},{"damage":16.0,"enemies":"Blue Slaver","floor":5.0,"turns":3.0},{"damage":18.0,"enemies":"Gremlin Nob","floor":6.0,"turns":3.0},{"damage":0.0,"enemies":"Large Slime","floor":7.0,"turns":4.0},{"damage":0.0,"enemies":"The Mushroom Lair","floor":11.0,"turns":2.0},{"damage":3.0,"enemies":"Gremlin Gang","floor":13.0,"turns":4.0},{"damage":16.0,"enemies":"Lagavulin","floor":14.0,"turns":5.0},{"damage":15.0,"enemies":"Slime Boss","floor":16.0,"turns":8.0},{"damage":0,"enemies":"Spheric Guardian","floor":18,"turns":1},{"damage":25,"enemies":"2 Thieves","floor":20,"turns":4},{"damage":49,"enemies":"3 Cultists","floor":22,"turns":4}],"seed_played":"5789301601297191437","potions_obtained":[{"floor":0.0,"key":"Fire Potion"},{"floor":0.0,"key":"SpeedPotion"},{"floor":0.0,"key":"EntropicBrew"},{"floor":4.0,"key":"SkillPotion"},{"floor":11.0,"key":"SpeedPotion"},{"floor":16.0,"key":"Regen Potion"},{"floor":20,"key":"SkillPotion"}],"is_trial":false,"path_per_floor":["M","?","M","M","M","E","M","R","T","R","?","R","M","E","R","B",null,"M","?","M","$","M"],"character_chosen":"DEFECT","items_purchased":["OrangePellets","Loop","Chaos"],"campfire_rested":1,"item_purchase_floors":[21,21,21],"current_hp_per_floor":[61,54,50,49,33,15,15,37,37,37,42,42,39,23,23,8,58,58,58,45,45,0],"gold":79,"neow_bonus":"THREE_SMALL_POTIONS","is_prod":false,"is_daily":false,"chose_seed":false,"campfire_upgraded":3,"win_rate":0,"timestamp":1571360727,"path_taken":["M","?","M","M","M","E","M","R","T","R","?","R","M","E","R","BOSS","M","?","M","$","?"],"build_version":"2019-07-17","purchased_purges":1,"victory":false,"max_hp_per_floor":[75,75,75,75,75,75,75,75,75,75,75,75,75,75,75,75,75,75,75,75,75,75],"card_choices":[{"not_picked":["Hologram","Cold Snap"],"picked":"Compile Driver","floor":1.0},{"not_picked":["Streamline","Force Field"],"picked":"Sweeping Beam","floor":3.0},{"not_picked":["Lockon","Rebound","Redo"],"picked":"SKIP","floor":4.0},{"not_picked":["Hologram","Double Energy"],"picked":"Melter","floor":5.0},{"not_picked":["Steam","Leap"],"picked":"Seek","floor":6.0},{"not_picked":["Sunder","Fusion"],"picked":"Leap","floor":7.0},{"not_picked":["Redo","Reprogram"],"picked":"Compile Driver","floor":11.0},{"not_picked":["Sweeping Beam","Beam Cell","BootSequence"],"picked":"SKIP","floor":13.0},{"not_picked":["Conserve Battery","Rebound"],"picked":"Go for the Eyes","floor":14.0},{"not_picked":["Multi-Cast","Thunder Strike"],"picked":"Seek","floor":16.0},{"not_picked":["Go for the Eyes","Melter"],"picked":"Redo+1","floor":18},{"not_picked":["Beam Cell","Capacitor"],"picked":"Hologram","floor":20}],"player_experience":358247,"relics_obtained":[{"floor":6.0,"key":"Ancient Tea Set"},{"floor":9.0,"key":"Oddly Smooth Stone"},{"floor":11.0,"key":"Odd Mushroom"},{"floor":14.0,"key":"Ornamental Fan"}],"event_choices":[{"cards_removed":["Strike_B"],"damage_healed":0.0,"max_hp_gain":0.0,"max_hp_loss":0.0,"gold_gain":0.0,"event_name":"Golden Wing","player_choice":"Card Removal","floor":2.0,"gold_loss":0.0,"damage_taken":7.0},{"damage_healed":0.0,"max_hp_gain":0.0,"max_hp_loss":0.0,"gold_gain":0.0,"event_name":"Mushrooms","player_choice":"Fought Mushrooms","floor":11.0,"gold_loss":0.0,"damage_taken":0.0},{"damage_healed":0,"gold_gain":0,"player_choice":"1 cards matched","damage_taken":0,"max_hp_gain":0,"max_hp_loss":0,"event_name":"Match and Keep!","floor":19,"gold_loss":0,"cards_obtained":["Buffer"]}],"is_beta":false,"boss_relics":[{"not_picked":["Nuclear Battery","White Beast Statue"],"picked":"Black Star"}],"items_purged_floors":[21],"is_endless":false,"potions_floor_spawned":[3,4,11,16,20],"killed_by":"3 Cultists","ascension_level":8}