{"gold_per_floor":[117,133,146,162,174,174,188,37,62,62,81,81,99,99,99,203,203,216,40,40,54,54,54,129,129,129,142,154,188,201,219,219,219],"floor_reached":33,"playtime":4231,"items_purged":["Strike_R","Strike_R"],"score":263,"play_id":"70bdd96c-8beb-402b-84b8-eb04b0bbdfe2","local_time":"20191024134307","is_ascension_mode":false,"campfire_choices":[{"floor":10.0,"key":"REST"},{"data":"Demon Form","floor":12.0,"key":"SMITH"},{"floor":15.0,"key":"REST"},{"floor":23.0,"key":"REST"},{"data":"Armaments","floor":25.0,"key":"SMITH"},{"floor":32,"key":"REST"}],"neow_cost":"NONE","seed_source_timestamp":319492455190100,"circlet_count":0,"master_deck":["Strike_R+1","Strike_R+1","Strike_R+1","Defend_R+1","Defend_R+1","Defend_R+1","Defend_R+1","Warcry","Clothesline","Demon Form+1","Feel No Pain","Shrug It Off","Bludgeon","Carnage","Offering","Feel No Pain","Seeing Red","Armaments+1","Warcry","Carnage+1","True Grit","Burning Pact","True Grit"],"special_seed":0,"relics":["Burning Blood","Bronze Scales","Self Forming Clay","White Beast Statue","Enchiridion","Paper Frog","Oddly Smooth Stone"],"potions_floor_usage":[29,29,31,31,31,33],"damage_taken":[{"damage":1.0,"enemies":"Cultist","floor":1.0,"turns":4.0},{"damage":2.0,"enemies":"2 Louse","floor":2.0,"turns":3.0},{"damage":3.0,"enemies":"Jaw Worm","floor":3.0,"turns":4.0},{"damage":3.0,"enemies":"3 Louse","floor":4.0,"turns":4.0},{"damage":15.0,"enemies":"Large Slime","floor":5.0,"turns":7.0},{"damage":39.0,"enemies":"Lots of Slimes","floor":7.0,"turns":6.0},{"damage":7.0,"enemies":"Looter","floor":11.0,"turns":3.0},{"damage":21.0,"enemies":"Gremlin Gang","floor":13.0,"turns":5.0},{"damage":30.0,"enemies":"The Guardian","floor":16.0,"turns":9.0},{"damage":18.0,"enemies":"3 Byrds","floor":18.0,"turns":3.0},{"damage":20.0,"enemies":"Spheric Guardian","floor":21.0,"turns":4.0},{"damage":10,"enemies":"Snecko","floor":27,"turns":5},{"damage":16,"enemies":"Shelled Parasite and Fungi","floor":28,"turns":7},{"damage":16,"enemies":"Book of Stabbing","floor":29,"turns":5},{"damage":3,"enemies":"Snake Plant","floor":30,"turns":4},{"damage":12,"enemies":"Centurion and Healer","floor":31,"turns":6},{"damage":63,"enemies":"Automaton","floor":33,"turns":12}],"seed_played":"5345224415543281684","potions_obtained":[{"floor":1.0,"key":"Strength Potion"},{"floor":4.0,"key":"Swift Potion"},{"floor":5.0,"key":"Poison Potion"},{"floor":11.0,"key":"SpeedPotion"},{"floor":18.0,"key":"SkillPotion"},{"floor":21.0,"key":"Block Potion"},{"floor":27,"key":"PowerPotion"},{"floor":28,"key":"EssenceOfSteel"},{"floor":29,"key":"Dexterity Potion"},{"floor":30,"key":"Explosive Potion"},{"floor":31,"key":"PowerPotion"}],"is_trial":false,"path_per_floor":["M","M","M","M","M","?","M","$","T","R","M","R","M","?","R","B",null,"M","$","?","M","?","R","?","R","T","M","M","E","M","M","R","B"],"character_chosen":"IRONCLAD","items_purchased":["Bludgeon","Seeing Red"],"campfire_rested":4,"item_purchase_floors":[8,19],"current_hp_per_floor":[88,88,88,88,79,72,39,39,39,65,64,64,49,49,75,51,88,76,76,60,46,46,72,64,64,64,60,50,40,43,37,63,0],"gold":219,"neow_bonus":"TEN_PERCENT_HP_BONUS","is_prod":false,"is_daily":false,"chose_seed":false,"campfire_upgraded":2,"win_rate":0,"timestamp":1571946187,"path_taken":["M","M","M","M","M","?","M","$","T","R","M","R","M","?","R","BOSS","M","$","?","M","?","R","?","R","T","M","M","E","M","M","R","BOSS"],"build_version":"2019-07-17","purchased_purges":2,"victory":false,"max_hp_per_floor":[88,88,88,88,88,88,88,88,88,88,88,88,88,88,88,88,88,88,88,88,88,88,88,88,88,88,88,88,88,88,88,88,88],"card_choices":[{"not_picked":["Disarm","Bloodletting"],"picked":"Warcry","floor":1.0},{"not_picked":["Sword Boomerang","Perfected Strike"],"picked":"Clothesline","floor":2.0},{"not_picked":["Bloodletting","Heavy Blade","Warcry"],"picked":"SKIP","floor":3.0},{"not_picked":["Heavy Blade","True Grit"],"picked":"Demon Form","floor":4.0},{"not_picked":["Clothesline","Fire Breathing"],"picked":"Feel No Pain","floor":5.0},{"not_picked":["Flex","Sword Boomerang"],"picked":"Shrug It Off","floor":7.0},{"not_picked":["Anger","Body Slam","Power Through"],"picked":"SKIP","floor":11.0},{"not_picked":["Iron Wave","Juggernaut"],"picked":"Carnage","floor":13.0},{"not_picked":["Impervious","Juggernaut"],"picked":"Offering","floor":16.0},{"not_picked":["Clothesline","Rage"],"picked":"Feel No Pain","floor":18.0},{"not_picked":["Sword Boomerang","Wild Strike"],"picked":"Armaments","floor":21.0},{"not_picked":["Pommel Strike","Heavy Blade+1"],"picked":"Warcry","floor":27},{"not_picked":["Clash","Rupture"],"picked":"Carnage+1","floor":28},{"not_picked":["Body Slam","Shrug It Off"],"picked":"True Grit","floor":29},{"not_picked":["Headbutt+1","Anger"],"picked":"Burning Pact","floor":30},{"not_picked":["Body Slam","Cleave"],"picked":"True Grit","floor":31}],"player_experience":455155,"relics_obtained":[{"floor":9.0,"key":"Bronze Scales"},{"floor":20.0,"key":"Enchiridion"},{"floor":26.0,"key":"Paper Frog"},{"floor":29,"key":"Oddly Smooth Stone"}],"event_choices":[{"cards_removed":["Bash"],"damage_healed":0.0,"max_hp_gain":0.0,"max_hp_loss":0.0,"gold_gain":0.0,"event_name":"Golden Wing","player_choice":"Card Removal","floor":6.0,"gold_loss":0.0,"damage_taken":7.0},{"damage_healed":0.0,"max_hp_gain":0.0,"max_hp_loss":0.0,"gold_gain":0.0,"event_name":"Dead Adventurer","player_choice":"Searched \u00271\u0027 times","floor":14.0,"gold_loss":0.0,"damage_taken":0.0,"relics_obtained":["Self Forming Clay"]},{"damage_healed":0.0,"max_hp_gain":0.0,"max_hp_loss":0.0,"gold_gain":0.0,"event_name":"Cursed Tome","player_choice":"Obtained Book","floor":20.0,"gold_loss":0.0,"damage_taken":16.0},{"damage_healed":0.0,"max_hp_gain":0.0,"max_hp_loss":0.0,"gold_gain":0.0,"event_name":"Back to Basics","player_choice":"Simplicity","floor":22.0,"gold_loss":0.0,"damage_taken":0.0,"cards_upgraded":["Strike_R","Strike_R","Strike_R","Defend_R","Defend_R","Defend_R","Defend_R"]},{"damage_healed":0.0,"max_hp_gain":0.0,"max_hp_loss":0.0,"gold_gain":75.0,"event_name":"FaceTrader","player_choice":"Touch","floor":24.0,"gold_loss":0.0,"damage_taken":8.0}],"is_beta":false,"boss_relics":[{"not_picked":["Mark of Pain","Runic Pyramid"],"picked":"White Beast Statue"}],"items_purged_floors":[8,19],"is_endless":false,"potions_floor_spawned":[1,4,5,11,18,21,27,28,29,30,31],"killed_by":"Automaton","ascension_level":0}