{"gold_per_floor":[112,112,23,33,33,33,48,82,82,82,96,111,111,136,136,208,208,218,143,93,111,111,111,139,139,219,219,119,131,145,157,157,231,231,241,241,241,152,172,172,204,228,228,228,228,228,228,262,262,262,262,262,262,33,66,66],"floor_reached":56,"playtime":7988,"items_purged":["Strike_G","Strike_G"],"score":1858,"play_id":"43faf5f4-7260-4612-b0d3-34255b703e18","local_time":"20190616220046","is_ascension_mode":true,"campfire_choices":[{"floor":6,"key":"REST"},{"data":"Glass Knife","floor":10,"key":"SMITH"},{"floor":13,"key":"REST"},{"data":"Neutralize","floor":15,"key":"SMITH"},{"floor":23,"key":"REST"},{"floor":25,"key":"REST"},{"floor":27,"key":"REST"},{"data":"Crippling Poison","floor":32,"key":"SMITH"},{"floor":40,"key":"REST"},{"floor":44,"key":"RECALL"},{"data":"Wraith Form v2","floor":46,"key":"SMITH"},{"data":"Footwork","floor":49,"key":"SMITH"},{"floor":53,"key":"REST"}],"neow_cost":"NONE","seed_source_timestamp":97022807490101,"circlet_count":0,"master_deck":["AscendersBane","Defend_G","Defend_G+1","Defend_G+1","Defend_G","Defend_G","Survivor","Neutralize+1","Dagger Throw","Well Laid Plans","Deadly Poison","Crippling Poison+1","Glass Knife+1","Cloak And Dagger","Deadly Poison","Doppelganger","Flying Knee+1","Leg Sweep","Deadly Poison+1","Backflip","Wraith Form v2+1","Dash+1","Grand Finale+1","Envenom+1","Flash of Steel","Sadistic Nature","Footwork+1","Dodge and Roll","Escape Plan+1"],"relics":["Ring of the Snake","Peace Pipe","Letter Opener","Ice Cream","Incense Burner","Sozu","Pocketwatch","Tiny Chest","Astrolabe","Gremlin Horn","PreservedInsect","Mango","HandDrill","Vajra"],"potions_floor_usage":[16,16,33],"damage_taken":[{"damage":1,"enemies":"Jaw Worm","floor":1,"turns":3},{"damage":0,"enemies":"2 Louse","floor":4,"turns":3},{"damage":0,"enemies":"Small Slimes","floor":7,"turns":3},{"damage":19,"enemies":"Gremlin Nob","floor":8,"turns":4},{"damage":0,"enemies":"2 Fungi Beasts","floor":11,"turns":2},{"damage":0,"enemies":"Exordium Thugs","floor":12,"turns":3},{"damage":10,"enemies":"Lagavulin","floor":14,"turns":6},{"damage":25,"enemies":"Hexaghost","floor":16,"turns":9},{"damage":3,"enemies":"Spheric Guardian","floor":18,"turns":5},{"damage":16,"enemies":"2 Thieves","floor":21,"turns":3},{"damage":38,"enemies":"Book of Stabbing","floor":24,"turns":6},{"damage":3,"enemies":"Snake Plant","floor":29,"turns":4},{"damage":0,"enemies":"Centurion and Healer","floor":30,"turns":6},{"damage":9,"enemies":"Cultist and Chosen","floor":31,"turns":9},{"damage":13,"enemies":"Automaton","floor":33,"turns":9},{"damage":0,"enemies":"Orb Walker","floor":35,"turns":4},{"damage":12,"enemies":"3 Darklings","floor":39,"turns":4},{"damage":0,"enemies":"Nemesis","floor":41,"turns":7},{"damage":6,"enemies":"Giant Head","floor":48,"turns":9},{"damage":20,"enemies":"Donu and Deca","floor":50,"turns":13},{"damage":34,"enemies":"Time Eater","floor":51,"turns":17},{"damage":21,"enemies":"Shield and Spear","floor":55,"turns":7},{"damage":61,"enemies":"The Heart","floor":56,"turns":6}],"seed_played":"-8821643385624718349","potions_obtained":[{"floor":4,"key":"SneckoOil"},{"floor":11,"key":"Explosive Potion"},{"floor":16,"key":"Weak Potion"}],"is_trial":false,"path_per_floor":["M","?","$","M","?","R","M","E","T","R","M","M","R","E","R","B",null,"M","$","?","M","?","R","E","R","T","R","$","M","M","M","R","B",null,"M","?","?","$","M","R","E","T","T","R","$","R","?","E","R","B","B",null,"R","$","E","B"],"character_chosen":"THE_SILENT","items_purchased":["Well Laid Plans","Footwork","HandDrill"],"campfire_rested":7,"item_purchase_floors":[3,38,54],"current_hp_per_floor":[64,42,42,42,24,45,45,26,26,26,26,26,47,37,37,12,57,54,54,54,38,28,49,11,32,32,53,53,50,50,41,41,28,61,61,51,51,51,39,59,59,59,59,59,59,59,59,67,67,47,13,65,82,82,61,0],"gold":66,"neow_bonus":"TEN_PERCENT_HP_BONUS","is_prod":false,"is_daily":false,"chose_seed":false,"campfire_upgraded":5,"win_rate":0,"timestamp":1560718846,"path_taken":["M","?","$","M","?","R","M","E","T","R","M","M","R","E","R","BOSS","M","$","?","?","?","R","E","R","T","R","?","?","M","M","R","BOSS","M","?","?","?","M","R","E","?","T","R","$","R","?","E","R","BOSS","BOSS","R","$","E","BOSS"],"build_version":"2019-01-23","purchased_purges":2,"victory":false,"max_hp_per_floor":[72,72,72,72,72,72,72,72,72,72,72,72,72,72,72,72,72,72,72,72,72,72,72,72,72,72,72,72,72,72,72,72,72,72,72,72,68,68,68,68,68,68,68,68,68,68,68,82,82,82,82,82,82,82,82,82],"card_choices":[{"not_picked":["Bane","Sucker Punch"],"picked":"Dagger Throw","floor":1},{"not_picked":["Quick Slash","Deflect"],"picked":"Deadly Poison","floor":4},{"not_picked":["Sucker Punch","Bane"],"picked":"Crippling Poison","floor":7},{"not_picked":["Dagger Spray","Footwork"],"picked":"Glass Knife","floor":8},{"not_picked":["Infinite Blades","Flying Knee"],"picked":"Cloak And Dagger","floor":11},{"not_picked":["Quick Slash","Poisoned Stab"],"picked":"Deadly Poison","floor":12},{"not_picked":["Tools of the Trade","Endless Agony","Underhanded Strike"],"picked":"SKIP","floor":14},{"not_picked":["Grand Finale","Storm of Steel"],"picked":"Doppelganger","floor":16},{"not_picked":["Acrobatics","Backflip"],"picked":"Flying Knee+1","floor":18},{"not_picked":["Backstab+1","Expertise"],"picked":"Leg Sweep","floor":21},{"not_picked":["Choke","Slice"],"picked":"Deadly Poison+1","floor":24},{"not_picked":["Sucker Punch","Outmaneuver","Heel Hook"],"picked":"SKIP","floor":29},{"not_picked":["Blade Dance","Poisoned Stab","Caltrops"],"picked":"SKIP","floor":30},{"not_picked":["Venomology","Dagger Spray+1"],"picked":"Backflip","floor":31},{"not_picked":["Phantasmal Killer","Glass Knife"],"picked":"Wraith Form v2","floor":33},{"not_picked":["Poisoned Stab","Outmaneuver","Choke"],"picked":"SKIP","floor":35},{"not_picked":["Trip","Swift Strike"],"picked":"Flash of Steel","floor":36},{"not_picked":["The Bomb","Forethought"],"picked":"Sadistic Nature","floor":36},{"not_picked":["Reflex","Skewer"],"picked":"Dodge and Roll","floor":39},{"not_picked":["Blade Dance+1","Dagger Throw+1","Heel Hook"],"picked":"SKIP","floor":41},{"not_picked":["Heel Hook","Predator+1","Prepared"],"picked":"SKIP","floor":48},{"not_picked":["Sucker Punch","Grand Finale"],"picked":"Escape Plan+1","floor":55}],"player_experience":1618073,"relics_obtained":[{"floor":8,"key":"Letter Opener"},{"floor":9,"key":"Ice Cream"},{"floor":14,"key":"Incense Burner"},{"floor":24,"key":"Pocketwatch"},{"floor":26,"key":"Tiny Chest"},{"floor":41,"key":"Gremlin Horn"},{"floor":42,"key":"PreservedInsect"},{"floor":48,"key":"Mango"},{"floor":55,"key":"Vajra"}],"event_choices":[{"damage_healed":0,"gold_gain":0,"player_choice":"Entered Light","damage_taken":22,"max_hp_gain":0,"max_hp_loss":0,"event_name":"Shining Light","floor":2,"gold_loss":0,"cards_upgraded":["Strike_G","Strike_G"]},{"damage_healed":0,"gold_gain":0,"player_choice":"Success","damage_taken":18,"relics_obtained":["Peace Pipe"],"max_hp_gain":0,"max_hp_loss":0,"event_name":"Scrap Ooze","floor":5,"gold_loss":0},{"damage_healed":0,"gold_gain":0,"player_choice":"Upgraded Two","damage_taken":0,"max_hp_gain":0,"max_hp_loss":0,"event_name":"Designer","floor":20,"gold_loss":50,"cards_upgraded":["Defend_G","Defend_G"]},{"damage_healed":0,"gold_gain":0,"player_choice":"Damaged","damage_taken":10,"max_hp_gain":0,"max_hp_loss":0,"event_name":"Wheel of Change","floor":22,"gold_loss":0},{"damage_healed":0,"gold_gain":0,"player_choice":"Memory 3","damage_taken":10,"max_hp_gain":0,"max_hp_loss":0,"event_name":"SensoryStone","floor":36,"gold_loss":0},{"damage_healed":0,"gold_gain":0,"player_choice":"Max HP","damage_taken":0,"max_hp_gain":0,"max_hp_loss":4,"event_name":"Winding Halls","floor":37,"gold_loss":0},{"damage_healed":0,"gold_gain":0,"player_choice":"Ignored","damage_taken":0,"max_hp_gain":0,"max_hp_loss":0,"event_name":"Mysterious Sphere","floor":47,"gold_loss":0}],"is_beta":false,"boss_relics":[{"not_picked":["Black Star","Empty Cage"],"picked":"Sozu"},{"not_picked":["WristBlade","HoveringKite"],"picked":"Astrolabe"}],"items_purged_floors":[19,28],"is_endless":false,"potions_floor_spawned":[4,11,16,24,29,31,33,39,48],"killed_by":"The Heart","ascension_level":20}