{"gold_per_floor":[114,64,75,88,263,263,281,281,332,106,117,117,117,137,137,236,236,250,349,368,124,124,124,152,152,152,152,27,0,0,0,0,0],"floor_reached":33,"playtime":848,"items_purged":["Doubt","Strike_R","Wild Strike"],"score":339,"play_id":"8f63031c-6f08-4291-a260-cf67ca2e669b","local_time":"20190722185144","is_ascension_mode":true,"campfire_choices":[{"data":"1","floor":6,"key":"LIFT"},{"data":"Body Slam","floor":8,"key":"SMITH"},{"floor":15,"key":"REST"},{"data":"2","floor":23,"key":"LIFT"},{"data":"3","floor":25,"key":"LIFT"},{"data":"Body Slam","floor":27,"key":"SMITH"},{"data":"Bash","floor":32,"key":"SMITH"}],"neow_cost":"CURSE","seed_source_timestamp":958999418846500,"circlet_count":0,"master_deck":["Defend_R","Defend_R","Defend_R+1","Defend_R","Bash+1","Body Slam+1","Sword Boomerang","Clash","Cleave","Double Tap+1","Disarm+1","Pommel Strike","Feed","Body Slam+1","Bite","Bite","Bite","Bite","Bite","Fire Breathing+1"],"relics":["Burning Blood","Girya","Boot","Coffee Dripper","Juzu Bracelet","Dream Catcher","Bird Faced Urn"],"potions_floor_usage":[16,24,33,33],"damage_taken":[{"damage":8,"enemies":"Cultist","floor":1,"turns":3},{"damage":16,"enemies":"Jaw Worm","floor":3,"turns":5},{"damage":4,"enemies":"2 Louse","floor":4,"turns":3},{"damage":39,"enemies":"Exordium Wildlife","floor":7,"turns":8},{"damage":0,"enemies":"Blue Slaver","floor":11,"turns":1},{"damage":1,"enemies":"Looter","floor":14,"turns":2},{"damage":30,"enemies":"Hexaghost","floor":16,"turns":8},{"damage":11,"enemies":"Spheric Guardian","floor":18,"turns":3},{"damage":19,"enemies":"2 Thieves","floor":20,"turns":3},{"damage":40,"enemies":"Slavers","floor":24,"turns":5},{"damage":30,"enemies":"Colosseum Slavers","floor":31,"turns":3},{"damage":111,"enemies":"Champ","floor":33,"turns":9}],"seed_played":"4317626715392261688","potions_obtained":[{"floor":4,"key":"Regen Potion"},{"floor":11,"key":"BloodPotion"},{"floor":14,"key":"AttackPotion"},{"floor":24,"key":"Dexterity Potion"}],"is_trial":false,"path_per_floor":["M","?","M","M","?","R","M","R","T","$","M","?","?","M","R","B",null,"M","?","M","$","?","R","E","R","T","R","$","?","?","?","R","B"],"character_chosen":"IRONCLAD","items_purchased":["Double Tap","Juzu Bracelet"],"campfire_rested":1,"item_purchase_floors":[10,21],"current_hp_per_floor":[78,78,68,70,70,70,37,37,37,37,43,43,27,32,56,32,68,63,63,53,53,53,53,49,49,49,49,49,49,49,38,38,0],"gold":0,"neow_bonus":"ONE_RARE_RELIC","is_prod":false,"is_daily":false,"chose_seed":false,"campfire_upgraded":3,"win_rate":0,"timestamp":1563810704,"path_taken":["M","?","M","M","?","R","M","R","T","$","M","?","?","?","R","BOSS","M","?","M","$","?","R","E","R","T","R","?","?","?","?","R","BOSS"],"build_version":"2019-07-17","purchased_purges":3,"victory":false,"max_hp_per_floor":[80,80,80,80,80,80,80,80,80,80,80,80,80,80,80,80,80,80,80,83,83,58,58,58,58,58,58,58,58,58,61,61,61],"card_choices":[{"not_picked":["Warcry","Whirlwind"],"picked":"Body Slam","floor":1},{"not_picked":["Perfected Strike","Havoc"],"picked":"Sword Boomerang","floor":3},{"not_picked":["Ghostly Armor","Clothesline"],"picked":"Clash","floor":4},{"not_picked":["Clash","Seeing Red"],"picked":"Cleave","floor":7},{"not_picked":["Wild Strike","Impervious"],"picked":"Disarm","floor":11},{"not_picked":["Corruption","Hemokinesis"],"picked":"Pommel Strike","floor":14},{"not_picked":["Demon Form","Berserk"],"picked":"Feed","floor":16},{"not_picked":["Cleave","Burning Pact"],"picked":"Wild Strike","floor":18},{"not_picked":["Fiend Fire","Flex"],"picked":"Body Slam","floor":20},{"not_picked":["Feed","Havoc"],"picked":"Fire Breathing+1","floor":24}],"player_experience":359564,"relics_obtained":[{"floor":9,"key":"Boot"},{"floor":24,"key":"Dream Catcher"},{"floor":26,"key":"Bird Faced Urn"}],"event_choices":[{"cards_removed":["Decay"],"damage_healed":0,"gold_gain":0,"player_choice":"Card Removal","damage_taken":0,"max_hp_gain":0,"max_hp_loss":0,"event_name":"The Cleric","floor":2,"gold_loss":50},{"damage_healed":0,"gold_gain":175,"player_choice":"AGREE","damage_taken":0,"max_hp_gain":0,"max_hp_loss":0,"event_name":"Liars Game","floor":5,"gold_loss":0,"cards_obtained":["Doubt"]},{"damage_healed":0,"gold_gain":0,"player_choice":"Grow","damage_taken":0,"max_hp_gain":0,"max_hp_loss":0,"event_name":"Living Wall","floor":12,"gold_loss":0,"cards_upgraded":["Double Tap"]},{"damage_healed":0,"gold_gain":0,"player_choice":"Entered Light","damage_taken":16,"max_hp_gain":0,"max_hp_loss":0,"event_name":"Shining Light","floor":13,"gold_loss":0,"cards_upgraded":["Defend_R","Disarm"]},{"damage_healed":0,"gold_gain":99,"player_choice":"Stole From Cult","damage_taken":0,"max_hp_gain":0,"max_hp_loss":0,"event_name":"Nest","floor":19,"gold_loss":0},{"damage_healed":0,"gold_gain":0,"player_choice":"Became a vampire","damage_taken":0,"max_hp_gain":0,"max_hp_loss":25,"event_name":"Vampires","floor":22,"gold_loss":0,"cards_obtained":["Bite","Bite","Bite","Bite","Bite"]},{"damage_healed":0,"gold_gain":0,"player_choice":"Paid Fearfully","damage_taken":0,"max_hp_gain":0,"max_hp_loss":0,"event_name":"Masked Bandits","floor":29,"gold_loss":27},{"damage_healed":0,"gold_gain":0,"player_choice":"Ignored","damage_taken":0,"max_hp_gain":0,"max_hp_loss":0,"event_name":"N\u0027loth","floor":30,"gold_loss":0},{"damage_healed":0,"gold_gain":0,"player_choice":"Fight","damage_taken":0,"max_hp_gain":0,"max_hp_loss":0,"event_name":"Colosseum","floor":31,"gold_loss":0},{"damage_healed":0,"gold_gain":0,"player_choice":"Fled From Nobs","damage_taken":0,"max_hp_gain":0,"max_hp_loss":0,"event_name":"Colosseum","floor":31,"gold_loss":0}],"is_beta":false,"boss_relics":[{"not_picked":["Runic Cube","Ectoplasm"],"picked":"Coffee Dripper"}],"items_purged_floors":[10,21,28],"is_endless":false,"potions_floor_spawned":[4,11,14,24,31],"killed_by":"Champ","ascension_level":5}