{"gold_per_floor":[17,17,28,43,60,91,91,123,123,149,324,324,324],"floor_reached":13,"playtime":531,"items_purged":[],"score":129,"play_id":"cb7f8111-aea0-4ca1-b749-ecf89155a30b","local_time":"20191005121112","is_ascension_mode":true,"campfire_choices":[{"data":"Armaments","floor":7.0,"key":"SMITH"}],"neow_cost":"NO_GOLD","seed_source_timestamp":1970405252060900,"circlet_count":0,"master_deck":["Strike_R","Strike_R","Strike_R","Strike_R","Strike_R","Defend_R","Defend_R","Defend_R","Defend_R","Bash","Armaments+1","Decay","Flame Barrier","Clothesline","Anger","Iron Wave","Limit Break","Uppercut","Doubt","Injury"],"special_seed":0,"relics":["Burning Blood","Torii","Matryoshka","Toy Ornithopter","Oddly Smooth Stone","Blue Candle","Ice Cream","Golden Idol"],"potions_floor_usage":[],"damage_taken":[{"damage":1.0,"enemies":"Small Slimes","floor":1.0,"turns":4.0},{"damage":7.0,"enemies":"Cultist","floor":3.0,"turns":5.0},{"damage":1.0,"enemies":"2 Louse","floor":4.0,"turns":4.0},{"damage":11.0,"enemies":"Looter","floor":5.0,"turns":4.0},{"damage":42.0,"enemies":"Lagavulin","floor":6.0,"turns":9.0},{"damage":30.0,"enemies":"Gremlin Nob","floor":8.0,"turns":4.0},{"damage":2.0,"enemies":"3 Sentries","floor":10.0,"turns":10.0},{"damage":24,"enemies":"Lagavulin","floor":13,"turns":6}],"seed_played":"2852117188695477847","potions_obtained":[{"floor":1.0,"key":"SneckoOil"},{"floor":6.0,"key":"SteroidPotion"},{"floor":8.0,"key":"HeartOfIron"}],"is_trial":false,"path_per_floor":["M","?","M","M","M","E","R","E","T","E","?","?","E"],"character_chosen":"IRONCLAD","items_purchased":[],"campfire_rested":0,"item_purchase_floors":[],"current_hp_per_floor":[80,80,79,80,75,39,39,15,15,24,24,24,0],"gold":324,"neow_bonus":"ONE_RARE_RELIC","is_prod":false,"is_daily":false,"chose_seed":false,"campfire_upgraded":1,"win_rate":0,"timestamp":1570266672,"path_taken":["M","?","M","M","?","E","R","E","T","E","?","?","E"],"build_version":"2019-10-04","purchased_purges":0,"victory":false,"max_hp_per_floor":[80,80,80,80,80,80,80,80,80,80,80,80,80],"card_choices":[{"not_picked":["Heavy Blade","Warcry"],"picked":"Armaments","floor":1.0},{"not_picked":["Clothesline","Evolve"],"picked":"Flame Barrier","floor":3.0},{"not_picked":["Wild Strike","Corruption"],"picked":"Clothesline","floor":4.0},{"not_picked":["Shrug It Off","Exhume"],"picked":"Anger","floor":5.0},{"not_picked":["Power Through","Sever Soul"],"picked":"Iron Wave","floor":6.0},{"not_picked":["Thunderclap","Wild Strike"],"picked":"Limit Break","floor":8.0},{"not_picked":["Sword Boomerang","Carnage"],"picked":"Uppercut","floor":10.0}],"player_experience":365358,"relics_obtained":[{"floor":6.0,"key":"Matryoshka"},{"floor":8.0,"key":"Toy Ornithopter"},{"floor":9.0,"key":"Oddly Smooth Stone"},{"floor":9.0,"key":"Blue Candle"},{"floor":10.0,"key":"Ice Cream"}],"event_choices":[{"damage_healed":0.0,"max_hp_gain":0.0,"max_hp_loss":0.0,"gold_gain":0.0,"event_name":"Wheel of Change","player_choice":"Cursed","floor":2.0,"gold_loss":0.0,"damage_taken":0.0,"cards_obtained":["Decay"]},{"damage_healed":0.0,"max_hp_gain":0.0,"max_hp_loss":0.0,"gold_gain":175.0,"event_name":"Liars Game","player_choice":"AGREE","floor":11.0,"gold_loss":0.0,"damage_taken":0.0,"cards_obtained":["Doubt"]},{"damage_healed":0.0,"max_hp_gain":0.0,"max_hp_loss":0.0,"gold_gain":0.0,"event_name":"Golden Idol","player_choice":"Take Wound","floor":12.0,"gold_loss":0.0,"damage_taken":0.0,"relics_obtained":["Golden Idol"],"cards_obtained":["Injury"]}],"is_beta":true,"boss_relics":[],"items_purged_floors":[],"is_endless":false,"potions_floor_spawned":[1,6,8],"killed_by":"Lagavulin","ascension_level":5}