{"gold_per_floor":[11,22,22,41,57,57,101,101,101,101,131,131,174,199,199,328,328,342,417,431,16,16,47,47,71,71,85,39,55,99,118,118,248,248,272,272,4,23,43,43,57,57,57,76,94,94,108,148,148,148],"floor_reached":51,"playtime":2361,"items_purged":["Strike_G"],"score":911,"play_id":"82e5760f-4715-49fe-a5cb-2bf81c9d0540","local_time":"20190714203646","is_ascension_mode":false,"campfire_choices":[{"data":"Caltrops","floor":6,"key":"SMITH"},{"data":"Dagger Spray","floor":8,"key":"SMITH"},{"data":"Neutralize","floor":10,"key":"SMITH"},{"data":"Poisoned Stab","floor":15,"key":"SMITH"},{"data":"Corpse Explosion","floor":24,"key":"SMITH"},{"data":"Tools of the Trade","floor":32,"key":"SMITH"},{"data":"Noxious Fumes","floor":40,"key":"SMITH"},{"data":"Burst","floor":42,"key":"SMITH"},{"floor":49,"key":"REST"}],"neow_cost":"NO_GOLD","seed_source_timestamp":351343343925771,"circlet_count":0,"master_deck":["Defend_G","Defend_G","Defend_G","Defend_G","Survivor","Neutralize+1","Backstab","Backstab","Poisoned Stab+1","Caltrops+1","Dagger Spray+1","Tools of the Trade+1","PiercingWail","Corpse Explosion+1","Setup+1","Dagger Spray+1","Bane+1","Slice","Backflip","Flash of Steel","Deflect","Concentrate+1","Acrobatics","Backflip","Slice+1","Acrobatics+1","Bouncing Flask+1","Burst+1","Catalyst+1","Well Laid Plans","Master of Strategy","Noxious Fumes+1","Decay","Backflip","Dodge and Roll+1"],"relics":["Ring of the Snake","Golden Idol","Calipers","The Specimen","Letter Opener","Kunai","Astrolabe","Toy Ornithopter","Bag of Preparation","Meat on the Bone","Smiling Mask","Cursed Key","Blood Vial","Turnip"],"potions_floor_usage":[25,27,30,33,33,46,50,50,50],"damage_taken":[{"damage":0,"enemies":"Small Slimes","floor":1,"turns":4},{"damage":0,"enemies":"Jaw Worm","floor":2,"turns":3},{"damage":0,"enemies":"2 Louse","floor":4,"turns":2},{"damage":0,"enemies":"Exordium Thugs","floor":5,"turns":4},{"damage":10,"enemies":"Gremlin Nob","floor":7,"turns":4},{"damage":17,"enemies":"3 Sentries","floor":13,"turns":4},{"damage":0,"enemies":"2 Fungi Beasts","floor":14,"turns":1},{"damage":0,"enemies":"Hexaghost","floor":16,"turns":9},{"damage":0,"enemies":"Shell Parasite","floor":18,"turns":5},{"damage":10,"enemies":"Spheric Guardian","floor":20,"turns":4},{"damage":0,"enemies":"Gremlin Leader","floor":23,"turns":6},{"damage":15,"enemies":"Snake Plant","floor":25,"turns":3},{"damage":3,"enemies":"Shelled Parasite and Fungi","floor":27,"turns":3},{"damage":2,"enemies":"Centurion and Healer","floor":29,"turns":2},{"damage":0,"enemies":"Slavers","floor":30,"turns":1},{"damage":2,"enemies":"3 Cultists","floor":31,"turns":4},{"damage":16,"enemies":"Champ","floor":33,"turns":10},{"damage":0,"enemies":"Orb Walker","floor":35,"turns":3},{"damage":0,"enemies":"3 Shapes","floor":38,"turns":1},{"damage":0,"enemies":"Maw","floor":39,"turns":5},{"damage":0,"enemies":"4 Shapes","floor":41,"turns":2},{"damage":0,"enemies":"Sphere and 2 Shapes","floor":44,"turns":2},{"damage":0,"enemies":"Transient","floor":45,"turns":5},{"damage":0,"enemies":"Nemesis","floor":46,"turns":2},{"damage":13,"enemies":"Maw","floor":47,"turns":4},{"damage":21,"enemies":"Giant Head","floor":48,"turns":8},{"damage":15,"enemies":"Awakened One","floor":50,"turns":10}],"seed_played":"-3673219476265577196","potions_obtained":[{"floor":1,"key":"Strength Potion"},{"floor":7,"key":"SpeedPotion"},{"floor":13,"key":"PowerPotion"},{"floor":16,"key":"GamblersBrew"},{"floor":20,"key":"Energy Potion"},{"floor":25,"key":"SteroidPotion"},{"floor":29,"key":"Strength Potion"},{"floor":31,"key":"Ancient Potion"},{"floor":35,"key":"SmokeBomb"},{"floor":44,"key":"SteroidPotion"},{"floor":47,"key":"Explosive Potion"}],"is_trial":false,"path_per_floor":["M","M","?","M","M","R","E","R","T","R","?","?","E","M","R","B",null,"M","?","M","$","?","E","R","M","T","M","$","M","E","M","R","B",null,"M","?","$","M","M","R","M","R","T","M","M","E","M","E","R","B",null],"character_chosen":"THE_SILENT","items_purchased":["Flash of Steel","Deflect","Toy Ornithopter","Backflip","Well Laid Plans","Master of Strategy"],"campfire_rested":1,"item_purchase_floors":[21,21,21,28,37,37],"current_hp_per_floor":[70,70,53,53,53,53,43,43,43,43,43,43,26,26,26,26,70,70,63,53,53,53,53,53,43,43,45,45,43,48,46,46,40,70,70,70,70,70,70,70,70,70,70,70,70,70,57,38,59,55],"gold":148,"neow_bonus":"REMOVE_TWO","is_prod":false,"is_daily":false,"chose_seed":false,"campfire_upgraded":8,"win_rate":0,"timestamp":1563133006,"path_taken":["M","M","?","M","M","R","E","R","T","R","?","?","E","?","R","BOSS","M","?","M","?","?","E","R","?","T","M","$","M","E","M","R","BOSS","M","?","$","M","M","R","M","R","T","M","M","E","M","E","R","BOSS"],"build_version":"2019-07-05","purchased_purges":1,"victory":true,"max_hp_per_floor":[70,70,70,70,70,70,70,70,70,70,70,70,70,70,70,70,70,70,70,70,70,70,70,70,70,70,70,70,70,70,70,70,70,70,70,70,70,70,70,70,70,70,70,70,70,70,70,70,70,70],"card_choices":[{"not_picked":["Tactician","Outmaneuver"],"picked":"Backstab","floor":1},{"not_picked":["Reflex","Blade Dance"],"picked":"Backstab","floor":2},{"not_picked":["Prepared","Quick Slash"],"picked":"Poisoned Stab","floor":4},{"not_picked":["Poisoned Stab","Setup"],"picked":"Caltrops","floor":5},{"not_picked":["Deflect","Bane"],"picked":"Dagger Spray","floor":7},{"not_picked":["Setup","Deadly Poison"],"picked":"Tools of the Trade","floor":13},{"not_picked":["Poisoned Stab","Tactician"],"picked":"PiercingWail","floor":14},{"not_picked":["Phantasmal Killer","Storm of Steel"],"picked":"Corpse Explosion","floor":16},{"not_picked":["Acrobatics","Calculated Gamble"],"picked":"Slice","floor":18},{"not_picked":["Dodge and Roll","Crippling Poison"],"picked":"Backflip","floor":20},{"not_picked":["Caltrops","Accuracy","Bane"],"picked":"SKIP","floor":23},{"not_picked":["Deflect","Unload"],"picked":"Concentrate+1","floor":25},{"not_picked":["Tactician","All Out Attack"],"picked":"Acrobatics","floor":27},{"not_picked":["Prepared","Cloak And Dagger"],"picked":"Slice+1","floor":29},{"not_picked":["Escape Plan","Slice"],"picked":"Acrobatics+1","floor":30},{"not_picked":["Footwork","PiercingWail"],"picked":"Bouncing Flask+1","floor":31},{"not_picked":["Storm of Steel","Unload"],"picked":"Burst","floor":33},{"not_picked":["Prepared+1","Sucker Punch"],"picked":"Catalyst+1","floor":35},{"not_picked":["Endless Agony","Deflect"],"picked":"Noxious Fumes","floor":38},{"not_picked":["Underhanded Strike+1","Accuracy+1","Bouncing Flask+1"],"picked":"SKIP","floor":39},{"not_picked":["All Out Attack+1","Masterful Stab","Quick Slash"],"picked":"SKIP","floor":41},{"not_picked":["Outmaneuver","Underhanded Strike","Masterful Stab+1"],"picked":"SKIP","floor":44},{"not_picked":["Malaise","Underhanded Strike"],"picked":"Backflip","floor":45},{"not_picked":["Slice","Dagger Spray"],"picked":"Dodge and Roll+1","floor":47},{"not_picked":["PiercingWail+1","Underhanded Strike+1","Skewer+1"],"picked":"SKIP","floor":48}],"player_experience":1690536,"relics_obtained":[{"floor":9,"key":"Calipers"},{"floor":13,"key":"Kunai"},{"floor":23,"key":"Bag of Preparation"},{"floor":26,"key":"Meat on the Bone"},{"floor":30,"key":"Smiling Mask"},{"floor":43,"key":"Blood Vial"},{"floor":48,"key":"Turnip"}],"event_choices":[{"damage_healed":0,"gold_gain":0,"player_choice":"Take Damage","damage_taken":17,"relics_obtained":["Golden Idol"],"max_hp_gain":0,"max_hp_loss":0,"event_name":"Golden Idol","floor":3,"gold_loss":0},{"damage_healed":0,"gold_gain":30,"player_choice":"Searched \u00273\u0027 times","damage_taken":0,"relics_obtained":["The Specimen"],"max_hp_gain":0,"max_hp_loss":0,"event_name":"Dead Adventurer","floor":11,"gold_loss":0},{"damage_healed":0,"gold_gain":0,"player_choice":"Gave Potion","damage_taken":0,"relics_obtained":["Letter Opener"],"max_hp_gain":0,"max_hp_loss":0,"event_name":"WeMeetAgain","floor":12,"gold_loss":0},{"damage_healed":0,"gold_gain":75,"player_choice":"Touch","damage_taken":7,"max_hp_gain":0,"max_hp_loss":0,"event_name":"FaceTrader","floor":19,"gold_loss":0},{"damage_healed":0,"gold_gain":0,"player_choice":"Ignored","damage_taken":0,"max_hp_gain":0,"max_hp_loss":0,"event_name":"NoteForYourself","floor":22,"gold_loss":0},{"damage_healed":0,"gold_gain":0,"player_choice":"Ignored","damage_taken":0,"max_hp_gain":0,"max_hp_loss":0,"event_name":"Tomb of Lord Red Mask","floor":36,"gold_loss":0}],"is_beta":false,"boss_relics":[{"not_picked":["Snecko Eye","Calling Bell"],"picked":"Astrolabe"},{"not_picked":["Runic Dome","Fusion Hammer"],"picked":"Cursed Key"}],"items_purged_floors":[21],"is_endless":false,"potions_floor_spawned":[1,7,13,16,20,25,29,31,35,44,47],"ascension_level":0}