{"gold_per_floor":[115,1,1,1,17,17,27,27,54,68,103,123,157,8,8,113,113,132,146,160,174,273,273],"floor_reached":23,"playtime":1983,"items_purged":["Strike_R"],"score":233,"play_id":"5e97c361-77a5-449b-85d3-d2fb5e905a1c","local_time":"20190929161452","is_ascension_mode":true,"campfire_choices":[{"data":"Bash","floor":6.0,"key":"SMITH"},{"data":"Shockwave","floor":8.0,"key":"SMITH"},{"data":"Dropkick","floor":15.0,"key":"SMITH"}],"neow_cost":"NONE","seed_source_timestamp":0,"circlet_count":0,"master_deck":["Bash+1","Dropkick+1","Evolve","Bash","Iron Wave","Shockwave+1","Dual Wield","Battle Trance","Dual Wield","Body Slam","Fiend Fire","Demon Form","Warcry","Flame Barrier","Barricade","Metallicize","Corruption","Rampage","Inflame","Wild Strike","True Grit","Intimidate","Whirlwind+1"],"special_seed":0,"relics":["Burning Blood","War Paint","StoneCalendar","Self Forming Clay","Pandora\u0027s Box"],"potions_floor_usage":[19,21],"damage_taken":[{"damage":1.0,"enemies":"Jaw Worm","floor":1.0,"turns":6.0},{"damage":0.0,"enemies":"Cultist","floor":5.0,"turns":3.0},{"damage":5.0,"enemies":"Small Slimes","floor":7.0,"turns":3.0},{"damage":6.0,"enemies":"2 Fungi Beasts","floor":10.0,"turns":4.0},{"damage":25.0,"enemies":"Lagavulin","floor":11.0,"turns":10.0},{"damage":14.0,"enemies":"Large Slime","floor":12.0,"turns":7.0},{"damage":21.0,"enemies":"Gremlin Nob","floor":13.0,"turns":4.0},{"damage":10.0,"enemies":"Hexaghost","floor":16.0,"turns":6.0},{"damage":39,"enemies":"Spheric Guardian","floor":18,"turns":6},{"damage":18,"enemies":"Shell Parasite","floor":19,"turns":7},{"damage":27,"enemies":"Centurion and Healer","floor":20,"turns":7},{"damage":23,"enemies":"Shelled Parasite and Fungi","floor":21,"turns":5},{"damage":38,"enemies":"Cultist and Chosen","floor":23,"turns":4}],"seed_played":"-445199659174105","potions_obtained":[{"floor":1.0,"key":"Swift Potion"},{"floor":13.0,"key":"AttackPotion"},{"floor":16.0,"key":"BloodPotion"},{"floor":19,"key":"Fire Potion"},{"floor":21,"key":"LiquidBronze"}],"is_trial":false,"path_per_floor":["M","$","?","$","M","R","M","R","T","M","E","M","E","$","R","B",null,"M","M","M","M","?","M"],"character_chosen":"IRONCLAD","items_purchased":["Evolve","Fiend Fire"],"campfire_rested":0,"item_purchase_floors":[2,14],"current_hp_per_floor":[80,80,80,80,80,80,80,80,80,80,61,53,38,38,38,34,80,47,55,34,17,17,0],"gold":273,"neow_bonus":"RANDOM_COMMON_RELIC","is_prod":false,"is_daily":false,"chose_seed":false,"campfire_upgraded":3,"win_rate":0,"timestamp":1569791692,"path_taken":["M","$","?","?","M","R","M","R","T","M","E","M","E","?","R","BOSS","M","M","?","M","?","M"],"build_version":"2019-07-17","purchased_purges":1,"victory":false,"max_hp_per_floor":[80,80,80,80,80,80,80,80,80,80,80,80,80,80,80,80,80,80,80,80,80,80,80],"card_choices":[{"not_picked":["Carnage","Headbutt"],"picked":"Dropkick","floor":1.0},{"not_picked":["Combust","Clash"],"picked":"Iron Wave","floor":5.0},{"not_picked":["Sentinel","Clash"],"picked":"Shockwave","floor":7.0},{"not_picked":["Pummel","True Grit"],"picked":"Dual Wield","floor":10.0},{"not_picked":["Dual Wield","Armaments"],"picked":"Battle Trance","floor":11.0},{"not_picked":["Clash","Pommel Strike"],"picked":"Dual Wield","floor":12.0},{"not_picked":["Battle Trance","Shockwave"],"picked":"Body Slam","floor":13.0},{"not_picked":["Reaper","Immolate"],"picked":"Demon Form","floor":16.0},{"not_picked":["Flex","Burning Pact"],"picked":"True Grit","floor":18},{"not_picked":["Twin Strike","Rage"],"picked":"Intimidate","floor":20},{"not_picked":["Clash+1","Heavy Blade"],"picked":"Whirlwind+1","floor":21}],"player_experience":219773,"relics_obtained":[{"floor":11.0,"key":"StoneCalendar"},{"floor":13.0,"key":"Self Forming Clay"}],"event_choices":[{"damage_healed":0.0,"max_hp_gain":0.0,"max_hp_loss":0.0,"gold_gain":0.0,"event_name":"Match and Keep!","player_choice":"1 cards matched","floor":3.0,"gold_loss":0.0,"damage_taken":0.0,"cards_obtained":["Bash"]},{"damage_healed":0,"gold_gain":99,"player_choice":"Stole From Cult","damage_taken":0,"max_hp_gain":0,"max_hp_loss":0,"event_name":"Nest","floor":22,"gold_loss":0}],"is_beta":false,"boss_relics":[{"not_picked":["Velvet Choker","Runic Cube"],"picked":"Pandora\u0027s Box"}],"items_purged_floors":[2],"is_endless":false,"potions_floor_spawned":[1,13,16,19,21],"killed_by":"Cultist and Chosen","ascension_level":3}