{"gold_per_floor":[114,130,147,97,115,115,170,187,213,32,52,62,74,86,86,191,191,210,228,3,3,3,3,28,39,39,39,56,72,72,88,88,184,184,198,209,209,221,240,240,251,84,84,84,100,113,113,113,113,113],"floor_reached":51,"playtime":6884,"items_purged":["Defend_B","Strike_B"],"score":624,"play_id":"047731b1-5a83-4d2d-a185-39469c6c5247","local_time":"20190908221043","is_ascension_mode":false,"campfire_choices":[{"data":"Hologram","floor":6.0,"key":"SMITH"},{"floor":15.0,"key":"REST"},{"floor":27.0,"key":"REST"},{"data":"Apotheosis","floor":30.0,"key":"SMITH"},{"data":"Fission","floor":32.0,"key":"SMITH"},{"floor":40,"key":"REST"},{"data":"Buffer","floor":47,"key":"SMITH"},{"data":"Scrape","floor":49,"key":"SMITH"}],"neow_cost":"PERCENT_DAMAGE","seed_source_timestamp":0,"circlet_count":0,"master_deck":["Defend_B","Defend_B","Zap","Dualcast","Conserve Battery","Hologram+1","Rebound","Streamline","Stack","Reinforced Body","Skim","Melter","Gash","FTL","Fission+1","Beam Cell","Go for the Eyes","All For One","Sweeping Beam+1","Apotheosis+1","Go for the Eyes","BootSequence","Necronomicurse","Chill+1","Hologram","Streamline","Gash","Echo Form","Ball Lightning+1","Beam Cell+1","Double Energy+1","Conserve Battery+1","Parasite","Gash","Scrape+1","Buffer+1"],"special_seed":0,"relics":["Cracked Core","Dream Catcher","Centennial Puzzle","Eternal Feather","Necronomicon","Anchor","Ancient Tea Set","Cursed Key"],"potions_floor_usage":[38,50,50,50],"damage_taken":[{"damage":1.0,"enemies":"Cultist","floor":1.0,"turns":4.0},{"damage":1.0,"enemies":"2 Louse","floor":2.0,"turns":2.0},{"damage":0.0,"enemies":"Jaw Worm","floor":3.0,"turns":2.0},{"damage":4.0,"enemies":"Exordium Thugs","floor":5.0,"turns":4.0},{"damage":23.0,"enemies":"Gremlin Nob","floor":7.0,"turns":4.0},{"damage":9.0,"enemies":"Large Slime","floor":8.0,"turns":6.0},{"damage":10.0,"enemies":"Looter","floor":11.0,"turns":2.0},{"damage":0.0,"enemies":"3 Louse","floor":12.0,"turns":4.0},{"damage":2.0,"enemies":"Red Slaver","floor":13.0,"turns":3.0},{"damage":0.0,"enemies":"Lots of Slimes","floor":14.0,"turns":4.0},{"damage":19.0,"enemies":"The Guardian","floor":16.0,"turns":15.0},{"damage":27.0,"enemies":"Chosen","floor":18.0,"turns":5.0},{"damage":10.0,"enemies":"3 Byrds","floor":19.0,"turns":4.0},{"damage":0.0,"enemies":"Centurion and Healer","floor":25.0,"turns":4.0},{"damage":12.0,"enemies":"Snake Plant","floor":28.0,"turns":3.0},{"damage":1.0,"enemies":"Snecko","floor":29.0,"turns":4.0},{"damage":5.0,"enemies":"3 Cultists","floor":31.0,"turns":3.0},{"damage":58.0,"enemies":"Collector","floor":33.0,"turns":12.0},{"damage":0,"enemies":"3 Shapes","floor":35,"turns":5},{"damage":11,"enemies":"Orb Walker","floor":36,"turns":4},{"damage":16,"enemies":"Maw","floor":38,"turns":5},{"damage":0,"enemies":"Transient","floor":39,"turns":5},{"damage":13,"enemies":"Writhing Mass","floor":41,"turns":5},{"damage":6,"enemies":"4 Shapes","floor":45,"turns":5},{"damage":0,"enemies":"Jaw Worm Horde","floor":46,"turns":4},{"damage":19,"enemies":"Donu and Deca","floor":50,"turns":8}],"seed_played":"-2888823486436365724","potions_obtained":[{"floor":2.0,"key":"EssenceOfSteel"},{"floor":5.0,"key":"FocusPotion"},{"floor":7.0,"key":"Ancient Potion"},{"floor":14.0,"key":"Poison Potion"},{"floor":28.0,"key":"Explosive Potion"},{"floor":31.0,"key":"EssenceOfSteel"},{"floor":38,"key":"FocusPotion"},{"floor":41,"key":"Strength Potion"},{"floor":45,"key":"Block Potion"}],"is_trial":false,"path_per_floor":["M","M","M","?","M","R","?","M","T","$","M","M","M","M","R","B",null,"M","M","$","?","?","?","T","M","T","R","M","M","R","M","R","B",null,"M","M","T","M","M","R","M","$","T","$","M","M","R","$","R","B",null],"character_chosen":"DEFECT","items_purchased":["Skim","Melter","Apotheosis","Go for the Eyes","Scrape"],"campfire_rested":3,"item_purchase_floors":[10,10,20,20,42],"current_hp_per_floor":[53,52,52,52,48,48,25,16,16,16,6,6,4,4,26,7,75,48,38,38,38,38,22,22,22,22,59,47,46,61,56,71,13,75,75,64,64,48,48,75,62,62,62,62,56,56,75,75,75,56],"gold":113,"neow_bonus":"REMOVE_TWO","is_prod":false,"is_daily":false,"chose_seed":false,"campfire_upgraded":5,"win_rate":0.0,"timestamp":1567973443,"path_taken":["M","M","?","?","M","R","?","M","T","?","M","?","M","M","R","BOSS","M","M","$","?","?","?","?","M","T","R","M","M","R","M","R","BOSS","M","M","?","M","?","R","M","?","T","$","M","M","R","$","R","BOSS"],"build_version":"2019-07-17","purchased_purges":2,"victory":true,"max_hp_per_floor":[75,75,75,75,75,75,75,75,75,75,75,75,75,75,75,75,75,75,75,75,75,75,75,75,75,75,75,75,75,75,75,75,75,75,75,75,75,75,75,75,75,75,75,75,75,75,75,75,75,75],"card_choices":[{"not_picked":["Leap","Force Field"],"picked":"Conserve Battery","floor":1.0},{"not_picked":["Tempest","Lockon"],"picked":"Hologram","floor":2.0},{"not_picked":["Chaos","Undo"],"picked":"Rebound","floor":3.0},{"not_picked":["Loop","Rip and Tear"],"picked":"Streamline","floor":5.0},{"not_picked":["Cold Snap","Hologram"],"picked":"Stack","floor":7.0},{"not_picked":["Sweeping Beam","Capacitor"],"picked":"Reinforced Body","floor":8.0},{"not_picked":["Loop","Stack"],"picked":"Gash","floor":11.0},{"not_picked":["Static Discharge","Streamline"],"picked":"FTL","floor":12.0},{"not_picked":["Stack","Force Field"],"picked":"Fission","floor":13.0},{"not_picked":["Steam","Darkness"],"picked":"Beam Cell","floor":14.0},{"not_picked":["Cold Snap","Fission"],"picked":"Go for the Eyes","floor":15.0},{"not_picked":["Seek","Buffer"],"picked":"All For One","floor":16.0},{"not_picked":["Leap","Stack+1","Consume+1"],"picked":"SKIP","floor":18.0},{"not_picked":["Rebound+1","Ball Lightning"],"picked":"Sweeping Beam+1","floor":19.0},{"not_picked":["Static Discharge","Reprogram+1"],"picked":"Chill+1","floor":25.0},{"not_picked":["Auto Shields+1","Blizzard"],"picked":"Hologram","floor":27.0},{"not_picked":["Cold Snap","BootSequence"],"picked":"Streamline","floor":28.0},{"not_picked":["Leap","Capacitor","Defragment"],"picked":"SKIP","floor":29.0},{"not_picked":["Barrage","Genetic Algorithm"],"picked":"Gash","floor":31.0},{"not_picked":["Electrodynamics","Biased Cognition"],"picked":"Echo Form","floor":33.0},{"not_picked":["Tempest","Chaos","BootSequence"],"picked":"SKIP","floor":35},{"not_picked":["Steam","Melter+1"],"picked":"Ball Lightning+1","floor":36},{"not_picked":["Rebound","Hello World"],"picked":"Beam Cell+1","floor":38},{"not_picked":["Hello World","Barrage+1"],"picked":"Double Energy+1","floor":39},{"not_picked":["Coolheaded+1","Compile Driver+1"],"picked":"Conserve Battery+1","floor":40},{"not_picked":["Glacier","Storm+1"],"picked":"Gash","floor":41},{"not_picked":["Barrage","Glacier","Ball Lightning+1"],"picked":"SKIP","floor":45},{"not_picked":["Streamline+1","Genetic Algorithm+1"],"picked":"Buffer","floor":46}],"player_experience":31927,"relics_obtained":[{"floor":7.0,"key":"Dream Catcher"},{"floor":9.0,"key":"Centennial Puzzle"},{"floor":23.0,"key":"Necronomicon"},{"floor":24.0,"key":"Anchor"},{"floor":26.0,"key":"Ancient Tea Set"}],"event_choices":[{"cards_removed":["Defend_B"],"damage_healed":0.0,"max_hp_gain":0.0,"max_hp_loss":0.0,"gold_gain":0.0,"event_name":"The Cleric","player_choice":"Card Removal","floor":4.0,"gold_loss":50.0,"damage_taken":0.0},{"damage_healed":0.0,"max_hp_gain":0.0,"max_hp_loss":0.0,"gold_gain":0.0,"event_name":"Dead Adventurer","player_choice":"Searched \u00271\u0027 times","floor":7.0,"gold_loss":0.0,"damage_taken":0.0},{"damage_healed":0.0,"max_hp_gain":0.0,"max_hp_loss":0.0,"gold_gain":0.0,"event_name":"The Library","player_choice":"Read","floor":21.0,"gold_loss":0.0,"damage_taken":0.0,"cards_obtained":["BootSequence"]},{"cards_removed":["Strike_B"],"damage_healed":0.0,"max_hp_gain":0.0,"max_hp_loss":0.0,"gold_gain":0.0,"event_name":"Back to Basics","player_choice":"Elegance","floor":22.0,"gold_loss":0.0,"damage_taken":0.0},{"damage_healed":0.0,"max_hp_gain":0.0,"max_hp_loss":0.0,"gold_gain":0.0,"event_name":"Cursed Tome","player_choice":"Obtained Book","floor":23.0,"gold_loss":0.0,"damage_taken":16.0}],"is_beta":false,"boss_relics":[{"not_picked":["Runic Dome","FrozenCore"],"picked":"Eternal Feather"},{"not_picked":["Inserter","Tiny House"],"picked":"Cursed Key"}],"items_purged_floors":[10,42],"is_endless":false,"potions_floor_spawned":[2,5,7,14,28,31,38,41,45,46],"ascension_level":0}