{"gold_per_floor":[111,111,126,126,143,170,170,181,205,280,295,295,351,328,340,352],"floor_reached":16,"playtime":1458,"items_purged":[],"score":100,"play_id":"d302e6c4-d6a4-4875-9bcd-9459dae60525","local_time":"20190912180647","is_ascension_mode":false,"campfire_choices":[{"floor":7,"key":"REST"},{"floor":12,"key":"REST"},{"floor":15,"key":"REST"}],"neow_cost":"NONE","seed_source_timestamp":33519637998899,"circlet_count":0,"master_deck":["Strike_G","Strike_G","Strike_G","Strike_G","Strike_G","Defend_G","Defend_G","Defend_G","Defend_G","Survivor","Neutralize","Dodge and Roll","Dagger Spray","Dagger Spray","Outmaneuver","Eviscerate","Backstab","Underhanded Strike"],"relics":["Ring of the Snake","FaceOfCleric","Juzu Bracelet","Pen Nib","MawBank"],"potions_floor_usage":[13,16,16],"damage_taken":[{"damage":0,"enemies":"Jaw Worm","floor":1,"turns":5},{"damage":0,"enemies":"2 Louse","floor":3,"turns":3},{"damage":0,"enemies":"Cultist","floor":5,"turns":4},{"damage":53,"enemies":"Lagavulin","floor":6,"turns":10},{"damage":11,"enemies":"Blue Slaver","floor":8,"turns":4},{"damage":9,"enemies":"Large Slime","floor":11,"turns":8},{"damage":14,"enemies":"3 Sentries","floor":13,"turns":7},{"damage":69,"enemies":"Slime Boss","floor":16,"turns":16}],"seed_played":"-3930421885879927534","potions_obtained":[{"floor":6,"key":"AttackPotion"},{"floor":8,"key":"Dexterity Potion"},{"floor":13,"key":"GhostInAJar"}],"is_trial":false,"path_per_floor":["M","?","M","?","M","E","R","M","T","?","M","R","?","?","R","B"],"character_chosen":"THE_SILENT","items_purchased":[],"campfire_rested":3,"item_purchase_floors":[],"current_hp_per_floor":[77,70,70,70,71,19,42,32,32,21,13,37,24,44,68,0],"gold":352,"neow_bonus":"TEN_PERCENT_HP_BONUS","is_prod":false,"is_daily":false,"chose_seed":false,"campfire_upgraded":0,"win_rate":0.0,"timestamp":1568336807,"path_taken":["M","?","M","?","M","E","R","M","T","?","M","R","?","?","R","BOSS"],"build_version":"2019-07-17","purchased_purges":0,"victory":false,"max_hp_per_floor":[77,77,77,77,78,79,79,80,80,80,81,81,82,82,82,82],"card_choices":[{"not_picked":["Backflip","Well Laid Plans"],"picked":"Dodge and Roll","floor":1},{"not_picked":["Deadly Poison","Expertise"],"picked":"Dagger Spray","floor":3},{"not_picked":["Deadly Poison","Quick Slash"],"picked":"Dagger Spray","floor":5},{"not_picked":["Dagger Throw","Sucker Punch"],"picked":"Outmaneuver","floor":6},{"not_picked":["Acrobatics","Prepared"],"picked":"Eviscerate","floor":8},{"not_picked":["Deflect","Flying Knee"],"picked":"Backstab","floor":11},{"not_picked":["Slice","Dodge and Roll"],"picked":"Underhanded Strike","floor":13}],"player_experience":25538,"relics_obtained":[{"floor":6,"key":"Juzu Bracelet"},{"floor":9,"key":"Pen Nib"}],"event_choices":[{"cards_removed":["Defend_G"],"damage_healed":0,"gold_gain":0,"player_choice":"Card Removal","damage_taken":7,"max_hp_gain":0,"max_hp_loss":0,"event_name":"Golden Wing","floor":2,"gold_loss":0},{"damage_healed":0,"gold_gain":0,"player_choice":"Trade","damage_taken":0,"relics_obtained":["FaceOfCleric"],"max_hp_gain":0,"max_hp_loss":0,"event_name":"FaceTrader","floor":4,"gold_loss":0},{"damage_healed":0,"gold_gain":75,"player_choice":"Gather Gold","damage_taken":11,"max_hp_gain":0,"max_hp_loss":0,"event_name":"World of Goop","floor":10,"gold_loss":0},{"damage_healed":0,"gold_gain":0,"player_choice":"Searched \u00272\u0027 times","damage_taken":0,"relics_obtained":["MawBank"],"max_hp_gain":0,"max_hp_loss":0,"event_name":"Dead Adventurer","floor":13,"gold_loss":0},{"damage_healed":20,"gold_gain":0,"player_choice":"Healed","damage_taken":0,"max_hp_gain":0,"max_hp_loss":0,"event_name":"The Cleric","floor":14,"gold_loss":35}],"is_beta":false,"boss_relics":[],"items_purged_floors":[],"is_endless":false,"potions_floor_spawned":[6,8,13],"killed_by":"Slime Boss","ascension_level":0}