{"gold_per_floor":[111,386,239,249,263,594,669,669,669,669,669,669,684,702,702,702],"floor_reached":16,"playtime":678,"items_purged":["Regret"],"score":150,"play_id":"6d95c64b-4dab-423f-bb05-1180eb42324c","local_time":"20191020203116","is_ascension_mode":true,"campfire_choices":[{"floor":8,"key":"REST"},{"data":"Corruption","floor":10,"key":"SMITH"},{"data":"Clothesline","floor":12,"key":"SMITH"},{"floor":15,"key":"REST"}],"neow_cost":"NONE","seed_source_timestamp":0,"circlet_count":0,"master_deck":["AscendersBane","Strike_R","Strike_R","Strike_R","Strike_R","Defend_R","Defend_R","Defend_R","Defend_R","Bash","Barricade","Clothesline+1","Metallicize","Corruption+1","Armaments","Pommel Strike","Battle Trance","Shrug It Off"],"special_seed":0,"relics":["Burning Blood","Old Coin","Gambling Chip"],"potions_floor_usage":[14,14,14,16],"damage_taken":[{"damage":13.0,"enemies":"2 Louse","floor":1.0,"turns":3.0},{"damage":1.0,"enemies":"Cultist","floor":4.0,"turns":4.0},{"damage":9.0,"enemies":"Small Slimes","floor":5.0,"turns":5.0},{"damage":35,"enemies":"Gremlin Nob","floor":6,"turns":5},{"damage":12,"enemies":"Exordium Wildlife","floor":13,"turns":6},{"damage":32,"enemies":"Gremlin Gang","floor":14,"turns":5},{"damage":36,"enemies":"Slime Boss","floor":16,"turns":12}],"seed_played":"-4428094106502677838","potions_obtained":[{"floor":13,"key":"EntropicBrew"},{"floor":14,"key":"SteroidPotion"}],"is_trial":false,"path_per_floor":["M","?","$","M","M","E","?","R","T","R","?","R","M","M","R","B"],"character_chosen":"IRONCLAD","items_purchased":["Metallicize"],"campfire_rested":2,"item_purchase_floors":[3],"current_hp_per_floor":[65,65,65,70,67,38,27,51,51,51,44,44,38,12,36,0],"gold":702,"neow_bonus":"ONE_RANDOM_RARE_CARD","is_prod":false,"is_daily":false,"chose_seed":false,"campfire_upgraded":2,"win_rate":0,"timestamp":1571628676,"path_taken":["M","?","$","?","M","E","?","R","T","R","?","R","M","M","R","BOSS"],"build_version":"2019-07-17","purchased_purges":1,"victory":false,"max_hp_per_floor":[80,80,80,80,80,80,80,80,80,80,80,80,80,80,80,80],"card_choices":[{"not_picked":["Warcry","Havoc"],"picked":"Clothesline","floor":1.0},{"not_picked":["Armaments","Shrug It Off"],"picked":"Corruption","floor":4.0},{"not_picked":["Bludgeon","Clothesline"],"picked":"Armaments","floor":5.0},{"not_picked":["Iron Wave","Reckless Charge"],"picked":"Pommel Strike","floor":6},{"not_picked":["Evolve","Clash"],"picked":"Battle Trance","floor":13},{"not_picked":["Body Slam","Wild Strike"],"picked":"Shrug It Off","floor":14}],"player_experience":406401,"relics_obtained":[{"floor":6,"key":"Old Coin"},{"floor":9,"key":"Gambling Chip"}],"event_choices":[{"damage_healed":0.0,"max_hp_gain":0.0,"max_hp_loss":0.0,"gold_gain":275.0,"event_name":"Golden Shrine","player_choice":"Desecrate","floor":2.0,"gold_loss":0.0,"damage_taken":0.0,"cards_obtained":["Regret"]},{"damage_healed":0,"gold_gain":75,"player_choice":"Gather Gold","damage_taken":11,"max_hp_gain":0,"max_hp_loss":0,"event_name":"World of Goop","floor":7,"gold_loss":0},{"cards_removed":["Strike_R"],"damage_healed":0,"gold_gain":0,"player_choice":"Card Removal","damage_taken":7,"max_hp_gain":0,"max_hp_loss":0,"event_name":"Golden Wing","floor":11,"gold_loss":0}],"is_beta":false,"boss_relics":[],"items_purged_floors":[3],"is_endless":false,"potions_floor_spawned":[13,14],"killed_by":"Slime Boss","ascension_level":10}