{"gold_per_floor":[111,127,127,147,160,195,195,229,241,253,279,291,268,291,303,413,425,447,459,482,494,516,528,1,13,67,67,95,95,95,114,114,114],"floor_reached":33,"playtime":2847,"items_purged":[],"score":330,"play_id":"6026c663-e062-459a-a260-6c37e6a38b71","local_time":"20190916152035","is_ascension_mode":true,"campfire_choices":[{"data":"Cloak And Dagger","floor":7.0,"key":"SMITH"},{"data":"Accuracy","floor":10.0,"key":"SMITH"},{"data":"Distraction","floor":15,"key":"SMITH"},{"data":"Venomology","floor":23,"key":"SMITH"},{"data":"Calculated Gamble","floor":27,"key":"SMITH"},{"floor":29,"key":"REST"},{"floor":32,"key":"REST"}],"neow_cost":"NONE","seed_source_timestamp":0,"circlet_count":0,"master_deck":["Defend_G","Defend_G","Defend_G","Defend_G+1","Defend_G","Survivor","Neutralize+1","Venomology+1","Catalyst","Deadly Poison","Accuracy+1","Cloak And Dagger+1","Accuracy+1","Distraction+1","Footwork","Adrenaline","Slice","Catalyst","Bite","Bite","Bite","Bite","Bite","Deflect+1","Accuracy","Deflect","Calculated Gamble+1","Eviscerate","Crippling Poison","PiercingWail"],"special_seed":0,"relics":["Ring of the Snake","Whetstone","MawBank","Bottled Tornado","WristBlade","Bottled Flame","OrangePellets","Oddly Smooth Stone","Nunchaku"],"potions_floor_usage":[14,16,16,16,16,18,20,22,22,22,25,28,31,33,33],"damage_taken":[{"damage":0.0,"enemies":"Jaw Worm","floor":1.0,"turns":6.0},{"damage":0.0,"enemies":"Cultist","floor":2.0,"turns":5.0},{"damage":1.0,"enemies":"2 Louse","floor":4.0,"turns":3.0},{"damage":3.0,"enemies":"Blue Slaver","floor":5.0,"turns":4.0},{"damage":5.0,"enemies":"3 Sentries","floor":6.0,"turns":11.0},{"damage":8.0,"enemies":"Lagavulin","floor":8.0,"turns":6.0},{"damage":8.0,"enemies":"Looter","floor":11.0,"turns":3.0},{"damage":3,"enemies":"Gremlin Gang","floor":14,"turns":5},{"damage":7,"enemies":"The Guardian","floor":16,"turns":7},{"damage":4,"enemies":"Shell Parasite","floor":18,"turns":5},{"damage":5,"enemies":"2 Thieves","floor":20,"turns":4},{"damage":18,"enemies":"3 Cultists","floor":22,"turns":6},{"damage":20,"enemies":"Shelled Parasite and Fungi","floor":25,"turns":7},{"damage":27,"enemies":"Book of Stabbing","floor":28,"turns":6},{"damage":28,"enemies":"Sentry and Sphere","floor":31,"turns":7},{"damage":39,"enemies":"Champ","floor":33,"turns":9}],"seed_played":"4304917267984053605","potions_obtained":[{"floor":6.0,"key":"SkillPotion"},{"floor":8.0,"key":"Regen Potion"},{"floor":14,"key":"FearPotion"},{"floor":16,"key":"Explosive Potion"},{"floor":18,"key":"SpeedPotion"},{"floor":31,"key":"Poison Potion"}],"is_trial":false,"path_per_floor":["M","M","?","M","M","E","R","E","T","R","M","?","?","M","R","B",null,"M","?","M","?","M","R","$","M","T","R","E","R","?","M","R","B"],"character_chosen":"THE_SILENT","items_purchased":["Bottled Flame","Accuracy","Deflect","OrangePellets"],"campfire_rested":2,"item_purchase_floors":[24,24,24,24],"current_hp_per_floor":[70,70,70,69,66,69,69,61,61,61,62,48,65,62,62,55,70,66,66,61,49,44,44,44,34,34,34,9,23,23,9,23,0],"gold":114,"neow_bonus":"ONE_RANDOM_RARE_CARD","is_prod":false,"is_daily":false,"chose_seed":false,"campfire_upgraded":5,"win_rate":0,"timestamp":1568672435,"path_taken":["M","M","?","M","?","E","R","E","T","R","M","?","?","M","R","BOSS","M","?","?","?","M","R","$","M","T","R","E","R","?","M","R","BOSS"],"build_version":"2019-07-17","purchased_purges":0,"victory":false,"max_hp_per_floor":[70,70,70,70,70,70,70,70,70,70,70,70,70,70,70,70,70,70,70,70,49,49,49,49,49,49,49,49,49,49,49,49,49],"card_choices":[{"not_picked":["All Out Attack","Flying Knee"],"picked":"Catalyst","floor":1.0},{"not_picked":["Deflect","Poisoned Stab"],"picked":"Deadly Poison","floor":2.0},{"not_picked":["Bane","Cloak And Dagger"],"picked":"Accuracy","floor":4.0},{"not_picked":["Deadly Poison","Blade Dance"],"picked":"Cloak And Dagger","floor":5.0},{"not_picked":["Quick Slash","Leg Sweep"],"picked":"Reflex","floor":6.0},{"not_picked":["Deflect","Adrenaline"],"picked":"Accuracy","floor":8.0},{"not_picked":["Dagger Spray","Deadly Poison"],"picked":"Distraction","floor":11.0},{"not_picked":["Terror","Outmaneuver"],"picked":"Footwork","floor":14},{"not_picked":["Glass Knife","Phantasmal Killer"],"picked":"Adrenaline","floor":16},{"not_picked":["Underhanded Strike","Catalyst+1"],"picked":"Slice","floor":18},{"not_picked":["Leg Sweep","PiercingWail"],"picked":"Catalyst","floor":20},{"not_picked":["Masterful Stab","Acrobatics"],"picked":"Deflect+1","floor":22},{"not_picked":["Quick Slash+1","Acrobatics"],"picked":"Calculated Gamble","floor":25},{"not_picked":["Wraith Form v2","Bane"],"picked":"PiercingWail","floor":28},{"not_picked":["Leg Sweep","Caltrops"],"picked":"PiercingWail","floor":31}],"player_experience":87610,"relics_obtained":[{"floor":6.0,"key":"Whetstone"},{"floor":8.0,"key":"MawBank"},{"floor":9.0,"key":"Bottled Tornado"},{"floor":26,"key":"Oddly Smooth Stone"},{"floor":28,"key":"Nunchaku"}],"event_choices":[{"cards_removed":["Strike_G"],"damage_healed":0.0,"max_hp_gain":0.0,"max_hp_loss":0.0,"gold_gain":0.0,"event_name":"Bonfire Elementals","player_choice":"Offered Basic","floor":3.0,"gold_loss":0.0,"damage_taken":0.0},{"damage_healed":0.0,"max_hp_gain":0.0,"max_hp_loss":0.0,"gold_gain":0.0,"event_name":"Shining Light","player_choice":"Entered Light","floor":12.0,"gold_loss":0.0,"damage_taken":14.0,"cards_upgraded":["Accuracy","Defend_G"]},{"damage_healed":17.0,"max_hp_gain":0.0,"max_hp_loss":0.0,"gold_gain":0.0,"event_name":"The Cleric","player_choice":"Healed","floor":13.0,"gold_loss":35.0,"damage_taken":0.0},{"cards_removed":["Strike_G"],"damage_healed":0,"gold_gain":0,"player_choice":"Purged","damage_taken":0,"max_hp_gain":0,"max_hp_loss":0,"event_name":"Purifier","floor":19,"gold_loss":0},{"damage_healed":0,"gold_gain":0,"player_choice":"Became a vampire","damage_taken":0,"max_hp_gain":0,"max_hp_loss":21,"event_name":"Vampires","floor":21,"gold_loss":0,"cards_obtained":["Bite","Bite","Bite","Bite","Bite"]},{"damage_healed":0,"gold_gain":0,"cards_transformed":["PiercingWail","Reflex"],"player_choice":"Became Test Subject","damage_taken":0,"max_hp_gain":0,"max_hp_loss":0,"event_name":"Drug Dealer","floor":30,"gold_loss":0,"cards_obtained":["Eviscerate","Crippling Poison"]}],"is_beta":false,"boss_relics":[{"not_picked":["Runic Dome","Astrolabe"],"picked":"WristBlade"}],"items_purged_floors":[],"is_endless":false,"potions_floor_spawned":[4,6,8,14,16,18,31],"killed_by":"Champ","ascension_level":2}