{"gold_per_floor":[11,11,11,11,29,60,71,71,71,26,26,43,78,3,3,105,155,166,89,109,9,26,26,41,41,93,93,192,204,236,236,236,236],"floor_reached":33,"playtime":1163,"items_purged":["Defend_R","Strike_R"],"score":287,"play_id":"45cf7829-8570-4e32-8ccd-3c5c6ecfaf37","local_time":"20180721214456","is_ascension_mode":true,"campfire_choices":[{"data":"Hemokinesis","floor":8,"key":"SMITH"},{"data":"Power Through","floor":11,"key":"SMITH"},{"floor":15,"key":"REST"},{"data":"J.A.X.","floor":23,"key":"SMITH"},{"data":"Rupture","floor":25,"key":"SMITH"},{"data":"Immolate","floor":27,"key":"SMITH"},{"floor":32,"key":"REST"}],"neow_cost":"NO_GOLD","seed_source_timestamp":629596277811200,"circlet_count":0,"master_deck":["Strike_R","Strike_R","Strike_R","Defend_R","Defend_R+1","Bash","Sword Boomerang","Hemokinesis+1","Power Through+1","Burning Pact","Evolve","Wild Strike","Rupture+1","Offering","Thunderclap","Immolate+1","J.A.X.+1","Headbutt+1","Dropkick","Cleave+1","Headbutt+1","Seeing Red+1"],"relics":["Burning Blood","Unceasing Top","Letter Opener","Anchor","Tiny House","Bag of Marbles","Paper Frog"],"potions_floor_usage":[16,16,20,20,22,30],"damage_taken":[{"damage":1,"enemies":"Cultist","floor":1,"turns":3},{"damage":14,"enemies":"Jaw Worm","floor":5,"turns":2},{"damage":28,"enemies":"Gremlin Nob","floor":6,"turns":5},{"damage":8,"enemies":"Small Slimes","floor":7,"turns":3},{"damage":12,"enemies":"Looter","floor":12,"turns":3},{"damage":31,"enemies":"3 Sentries","floor":13,"turns":8},{"damage":18,"enemies":"Hexaghost","floor":16,"turns":9},{"damage":29,"enemies":"2 Thieves","floor":18,"turns":4},{"damage":10,"enemies":"3 Byrds","floor":20,"turns":2},{"damage":15,"enemies":"Snecko","floor":22,"turns":4},{"damage":14,"enemies":"Centurion and Healer","floor":24,"turns":4},{"damage":24,"enemies":"Snake Plant","floor":29,"turns":3},{"damage":14,"enemies":"Slavers","floor":30,"turns":2},{"damage":50,"enemies":"Automaton","floor":33,"turns":6}],"seed_played":"-2164854708488298994","potions_obtained":[{"floor":6,"key":"Dexterity Potion"},{"floor":13,"key":"SkillPotion"},{"floor":16,"key":"Energy Potion"},{"floor":17,"key":"Explosive Potion"},{"floor":20,"key":"LiquidBronze"},{"floor":22,"key":"SteroidPotion"}],"is_trial":false,"path_per_floor":["M","$","$","?","M","E","M","R","T","$","R","M","E","$","R","B",null,"M","?","M","$","M","R","M","R","T","R","?","M","E","?","R"],"character_chosen":"IRONCLAD","items_purchased":["Wild Strike"],"campfire_rested":2,"item_purchase_floors":[10],"current_hp_per_floor":[80,80,80,73,65,43,41,41,41,41,41,35,10,10,34,22,85,62,62,58,58,49,49,41,41,41,41,41,23,15,6,31,0],"gold":236,"neow_bonus":"TRANSFORM_TWO_CARDS","is_prod":false,"is_daily":false,"chose_seed":false,"campfire_upgraded":5,"win_rate":0,"timestamp":1532198696,"path_taken":["M","?","$","?","M","E","M","R","T","$","R","M","E","$","R","BOSS","M","?","M","$","M","R","M","R","T","R","?","M","E","?","R","BOSS"],"build_version":"2018-07-19v2","purchased_purges":2,"victory":false,"max_hp_per_floor":[80,80,80,80,80,80,80,80,80,80,80,80,80,80,80,80,85,85,85,85,85,85,85,85,85,85,85,85,85,85,85,85,85],"card_choices":[{"not_picked":["Headbutt","Metallicize"],"picked":"Hemokinesis","floor":1},{"not_picked":["Sword Boomerang","Thunderclap"],"picked":"Power Through","floor":5},{"not_picked":["Shockwave","Sword Boomerang"],"picked":"Burning Pact","floor":6},{"not_picked":["Headbutt","Fire Breathing"],"picked":"Evolve","floor":7},{"not_picked":["Anger","Clash","Havoc"],"picked":"SKIP","floor":12},{"not_picked":["Barricade","Disarm"],"picked":"Rupture","floor":13},{"not_picked":["Barricade","Feed"],"picked":"Offering","floor":16},{"not_picked":["Perfected Strike","Hemokinesis"],"picked":"Thunderclap","floor":17},{"not_picked":["Clash","Wild Strike"],"picked":"Immolate","floor":18},{"not_picked":["Blood for Blood","Thunderclap"],"picked":"Headbutt+1","floor":20},{"not_picked":["Pummel","Entrench+1"],"picked":"Dropkick","floor":22},{"not_picked":["Pommel Strike","Havoc"],"picked":"Cleave+1","floor":24},{"not_picked":["Anger","Twin Strike"],"picked":"Headbutt+1","floor":29},{"not_picked":["Thunderclap+1","Cleave"],"picked":"Seeing Red+1","floor":30}],"player_experience":157631,"relics_obtained":[{"floor":6,"key":"Unceasing Top"},{"floor":9,"key":"Letter Opener"},{"floor":13,"key":"Anchor"},{"floor":26,"key":"Bag of Marbles"},{"floor":30,"key":"Paper Frog"}],"event_choices":[{"event_name":"Golden Wing","player_choice":"Card Removal","floor":4,"damage_taken":0},{"event_name":"Drug Dealer","player_choice":"Got JAXXED","floor":19,"damage_taken":0},{"event_name":"Nest","player_choice":"Stole From Cult","floor":28,"damage_taken":0},{"event_name":"Cursed Tome","player_choice":"Stopped","floor":31,"damage_taken":0}],"is_beta":false,"boss_relics":[{"not_picked":["White Beast Statue","Runic Pyramid"],"picked":"Tiny House"}],"items_purged_floors":[14,21],"is_endless":false,"potions_floor_spawned":[6,13,16,20,22],"killed_by":"Automaton","ascension_level":1}