{"gold_per_floor":[209,63,75,75,87,117,136,167,167,187,187,187,197,228,228,332,332,348,368,368,388,313,313,313],"floor_reached":24,"playtime":2765,"items_purged":["Pain"],"score":349,"play_id":"8da783f5-86cf-4039-8f4b-cc05f0fc24cf","local_time":"20191016140552","is_ascension_mode":true,"campfire_choices":[{"floor":11,"key":"DIG"},{"floor":15,"key":"REST"},{"floor":23,"key":"REST"}],"neow_cost":"NONE","seed_source_timestamp":280359037836199,"circlet_count":0,"master_deck":["AscendersBane","Strike_B","Strike_B","Strike_B","Strike_B+1","Defend_B","Defend_B","Defend_B","Defend_B","Zap","Dualcast","Cold Snap","Genetic Algorithm","Self Repair","Sunder+1","Compile Driver","Steam Power","Glacier","BootSequence","White Noise","Gash+1","Chill","Core Surge+1","Force Field","Capacitor","Decay","Lockon+1"],"special_seed":0,"relics":["Cracked Core","Lantern","Emotion Chip","Shovel","Molten Egg 2","WarpedTongs","Whetstone","Snecko Eye"],"potions_floor_usage":[8,21,24],"damage_taken":[{"damage":6.0,"enemies":"Cultist","floor":1.0,"turns":4.0},{"damage":2.0,"enemies":"2 Louse","floor":3.0,"turns":3.0},{"damage":2.0,"enemies":"Jaw Worm","floor":5.0,"turns":3.0},{"damage":13.0,"enemies":"3 Sentries","floor":6.0,"turns":9.0},{"damage":0.0,"enemies":"3 Louse","floor":7.0,"turns":2.0},{"damage":30,"enemies":"Gremlin Nob","floor":8,"turns":5},{"damage":12,"enemies":"Exordium Wildlife","floor":10,"turns":6},{"damage":24,"enemies":"Gremlin Gang","floor":13,"turns":4},{"damage":12,"enemies":"Lagavulin","floor":14,"turns":7},{"damage":27,"enemies":"Hexaghost","floor":16,"turns":11},{"damage":23,"enemies":"3 Byrds","floor":18,"turns":7},{"damage":15,"enemies":"Shell Parasite","floor":19,"turns":12},{"damage":31,"enemies":"3 Cultists","floor":21,"turns":8},{"damage":52,"enemies":"Gremlin Leader","floor":24,"turns":11}],"seed_played":"-6303297142041346201","potions_obtained":[{"floor":1.0,"key":"Strength Potion"},{"floor":5.0,"key":"Ancient Potion"},{"floor":13,"key":"Fire Potion"},{"floor":14,"key":"Block Potion"}],"is_trial":false,"path_per_floor":["M","$","M","?","M","E","M","E","T","M","R","?","M","E","R","B",null,"M","M","?","M","$","R","E"],"character_chosen":"DEFECT","items_purchased":["Genetic Algorithm","Self Repair"],"campfire_rested":2,"item_purchase_floors":[2,2],"current_hp_per_floor":[62,62,67,72,77,71,71,48,48,43,43,43,19,14,38,18,65,49,44,44,27,27,51,0],"gold":313,"neow_bonus":"HUNDRED_GOLD","is_prod":false,"is_daily":false,"chose_seed":false,"campfire_upgraded":0,"win_rate":0,"timestamp":1571227552,"path_taken":["M","$","M","?","M","E","M","E","T","M","R","?","M","E","R","BOSS","M","M","?","?","$","R","E"],"build_version":"2019-07-17","purchased_purges":1,"victory":false,"max_hp_per_floor":[75,75,75,80,80,80,80,80,80,80,80,80,80,80,80,80,80,80,80,80,80,80,80,80],"card_choices":[{"not_picked":["Rip and Tear","Go for the Eyes"],"picked":"Cold Snap","floor":1.0},{"not_picked":["Go for the Eyes","Coolheaded"],"picked":"Sunder","floor":3.0},{"not_picked":["Sunder","Force Field"],"picked":"Compile Driver","floor":5.0},{"not_picked":["Tempest","Storm"],"picked":"Steam Power","floor":6.0},{"not_picked":["Coolheaded","Fusion"],"picked":"Glacier","floor":7.0},{"not_picked":["Reinforced Body","Stack"],"picked":"BootSequence","floor":8},{"not_picked":["Reboot","Coolheaded"],"picked":"White Noise","floor":10},{"not_picked":["Stack","Auto Shields"],"picked":"Gash+1","floor":13},{"not_picked":["Compile Driver+1","Beam Cell+1"],"picked":"Chill","floor":14},{"not_picked":["All For One+1","Multi-Cast"],"picked":"Core Surge+1","floor":16},{"not_picked":["Coolheaded","Redo"],"picked":"Force Field","floor":18},{"not_picked":["Beam Cell+1","Static Discharge"],"picked":"Capacitor","floor":19},{"not_picked":["Go for the Eyes+1","Rip and Tear+1"],"picked":"Lockon+1","floor":21}],"player_experience":281243,"relics_obtained":[{"floor":6.0,"key":"Lantern"},{"floor":8,"key":"Emotion Chip"},{"floor":9,"key":"Shovel"},{"floor":11,"key":"Molten Egg 2"},{"floor":14,"key":"Whetstone"}],"event_choices":[{"damage_healed":0.0,"max_hp_gain":5.0,"max_hp_loss":0.0,"gold_gain":0.0,"event_name":"Big Fish","player_choice":"Donut","floor":4.0,"gold_loss":0.0,"damage_taken":0.0},{"damage_healed":0,"gold_gain":0,"player_choice":"Rummage","damage_taken":0,"relics_obtained":["WarpedTongs"],"max_hp_gain":0,"max_hp_loss":0,"event_name":"Accursed Blacksmith","floor":12,"gold_loss":0,"cards_obtained":["Pain"]},{"damage_healed":0,"gold_gain":0,"player_choice":"Cursed","damage_taken":0,"max_hp_gain":0,"max_hp_loss":0,"event_name":"Wheel of Change","floor":20,"gold_loss":0,"cards_obtained":["Decay"]}],"is_beta":false,"boss_relics":[{"not_picked":["Busted Crown","Tiny House"],"picked":"Snecko Eye"}],"items_purged_floors":[22],"is_endless":false,"potions_floor_spawned":[1,5,7,13,14,18,19],"killed_by":"Gremlin Leader","ascension_level":12}