{"gold_per_floor":[109,284,284,297,25,50,68,68,91,118,118,68,0,0,0,97,97,115,133,143,45,45,45,64,96,96,113,113,13,112,112],"floor_reached":31,"playtime":842,"items_purged":["Regret","Decay"],"score":287,"play_id":"7a6b6212-bcc7-4e68-8d84-57f4a3a30d81","local_time":"20190413213459","is_ascension_mode":true,"campfire_choices":[{"data":"Discovery","floor":8,"key":"SMITH"},{"floor":15,"key":"REST"},{"data":"Inflame","floor":23,"key":"SMITH"}],"neow_cost":"CURSE","seed_source_timestamp":1826118561546100,"circlet_count":0,"master_deck":["Strike_R","Strike_R","Strike_R","Strike_R","Strike_R","Defend_R","Defend_R","Defend_R","Defend_R","Bash","Blind","Discovery+1","Uppercut","Headbutt","Flex+1","Seeing Red+1","True Grit+1","Second Wind+1","Offering+1","Limit Break+1","Disarm+1","Demon Form","Armaments+1","True Grit+1","Inflame+1","True Grit+1","Perfected Strike","Infernal Blade+1","Flame Barrier+1","Thunderclap+1"],"relics":["Burning Blood","Pen Nib","Toxic Egg 2","Bag of Marbles","Red Skull","Strawberry","Bottled Flame","Mark of Pain","Omamori","Molten Egg 2","Shovel"],"potions_floor_usage":[7,16,20,24,31],"damage_taken":[{"damage":8,"enemies":"2 Louse","floor":1,"turns":3},{"damage":14,"enemies":"Jaw Worm","floor":4,"turns":3},{"damage":35,"enemies":"Gremlin Nob","floor":6,"turns":5},{"damage":0,"enemies":"Small Slimes","floor":7,"turns":1},{"damage":30,"enemies":"3 Sentries","floor":10,"turns":8},{"damage":31,"enemies":"Slime Boss","floor":16,"turns":7},{"damage":35,"enemies":"Shell Parasite","floor":18,"turns":6},{"damage":17,"enemies":"Spheric Guardian","floor":19,"turns":4},{"damage":12,"enemies":"Centurion and Healer","floor":20,"turns":3},{"damage":0,"enemies":"Snecko","floor":24,"turns":3},{"damage":24,"enemies":"Gremlin Leader","floor":25,"turns":6},{"damage":21,"enemies":"3 Cultists","floor":27,"turns":5},{"damage":15,"enemies":"Cultist and Chosen","floor":31,"turns":4}],"seed_played":"369953157899935895","potions_obtained":[{"floor":6,"key":"Regen Potion"},{"floor":10,"key":"Dexterity Potion"},{"floor":16,"key":"Strength Potion"},{"floor":18,"key":"Energy Potion"},{"floor":27,"key":"GamblersBrew"}],"is_trial":false,"path_per_floor":["M","?","?","M","$","E","M","R","T","E","T","?","$","?","R","B",null,"M","M","M","$","?","R","M","E","T","M","?","$","?","M"],"character_chosen":"IRONCLAD","items_purchased":["Toxic Egg 2","Flex+1","Offering+1","True Grit+1"],"campfire_rested":1,"item_purchase_floors":[5,5,13,21],"current_hp_per_floor":[78,78,78,70,70,41,47,47,47,30,30,30,30,30,56,31,87,58,47,41,41,41,41,47,29,29,14,14,14,14,0],"gold":112,"neow_bonus":"RANDOM_COLORLESS_2","is_prod":false,"is_daily":false,"chose_seed":false,"campfire_upgraded":2,"win_rate":0,"timestamp":1555180499,"path_taken":["M","?","?","M","$","E","M","R","T","E","?","?","?","?","R","BOSS","M","M","?","$","?","R","M","E","T","M","?","$","?","M"],"build_version":"2019-01-23","purchased_purges":2,"victory":false,"max_hp_per_floor":[80,80,80,80,80,80,80,80,80,87,87,87,87,87,87,87,87,87,87,87,87,87,87,87,87,87,87,87,87,87,87],"card_choices":[{"not_picked":["Dual Wield","Anger"],"picked":"Uppercut","floor":1},{"not_picked":["Wild Strike","Pommel Strike"],"picked":"Headbutt","floor":4},{"not_picked":["Pummel","Headbutt"],"picked":"Seeing Red+1","floor":6},{"not_picked":["Perfected Strike","Entrench+1"],"picked":"True Grit+1","floor":7},{"not_picked":["Heavy Blade","Pommel Strike"],"picked":"Second Wind+1","floor":10},{"not_picked":["Bludgeon","Berserk"],"picked":"Demon Form","floor":16},{"not_picked":["True Grit+1","Burning Pact+1"],"picked":"Armaments+1","floor":18},{"not_picked":["Sword Boomerang","Wild Strike"],"picked":"True Grit+1","floor":19},{"not_picked":["Perfected Strike","Armaments+1"],"picked":"Inflame","floor":20},{"not_picked":["Headbutt","True Grit+1"],"picked":"Infernal Blade+1","floor":24},{"not_picked":["Warcry+1","Headbutt"],"picked":"Flame Barrier+1","floor":25},{"not_picked":["Searing Blow+1","Dark Embrace"],"picked":"Thunderclap+1","floor":27}],"player_experience":270648,"relics_obtained":[{"floor":6,"key":"Bag of Marbles"},{"floor":9,"key":"Red Skull"},{"floor":10,"key":"Strawberry"},{"floor":11,"key":"Bottled Flame"},{"floor":25,"key":"Omamori"},{"floor":26,"key":"Molten Egg 2"}],"event_choices":[{"damage_healed":0,"gold_gain":175,"player_choice":"AGREE","damage_taken":0,"max_hp_gain":0,"max_hp_loss":0,"event_name":"Liars Game","floor":2,"gold_loss":0,"cards_obtained":["Doubt"]},{"damage_healed":0,"gold_gain":0,"player_choice":"Box","damage_taken":0,"relics_obtained":["Pen Nib"],"max_hp_gain":0,"max_hp_loss":0,"event_name":"Big Fish","floor":3,"gold_loss":0,"cards_obtained":["Regret"]},{"cards_removed":["Doubt"],"damage_healed":0,"gold_gain":0,"player_choice":"Card Removal","damage_taken":0,"max_hp_gain":0,"max_hp_loss":0,"event_name":"The Cleric","floor":12,"gold_loss":50},{"damage_healed":0,"gold_gain":0,"player_choice":"2 cards matched","damage_taken":0,"max_hp_gain":0,"max_hp_loss":0,"event_name":"Match and Keep!","floor":14,"gold_loss":0,"cards_obtained":["Limit Break","Disarm"]},{"damage_healed":0,"gold_gain":0,"player_choice":"Read","damage_taken":0,"max_hp_gain":0,"max_hp_loss":0,"event_name":"The Library","floor":22,"gold_loss":0,"cards_obtained":["Perfected Strike"]},{"damage_healed":0,"gold_gain":0,"player_choice":"Stole Relic","damage_taken":0,"relics_obtained":["Shovel"],"max_hp_gain":0,"max_hp_loss":0,"event_name":"Addict","floor":28,"gold_loss":0,"cards_obtained":["Shame"]},{"damage_healed":0,"gold_gain":99,"player_choice":"Stole From Cult","damage_taken":0,"max_hp_gain":0,"max_hp_loss":0,"event_name":"Nest","floor":30,"gold_loss":0}],"is_beta":false,"boss_relics":[{"not_picked":["Fusion Hammer","Snecko Eye"],"picked":"Mark of Pain"}],"items_purged_floors":[21,29],"is_endless":false,"potions_floor_spawned":[6,10,16,18,27],"killed_by":"Cultist and Chosen","ascension_level":2}