{"gold_per_floor":[19,19,194,194,212,212,243,243,243,255,235,112,145,165,165,266,266,281,281,83,83,46,46,56,71,151,151,162,162],"floor_reached":29,"playtime":809,"items_purged":["Doubt","Strike_R"],"score":254,"play_id":"adb00c34-bd63-4fc0-85eb-3c90e798005c","local_time":"20190413201211","is_ascension_mode":true,"campfire_choices":[{"data":"Dropkick","floor":6,"key":"SMITH"},{"data":"Seeing Red","floor":8,"key":"SMITH"},{"floor":15,"key":"REST"},{"data":"Infernal Blade","floor":23,"key":"SMITH"}],"neow_cost":"NO_GOLD","seed_source_timestamp":1821184185074400,"circlet_count":0,"master_deck":["Strike_R","Defend_R","Defend_R","Defend_R","Bash","Wild Strike","Dropkick+1","Seeing Red+1","Sword Boomerang","Cleave","Rage","Iron Wave","Shrug It Off","Immolate","Thunderclap","Headbutt","Infernal Blade+1","Shrug It Off","Bloodletting+1","Brutality","Shockwave","Warcry+1"],"relics":["Burning Blood","Boot","Juzu Bracelet","Dream Catcher","Blue Candle","Nloth\u0027s Gift","Question Card"],"potions_floor_usage":[13,13,16,16,25,28],"damage_taken":[{"damage":9,"enemies":"Jaw Worm","floor":1,"turns":5},{"damage":16,"enemies":"Cultist","floor":5,"turns":4},{"damage":40,"enemies":"Lagavulin","floor":7,"turns":8},{"damage":8,"enemies":"2 Louse","floor":10,"turns":3},{"damage":11,"enemies":"3 Sentries","floor":13,"turns":7},{"damage":20,"enemies":"Gremlin Gang","floor":14,"turns":2},{"damage":30,"enemies":"The Guardian","floor":16,"turns":12},{"damage":8,"enemies":"Spheric Guardian","floor":18,"turns":4},{"damage":27,"enemies":"3 Byrds","floor":24,"turns":3},{"damage":37,"enemies":"Cultist and Chosen","floor":25,"turns":7},{"damage":11,"enemies":"Snecko","floor":28,"turns":4},{"damage":29,"enemies":"Gremlin Leader","floor":29,"turns":5}],"seed_played":"-7920965950942399342","potions_obtained":[{"floor":7,"key":"SpeedPotion"},{"floor":10,"key":"Block Potion"},{"floor":11,"key":"SkillPotion"},{"floor":13,"key":"Strength Potion"},{"floor":25,"key":"PowerPotion"},{"floor":28,"key":"Ancient Potion"}],"is_trial":false,"path_per_floor":["M","$","?","T","M","R","E","R","T","M","?","$","E","M","R","B",null,"M","?","$","?","$","R","M","M","T","?","M","E"],"character_chosen":"IRONCLAD","items_purchased":["Cleave","Ancient Potion","Headbutt","Infernal Blade"],"campfire_rested":1,"item_purchase_floors":[12,20,20,22],"current_hp_per_floor":[77,77,77,77,67,67,33,33,33,31,31,31,26,12,36,12,80,78,78,78,78,78,78,57,26,26,26,21,0],"gold":162,"neow_bonus":"REMOVE_TWO","is_prod":false,"is_daily":false,"chose_seed":false,"campfire_upgraded":3,"win_rate":0,"timestamp":1555175531,"path_taken":["M","$","?","?","?","R","E","R","T","M","?","$","E","M","R","BOSS","M","?","$","?","$","R","M","M","T","?","M","E"],"build_version":"2019-01-23","purchased_purges":2,"victory":false,"max_hp_per_floor":[80,80,80,80,80,80,80,80,80,80,80,80,80,80,80,80,80,80,80,80,80,80,80,80,80,80,80,80,80],"card_choices":[{"not_picked":["Pommel Strike","Carnage"],"picked":"Wild Strike","floor":1},{"not_picked":["Clash","Pommel Strike"],"picked":"Dropkick","floor":5},{"not_picked":["Evolve","Feel No Pain"],"picked":"Seeing Red","floor":7},{"not_picked":["Perfected Strike","Body Slam"],"picked":"Sword Boomerang","floor":10},{"not_picked":["Exhume","Iron Wave"],"picked":"Rage","floor":13},{"not_picked":["Cleave","Twin Strike"],"picked":"Iron Wave","floor":14},{"not_picked":["Berserk","Clothesline"],"picked":"Shrug It Off","floor":15},{"not_picked":["Feed","Berserk"],"picked":"Immolate","floor":16},{"not_picked":["Clash+1","Bloodletting+1"],"picked":"Thunderclap","floor":18},{"not_picked":["Flex","Entrench+1"],"picked":"Shrug It Off","floor":24},{"not_picked":["Wild Strike","Hemokinesis"],"picked":"Bloodletting+1","floor":25},{"not_picked":["Feel No Pain","Second Wind+1","Havoc"],"picked":"Warcry+1","floor":28}],"player_experience":265994,"relics_obtained":[{"floor":4,"key":"Boot"},{"floor":7,"key":"Juzu Bracelet"},{"floor":9,"key":"Dream Catcher"},{"floor":13,"key":"Blue Candle"},{"floor":26,"key":"Question Card"}],"event_choices":[{"damage_healed":0,"gold_gain":175,"player_choice":"AGREE","damage_taken":0,"max_hp_gain":0,"max_hp_loss":0,"event_name":"Liars Game","floor":3,"gold_loss":0,"cards_obtained":["Doubt"]},{"damage_healed":0,"gold_gain":0,"player_choice":"Bought 1 Potion","damage_taken":0,"max_hp_gain":0,"max_hp_loss":0,"event_name":"The Woman in Blue","floor":11,"gold_loss":0},{"damage_healed":0,"gold_gain":0,"player_choice":"Traded Relic","damage_taken":0,"relics_obtained":["Nloth\u0027s Gift"],"max_hp_gain":0,"max_hp_loss":0,"event_name":"N\u0027loth","floor":19,"relics_lost":["Velvet Choker"],"gold_loss":0},{"damage_healed":0,"gold_gain":0,"player_choice":"Ignored","damage_taken":0,"max_hp_gain":0,"max_hp_loss":0,"event_name":"Vampires","floor":21,"gold_loss":0},{"damage_healed":0,"gold_gain":0,"cards_transformed":["Strike_R","Strike_R"],"player_choice":"Became Test Subject","damage_taken":0,"max_hp_gain":0,"max_hp_loss":0,"event_name":"Drug Dealer","floor":27,"gold_loss":0,"cards_obtained":["Brutality","Shockwave"]}],"is_beta":false,"boss_relics":[{"not_picked":["Runic Cube","Snecko Eye"],"picked":"Velvet Choker"}],"items_purged_floors":[12,20],"is_endless":false,"potions_floor_spawned":[7,10,13,25,28],"killed_by":"Gremlin Leader","ascension_level":2}