{"gold_per_floor":[119,119,134,134,159,159,203,203,230,270,270,283,283,304,304,428,428,448,173,173,272,286,286,35,35,60,98,110,155,167,94,106,118],"floor_reached":33,"playtime":1834,"items_purged":["Strike_B"],"score":318,"play_id":"21d7e0cc-e67b-43dc-8ecd-019249c56425","local_time":"20190920225308","is_ascension_mode":true,"campfire_choices":[{"data":"Dualcast","floor":6.0,"key":"SMITH"},{"data":"Streamline","floor":8.0,"key":"SMITH"},{"data":"Redo","floor":11.0,"key":"SMITH"},{"data":"Redo","floor":15.0,"key":"SMITH"},{"data":"Scrape","floor":23,"key":"SMITH"},{"data":"Beam Cell","floor":25,"key":"SMITH"},{"data":"Fission","floor":28,"key":"SMITH"},{"data":"Conserve Battery","floor":30,"key":"SMITH"},{"data":"All For One","floor":32,"key":"SMITH"}],"neow_cost":"NONE","seed_source_timestamp":0,"circlet_count":0,"master_deck":["Strike_B","Strike_B","Strike_B","Defend_B","Defend_B","Defend_B","Defend_B","Zap+1","Dualcast+1","Fission+1","Self Repair","Streamline+1","Scrape+1","Sweeping Beam","Redo+1","Redo+1","Gash","All For One+1","Turbo","Beam Cell+1","Turbo","Fusion+1","Conserve Battery+1"],"special_seed":0,"relics":["Cracked Core","Bloody Idol","Omamori","Meat on the Bone","Eternal Feather","Blood Vial","Bottled Flame","MawBank","StoneCalendar","Regal Pillow","Singing Bowl"],"potions_floor_usage":[27,29,33],"damage_taken":[{"damage":11.0,"enemies":"2 Louse","floor":1.0,"turns":3.0},{"damage":1.0,"enemies":"Cultist","floor":3.0,"turns":4.0},{"damage":4.0,"enemies":"Jaw Worm","floor":5.0,"turns":5.0},{"damage":26.0,"enemies":"Lagavulin","floor":7.0,"turns":7.0},{"damage":18.0,"enemies":"Gremlin Nob","floor":10.0,"turns":3.0},{"damage":4.0,"enemies":"Large Slime","floor":12.0,"turns":5.0},{"damage":6.0,"enemies":"Looter","floor":14.0,"turns":2.0},{"damage":28.0,"enemies":"Slime Boss","floor":16.0,"turns":9.0},{"damage":39.0,"enemies":"Shell Parasite","floor":18.0,"turns":5.0},{"damage":28,"enemies":"2 Thieves","floor":22,"turns":4},{"damage":18,"enemies":"Gremlin Leader","floor":27,"turns":4},{"damage":44,"enemies":"Slavers","floor":29,"turns":5},{"damage":84,"enemies":"Collector","floor":33,"turns":6}],"seed_played":"4682103604516736498","potions_obtained":[{"floor":7.0,"key":"FearPotion"},{"floor":14.0,"key":"SteroidPotion"},{"floor":16.0,"key":"Poison Potion"},{"floor":18.0,"key":"Dexterity Potion"},{"floor":22,"key":"SkillPotion"},{"floor":29,"key":"Energy Potion"}],"is_trial":false,"path_per_floor":["M","?","M","?","M","R","E","R","T","E","R","M","?","M","R","B",null,"M","$","?","?","M","R","$","R","T","E","R","E","R","?","R","B"],"character_chosen":"DEFECT","items_purchased":["Blood Vial","Beam Cell","Bottled Flame"],"campfire_rested":0,"item_purchase_floors":[19,19,24],"current_hp_per_floor":[64,46,52,52,55,55,36,36,36,25,25,40,65,59,59,50,75,55,55,55,60,56,68,68,75,75,69,75,55,72,75,75,0],"gold":118,"neow_bonus":"ONE_RANDOM_RARE_CARD","is_prod":false,"is_daily":false,"chose_seed":false,"campfire_upgraded":9,"win_rate":0,"timestamp":1569045188,"path_taken":["M","?","M","?","M","R","E","R","T","E","R","?","?","M","R","BOSS","M","$","?","?","M","R","$","R","T","E","R","E","R","?","R","BOSS"],"build_version":"2019-07-17","purchased_purges":1,"victory":false,"max_hp_per_floor":[75,75,75,75,75,75,75,75,75,75,75,75,75,75,75,75,75,75,75,75,75,75,75,75,75,75,75,75,75,75,75,75,75],"card_choices":[{"not_picked":["Turbo","Stack"],"picked":"Self Repair","floor":1.0},{"not_picked":["Rebound","Self Repair"],"picked":"Streamline","floor":3.0},{"not_picked":["Consume","Force Field"],"picked":"Scrape","floor":5.0},{"not_picked":["Streamline","Rebound"],"picked":"Sweeping Beam","floor":7.0},{"not_picked":["Steam","Thunder Strike"],"picked":"Redo","floor":10.0},{"not_picked":["Self Repair","Conserve Battery"],"picked":"Redo","floor":12.0},{"not_picked":["Leap","Sweeping Beam"],"picked":"Gash","floor":14.0},{"not_picked":["Reboot","Fission"],"picked":"All For One","floor":16.0},{"not_picked":["Stack","Recycle"],"picked":"Turbo","floor":18.0},{"not_picked":["Compile Driver","Sweeping Beam"],"picked":"Turbo","floor":22},{"not_picked":["Leap","Core Surge"],"picked":"Fusion+1","floor":27},{"not_picked":["Barrage","Reprogram"],"picked":"Conserve Battery","floor":29}],"player_experience":151734,"relics_obtained":[{"floor":7.0,"key":"Omamori"},{"floor":10.0,"key":"Meat on the Bone"},{"floor":26,"key":"MawBank"},{"floor":27,"key":"StoneCalendar"},{"floor":29,"key":"Regal Pillow"}],"event_choices":[{"damage_healed":0.0,"max_hp_gain":0.0,"max_hp_loss":0.0,"gold_gain":0.0,"event_name":"Golden Idol","player_choice":"Take Damage","floor":2.0,"gold_loss":0.0,"damage_taken":18.0,"relics_obtained":["Golden Idol"]},{"damage_healed":0.0,"max_hp_gain":0.0,"max_hp_loss":0.0,"gold_gain":0.0,"event_name":"Accursed Blacksmith","player_choice":"Forge","floor":4.0,"gold_loss":0.0,"damage_taken":0.0,"cards_upgraded":["Zap"]},{"damage_healed":25.0,"max_hp_gain":0.0,"max_hp_loss":0.0,"gold_gain":0.0,"event_name":"Big Fish","player_choice":"Banana","floor":13.0,"gold_loss":0.0,"damage_taken":0.0},{"damage_healed":0.0,"max_hp_gain":0.0,"max_hp_loss":0.0,"gold_gain":0.0,"event_name":"Forgotten Altar","player_choice":"Gave Idol","floor":20.0,"relics_lost":["Golden Idol"],"gold_loss":0.0,"damage_taken":0.0,"relics_obtained":["Bloody Idol"]},{"damage_healed":0.0,"max_hp_gain":0.0,"max_hp_loss":0.0,"gold_gain":99.0,"event_name":"Nest","player_choice":"Stole From Cult","floor":21.0,"gold_loss":0.0,"damage_taken":0.0},{"damage_healed":0,"gold_gain":0,"player_choice":"Obtained Relic","damage_taken":0,"relics_obtained":["Singing Bowl"],"max_hp_gain":0,"max_hp_loss":0,"event_name":"Addict","floor":31,"gold_loss":85}],"is_beta":false,"boss_relics":[{"not_picked":["Runic Dome","Pandora\u0027s Box"],"picked":"Eternal Feather"}],"items_purged_floors":[19],"is_endless":false,"potions_floor_spawned":[7,14,16,18,22,29],"killed_by":"Collector","ascension_level":2}