{"gold_per_floor":[118,137,156,156,6,41,41,76,76,86,101,129,129,144,144,246,246,229,229,328,228,154,154,179,179,203,237,257,274,274,294,294,393,393,410,34,134,146,146,146,173,273,322,339,339,368,368,383,383,383],"floor_reached":51,"playtime":1982,"items_purged":["Strike_R","Intimidate","Spot Weakness"],"score":1021,"play_id":"19fa0d6d-640c-43e7-8928-9127b0962301","local_time":"20191012151830","is_ascension_mode":true,"campfire_choices":[{"data":"Flame Barrier","floor":7.0,"key":"SMITH"},{"floor":15.0,"key":"REST"},{"data":"Bludgeon","floor":23.0,"key":"SMITH"},{"data":"Shockwave","floor":25.0,"key":"SMITH"},{"data":"Limit Break","floor":30.0,"key":"SMITH"},{"data":"Demon Form","floor":32.0,"key":"SMITH"},{"data":"Pummel","floor":40.0,"key":"SMITH"},{"data":"Feel No Pain","floor":45.0,"key":"SMITH"},{"data":"Juggernaut","floor":47.0,"key":"SMITH"},{"data":"Evolve","floor":49.0,"key":"SMITH"}],"neow_cost":"NONE","seed_source_timestamp":525702812234599,"circlet_count":0,"master_deck":["Strike_R+1","Strike_R+1","Strike_R+1","Defend_R+1","Defend_R+1","Defend_R+1","Defend_R+1","Bash+1","Bludgeon+1","Shockwave+1","Havoc","Flame Barrier+1","Juggernaut","Shrug It Off","Feel No Pain+1","Fire Breathing","Shockwave","Limit Break+1","Iron Wave","Blood for Blood","Flame Barrier","Demon Form+1","Juggernaut+1","Clothesline+1","Pummel+1","Shrug It Off+1","Shrug It Off+1","Dropkick+1","Evolve+1"],"special_seed":0,"relics":["Black Blood","Omamori","Pantograph","Boot","Odd Mushroom","Snecko Eye","Gremlin Horn","Red Skull","Magic Flower","Bottled Lightning","Champion Belt","PreservedInsect","Pen Nib","Centennial Puzzle"],"potions_floor_usage":[50,50,50],"damage_taken":[{"damage":2.0,"enemies":"2 Louse","floor":1.0,"turns":2.0},{"damage":7.0,"enemies":"Jaw Worm","floor":2.0,"turns":2.0},{"damage":6.0,"enemies":"Small Slimes","floor":3.0,"turns":2.0},{"damage":14.0,"enemies":"Gremlin Nob","floor":6.0,"turns":4.0},{"damage":45.0,"enemies":"3 Sentries","floor":8.0,"turns":7.0},{"damage":3.0,"enemies":"Exordium Thugs","floor":10.0,"turns":3.0},{"damage":0.0,"enemies":"Red Slaver","floor":11.0,"turns":6.0},{"damage":21.0,"enemies":"The Mushroom Lair","floor":12.0,"turns":5.0},{"damage":4.0,"enemies":"Large Slime","floor":14.0,"turns":4.0},{"damage":29.0,"enemies":"Hexaghost","floor":16.0,"turns":11.0},{"damage":18.0,"enemies":"2 Thieves","floor":18.0,"turns":4.0},{"damage":27.0,"enemies":"Book of Stabbing","floor":24.0,"turns":5.0},{"damage":0.0,"enemies":"Slavers","floor":27.0,"turns":4.0},{"damage":0.0,"enemies":"Shell Parasite","floor":28.0,"turns":4.0},{"damage":9.0,"enemies":"Snake Plant","floor":29.0,"turns":4.0},{"damage":4.0,"enemies":"Centurion and Healer","floor":31.0,"turns":5.0},{"damage":53.0,"enemies":"Automaton","floor":33.0,"turns":9.0},{"damage":14.0,"enemies":"3 Shapes","floor":35.0,"turns":3.0},{"damage":15.0,"enemies":"Mind Bloom Boss Battle","floor":37.0,"turns":8.0},{"damage":7.0,"enemies":"3 Darklings","floor":38.0,"turns":3.0},{"damage":51.0,"enemies":"Giant Head","floor":41.0,"turns":7.0},{"damage":0.0,"enemies":"Maw","floor":44.0,"turns":5.0},{"damage":11.0,"enemies":"Reptomancer","floor":46.0,"turns":4.0},{"damage":14.0,"enemies":"4 Shapes","floor":48.0,"turns":5.0},{"damage":63,"enemies":"Donu and Deca","floor":50,"turns":10}],"seed_played":"-347915656619122212","potions_obtained":[{"floor":1.0,"key":"Weak Potion"},{"floor":3.0,"key":"Ancient Potion"},{"floor":8.0,"key":"FearPotion"},{"floor":10.0,"key":"GamblersBrew"},{"floor":11.0,"key":"Regen Potion"},{"floor":14.0,"key":"SteroidPotion"},{"floor":18.0,"key":"Dexterity Potion"},{"floor":24.0,"key":"PowerPotion"},{"floor":28.0,"key":"Dexterity Potion"},{"floor":29.0,"key":"Energy Potion"},{"floor":33.0,"key":"Dexterity Potion"}],"is_trial":false,"path_per_floor":["M","M","M","?","$","E","R","E","T","M","M","?","?","M","R","B",null,"M","?","?","$","$","R","E","R","T","E","M","M","R","M","R","B",null,"M","$","?","M","?","R","E","?","T","M","R","E","R","M","R","B",null],"character_chosen":"IRONCLAD","items_purchased":["Flame Barrier","Blood for Blood","Bottled Lightning"],"campfire_rested":1,"item_purchase_floors":[5,22,36],"current_hp_per_floor":[76,75,75,59,59,51,51,12,12,15,21,20,20,22,46,48,72,60,60,60,60,60,60,39,39,39,45,54,54,54,59,59,36,69,73,73,80,80,80,80,47,47,47,65,65,72,72,76,76,35],"gold":383,"neow_bonus":"ONE_RANDOM_RARE_CARD","is_prod":false,"is_daily":false,"chose_seed":false,"campfire_upgraded":9,"win_rate":0,"timestamp":1570882710,"path_taken":["M","M","M","?","$","E","R","E","T","M","M","?","?","M","R","BOSS","M","?","?","?","$","R","E","R","T","E","M","M","R","M","R","BOSS","M","$","?","M","?","R","E","?","T","?","R","E","R","M","R","BOSS"],"build_version":"2019-10-11","purchased_purges":3,"victory":true,"max_hp_per_floor":[80,80,80,80,80,80,80,80,80,80,80,80,80,80,80,80,80,80,80,80,80,80,80,80,80,80,80,80,80,80,80,80,80,80,80,80,80,80,80,80,80,80,80,80,80,80,80,80,80,80],"card_choices":[{"not_picked":["Dual Wield","Uppercut"],"picked":"Shockwave","floor":1.0},{"not_picked":["Heavy Blade","Power Through"],"picked":"Spot Weakness","floor":2.0},{"not_picked":["Perfected Strike","Pommel Strike"],"picked":"Havoc","floor":3.0},{"not_picked":["Combust","Ghostly Armor"],"picked":"Juggernaut","floor":6.0},{"not_picked":["Flex","Clothesline"],"picked":"Shrug It Off","floor":8.0},{"not_picked":["Perfected Strike","Anger"],"picked":"Intimidate","floor":10.0},{"not_picked":["Body Slam","Rupture"],"picked":"Feel No Pain","floor":11.0},{"not_picked":["Iron Wave","Blood for Blood"],"picked":"Fire Breathing","floor":12.0},{"not_picked":["Havoc","Clash"],"picked":"Shockwave","floor":14.0},{"not_picked":["Berserk","Impervious"],"picked":"Limit Break","floor":16.0},{"not_picked":["Body Slam","Pommel Strike"],"picked":"Iron Wave","floor":18.0},{"not_picked":["Iron Wave+1","Body Slam+1"],"picked":"Flame Barrier","floor":24.0},{"not_picked":["Flex","Searing Blow"],"picked":"Demon Form","floor":27.0},{"not_picked":["Havoc","Shrug It Off","Bloodletting+1"],"picked":"SKIP","floor":28.0},{"not_picked":["Rupture","Rampage","True Grit"],"picked":"SKIP","floor":29.0},{"not_picked":["Clash","Blood for Blood","Pommel Strike"],"picked":"SKIP","floor":31.0},{"not_picked":["Immolate","Brutality"],"picked":"Juggernaut","floor":33.0},{"not_picked":["Cleave","Clash"],"picked":"Clothesline+1","floor":35.0},{"not_picked":["Twin Strike+1","Pummel","Armaments+1"],"picked":"SKIP","floor":38.0},{"not_picked":["Twin Strike+1","Armaments+1"],"picked":"Pummel","floor":38.0},{"not_picked":["Heavy Blade","Perfected Strike+1"],"picked":"Shrug It Off+1","floor":41.0},{"not_picked":["Armaments","Body Slam"],"picked":"Shrug It Off+1","floor":44.0},{"not_picked":["Bloodletting","Exhume"],"picked":"Dropkick+1","floor":46.0},{"not_picked":["Inflame+1","Fire Breathing+1"],"picked":"Evolve","floor":48.0}],"player_experience":374646,"relics_obtained":[{"floor":6.0,"key":"Omamori"},{"floor":8.0,"key":"Pantograph"},{"floor":9.0,"key":"Boot"},{"floor":12.0,"key":"Odd Mushroom"},{"floor":24.0,"key":"Gremlin Horn"},{"floor":26.0,"key":"Red Skull"},{"floor":27.0,"key":"Magic Flower"},{"floor":37.0,"key":"Champion Belt"},{"floor":41.0,"key":"PreservedInsect"},{"floor":43.0,"key":"Pen Nib"},{"floor":46.0,"key":"Centennial Puzzle"}],"event_choices":[{"damage_healed":0.0,"max_hp_gain":0.0,"max_hp_loss":0.0,"gold_gain":0.0,"event_name":"Shining Light","player_choice":"Entered Light","floor":4.0,"gold_loss":0.0,"damage_taken":16.0,"cards_upgraded":["Bash","Strike_R"]},{"damage_healed":0.0,"max_hp_gain":0.0,"max_hp_loss":0.0,"gold_gain":0.0,"event_name":"Mushrooms","player_choice":"Fought Mushrooms","floor":12.0,"gold_loss":0.0,"damage_taken":0.0},{"cards_removed":["Strike_R"],"damage_healed":0.0,"max_hp_gain":0.0,"max_hp_loss":0.0,"gold_gain":0.0,"event_name":"Living Wall","player_choice":"Forget","floor":13.0,"gold_loss":0.0,"damage_taken":0.0},{"damage_healed":0.0,"max_hp_gain":0.0,"max_hp_loss":0.0,"gold_gain":0.0,"event_name":"Back to Basics","player_choice":"Simplicity","floor":19.0,"gold_loss":0.0,"damage_taken":0.0,"cards_upgraded":["Strike_R","Strike_R","Defend_R","Defend_R","Defend_R","Defend_R"]},{"damage_healed":0.0,"max_hp_gain":0.0,"max_hp_loss":0.0,"gold_gain":99.0,"event_name":"Nest","player_choice":"Stole From Cult","floor":20.0,"gold_loss":0.0,"damage_taken":0.0},{"damage_healed":0.0,"max_hp_gain":0.0,"max_hp_loss":0.0,"gold_gain":0.0,"event_name":"MindBloom","player_choice":"Fight","floor":37.0,"gold_loss":0.0,"damage_taken":0.0},{"damage_healed":0.0,"max_hp_gain":0.0,"max_hp_loss":0.0,"gold_gain":0.0,"event_name":"SensoryStone","player_choice":"Memory 1","floor":39.0,"gold_loss":0.0,"damage_taken":0.0},{"damage_healed":0.0,"max_hp_gain":0.0,"max_hp_loss":0.0,"gold_gain":100.0,"event_name":"Golden Shrine","player_choice":"Pray","floor":42.0,"gold_loss":0.0,"damage_taken":0.0}],"is_beta":true,"boss_relics":[{"not_picked":["Black Star","Mark of Pain"],"picked":"Snecko Eye"},{"not_picked":["Calling Bell","Busted Crown"],"picked":"Black Blood"}],"items_purged_floors":[5,21,36],"is_endless":false,"potions_floor_spawned":[1,3,8,10,11,14,18,24,28,29,33,35,38,44,46],"ascension_level":6}