{"gold_per_floor":[361,379,397,119,119,159,173,173,173,217,217,217],"floor_reached":12,"playtime":455,"items_purged":["Strike_R"],"score":88,"play_id":"40530133-8837-4d65-ac0f-8b85dec4bba8","local_time":"20191012194358","is_ascension_mode":false,"campfire_choices":[{"data":"Armaments","floor":11,"key":"SMITH"}],"neow_cost":"TEN_PERCENT_HP_LOSS","seed_source_timestamp":543331673902099,"circlet_count":0,"master_deck":["Strike_R","Strike_R","Strike_R","Strike_R","Defend_R","Defend_R","Defend_R","Defend_R","Bash","Shrug It Off","Iron Wave","Armaments+1","Evolve","Reaper"],"relics":["Burning Blood","Omamori","Golden Idol","Oddly Smooth Stone","Pantograph","Mummified Hand","Pen Nib"],"potions_floor_usage":[6,10,12],"damage_taken":[{"damage":5,"enemies":"Small Slimes","floor":1,"turns":3},{"damage":7,"enemies":"2 Louse","floor":2,"turns":3},{"damage":12,"enemies":"Jaw Worm","floor":3,"turns":5},{"damage":29,"enemies":"3 Sentries","floor":6,"turns":15},{"damage":20,"enemies":"Large Slime","floor":7,"turns":9},{"damage":27,"enemies":"Lagavulin","floor":10,"turns":7},{"damage":35,"enemies":"Gremlin Nob","floor":12,"turns":5}],"seed_played":"7685327026507418346","potions_obtained":[{"floor":2,"key":"BloodPotion"},{"floor":6,"key":"ElixirPotion"},{"floor":7,"key":"AttackPotion"}],"is_trial":false,"path_per_floor":["M","M","M","$","?","E","M","?","T","E","R","E"],"character_chosen":"IRONCLAD","items_purchased":["Omamori","Armaments"],"campfire_rested":0,"item_purchase_floors":[4,4],"current_hp_per_floor":[72,71,65,65,65,56,42,42,42,21,21,0],"gold":217,"neow_bonus":"TWO_FIFTY_GOLD","is_prod":false,"is_daily":false,"chose_seed":false,"campfire_upgraded":1,"win_rate":0,"timestamp":1570898638,"path_taken":["M","M","M","$","?","E","M","?","T","E","R","E"],"build_version":"2019-10-11","purchased_purges":1,"victory":false,"max_hp_per_floor":[72,72,72,72,72,72,72,72,72,72,72,72],"card_choices":[{"not_picked":["Infernal Blade","Iron Wave"],"picked":"Shrug It Off","floor":1},{"not_picked":["Sever Soul","Shrug It Off"],"picked":"Iron Wave","floor":2},{"not_picked":["Sever Soul","Power Through","Corruption"],"picked":"SKIP","floor":3},{"not_picked":["Seeing Red","Battle Trance","Bloodletting"],"picked":"SKIP","floor":6},{"not_picked":["Warcry","Sword Boomerang"],"picked":"Evolve","floor":7},{"not_picked":["Cleave","Armaments"],"picked":"Reaper","floor":10}],"player_experience":390285,"relics_obtained":[{"floor":6,"key":"Oddly Smooth Stone"},{"floor":9,"key":"Mummified Hand"},{"floor":10,"key":"Pen Nib"}],"event_choices":[{"damage_healed":0,"gold_gain":0,"player_choice":"Take Wound","damage_taken":0,"relics_obtained":["Golden Idol"],"max_hp_gain":0,"max_hp_loss":0,"event_name":"Golden Idol","floor":5,"gold_loss":0,"cards_obtained":["Injury"]},{"damage_healed":0,"gold_gain":0,"player_choice":"Box","damage_taken":0,"relics_obtained":["Pantograph"],"max_hp_gain":0,"max_hp_loss":0,"event_name":"Big Fish","floor":8,"gold_loss":0,"cards_obtained":["Regret"]}],"is_beta":true,"boss_relics":[],"items_purged_floors":[4],"is_endless":false,"potions_floor_spawned":[2,6,7],"killed_by":"Gremlin Nob","ascension_level":0}