{"gold_per_floor":[119,119,119,137,137,155,155,171,218,245,258,277,277,287,287,387,387,401,411,13,28,28,28,38,67,93,107,107,126,126,144,144,242,242,261,276,276,288,288,288,288,288,288,288,307,327,347,362,362,362],"floor_reached":50,"playtime":3240,"items_purged":["Pain"],"score":547,"play_id":"098d5d81-2b86-4725-ac48-56b86b435832","local_time":"20190910002409","is_ascension_mode":false,"campfire_choices":[{"data":"Pommel Strike","floor":13,"key":"SMITH"},{"data":"Perfected Strike","floor":15,"key":"SMITH"},{"floor":23,"key":"REST"},{"floor":30,"key":"REST"},{"data":"Wild Strike","floor":32,"key":"SMITH"},{"data":"Strike_R","floor":40,"key":"SMITH"},{"data":"Strike_R","floor":42,"key":"SMITH"},{"data":"Strike_R","floor":49,"key":"SMITH"}],"neow_cost":"NONE","seed_source_timestamp":348893344838200,"circlet_count":0,"master_deck":["Strike_R","Strike_R+1","Strike_R+1","Strike_R+1","Defend_R","Defend_R","Defend_R","Defend_R","Bash+1","Perfected Strike+1","Shrug It Off","Pommel Strike+1","Flex+1","Perfected Strike+1","True Grit+1","Perfected Strike+1","Cleave+1","Ghostly","Ghostly","Ghostly","Ghostly","Ghostly","Warcry+1","Wild Strike+1"],"relics":["Burning Blood","Omamori","Vajra","Whetstone","Calling Bell","Orichalcum","Mummified Hand","Peace Pipe","Membership Card","Sundial","Matryoshka","Ancient Tea Set","Dream Catcher","Busted Crown","Kunai","Juzu Bracelet"],"potions_floor_usage":[16,24,24,33,50,50,50],"damage_taken":[{"damage":1,"enemies":"Jaw Worm","floor":1,"turns":5},{"damage":1,"enemies":"Cultist","floor":4,"turns":3},{"damage":6,"enemies":"Small Slimes","floor":6,"turns":2},{"damage":8,"enemies":"Exordium Thugs","floor":8,"turns":5},{"damage":14,"enemies":"Gremlin Nob","floor":10,"turns":3},{"damage":10,"enemies":"Looter","floor":11,"turns":3},{"damage":15,"enemies":"Large Slime","floor":12,"turns":6},{"damage":11,"enemies":"Lots of Slimes","floor":14,"turns":4},{"damage":29,"enemies":"The Guardian","floor":16,"turns":7},{"damage":27,"enemies":"Shell Parasite","floor":18,"turns":5},{"damage":20,"enemies":"3 Byrds","floor":19,"turns":6},{"damage":22,"enemies":"Cultist and Chosen","floor":21,"turns":7},{"damage":5,"enemies":"Sentry and Sphere","floor":24,"turns":4},{"damage":37,"enemies":"Slavers","floor":25,"turns":6},{"damage":8,"enemies":"Snake Plant","floor":27,"turns":3},{"damage":0,"enemies":"Shelled Parasite and Fungi","floor":29,"turns":6},{"damage":0,"enemies":"Centurion and Healer","floor":31,"turns":5},{"damage":0,"enemies":"Collector","floor":33,"turns":6},{"damage":0,"enemies":"3 Darklings","floor":35,"turns":6},{"damage":6,"enemies":"3 Shapes","floor":36,"turns":3},{"damage":0,"enemies":"3 Darklings","floor":38,"turns":4},{"damage":3,"enemies":"4 Shapes","floor":45,"turns":4},{"damage":3,"enemies":"Sphere and 2 Shapes","floor":46,"turns":7},{"damage":7,"enemies":"Jaw Worm Horde","floor":47,"turns":5},{"damage":0,"enemies":"3 Darklings","floor":48,"turns":5},{"damage":72,"enemies":"Awakened One","floor":50,"turns":10}],"seed_played":"8708410805629497991","potions_obtained":[{"floor":1,"key":"Fire Potion"},{"floor":11,"key":"PowerPotion"},{"floor":12,"key":"Block Potion"},{"floor":16,"key":"Swift Potion"},{"floor":21,"key":"PowerPotion"},{"floor":25,"key":"FearPotion"},{"floor":27,"key":"PowerPotion"},{"floor":47,"key":"Swift Potion"},{"floor":48,"key":"FearPotion"}],"is_trial":false,"path_per_floor":["M","$","?","M","?","M","?","M","T","E","M","M","R","M","R","B",null,"M","M","$","M","?","R","M","E","T","M","?","M","R","M","R","B",null,"M","M","?","M","?","R","?","R","T","?","M","M","M","M","R","B"],"character_chosen":"IRONCLAD","items_purchased":["Membership Card","Sundial"],"campfire_rested":2,"item_purchase_floors":[20,20],"current_hp_per_floor":[80,80,80,80,80,80,80,78,78,70,66,57,57,52,52,29,80,59,45,45,29,29,53,54,23,23,21,21,27,39,40,40,40,40,40,40,40,40,40,40,40,40,40,38,38,38,37,38,38,0],"gold":362,"neow_bonus":"RANDOM_COMMON_RELIC","is_prod":false,"is_daily":false,"chose_seed":false,"campfire_upgraded":6,"win_rate":0,"timestamp":1568067849,"path_taken":["M","$","?","?","?","M","?","M","T","E","M","?","R","M","R","BOSS","M","M","$","M","?","R","?","E","T","M","?","M","R","M","R","BOSS","M","M","?","?","?","R","?","R","T","?","M","M","M","M","R","BOSS"],"build_version":"2019-07-17","purchased_purges":1,"victory":false,"max_hp_per_floor":[80,80,80,80,80,80,80,80,80,80,80,80,80,80,80,80,80,80,80,80,80,80,80,80,80,80,80,40,40,40,40,40,40,40,40,40,40,40,40,40,40,40,40,38,38,38,38,38,38,38],"card_choices":[{"not_picked":["Warcry","Shrug It Off"],"picked":"Perfected Strike","floor":1},{"not_picked":["Cleave","Body Slam"],"picked":"Shrug It Off","floor":4},{"not_picked":["Burning Pact","Entrench","Power Through"],"picked":"SKIP","floor":6},{"not_picked":["Iron Wave","Anger"],"picked":"Pommel Strike","floor":8},{"not_picked":["Iron Wave","Warcry","True Grit"],"picked":"SKIP","floor":10},{"not_picked":["Warcry","Armaments"],"picked":"Flex","floor":11},{"not_picked":["Warcry","Uppercut","Feed"],"picked":"SKIP","floor":12},{"not_picked":["Ghostly Armor","Pummel"],"picked":"Perfected Strike","floor":14},{"not_picked":["Flame Barrier","Iron Wave+1"],"picked":"True Grit+1","floor":18},{"not_picked":["Entrench","Bloodletting","Anger"],"picked":"SKIP","floor":19},{"not_picked":["Twin Strike+1","Wild Strike"],"picked":"Perfected Strike+1","floor":21},{"not_picked":["Carnage+1","Sword Boomerang+1"],"picked":"Cleave+1","floor":24},{"not_picked":["Pummel+1","Flex","Thunderclap"],"picked":"SKIP","floor":25},{"not_picked":["Bludgeon","Shrug It Off","Whirlwind+1"],"picked":"SKIP","floor":27},{"not_picked":["Uppercut","Cleave"],"picked":"Warcry+1","floor":29},{"not_picked":["Warcry","Body Slam"],"picked":"Wild Strike","floor":30},{"not_picked":["Sword Boomerang+1","Bloodletting","Spot Weakness"],"picked":"SKIP","floor":31},{"not_picked":["Intimidate"],"picked":"SKIP","floor":35},{"not_picked":["Fire Breathing"],"picked":"SKIP","floor":36},{"not_picked":["Evolve+1"],"picked":"SKIP","floor":38},{"not_picked":["Disarm"],"picked":"SKIP","floor":45},{"not_picked":["Dual Wield"],"picked":"SKIP","floor":46},{"not_picked":["Battle Trance"],"picked":"SKIP","floor":47},{"not_picked":["Body Slam+1"],"picked":"SKIP","floor":48}],"player_experience":54433,"relics_obtained":[{"floor":9,"key":"Vajra"},{"floor":10,"key":"Whetstone"},{"floor":17,"key":"Orichalcum"},{"floor":17,"key":"Mummified Hand"},{"floor":17,"key":"Peace Pipe"},{"floor":25,"key":"Matryoshka"},{"floor":26,"key":"Ancient Tea Set"},{"floor":26,"key":"Dream Catcher"},{"floor":43,"key":"Kunai"},{"floor":43,"key":"Juzu Bracelet"}],"event_choices":[{"damage_healed":0,"gold_gain":0,"player_choice":"Full Heal","damage_taken":0,"max_hp_gain":0,"max_hp_loss":0,"event_name":"Wheel of Change","floor":3,"gold_loss":0},{"damage_healed":0,"gold_gain":0,"player_choice":"Grow","damage_taken":0,"max_hp_gain":0,"max_hp_loss":0,"event_name":"Living Wall","floor":5,"gold_loss":0,"cards_upgraded":["Perfected Strike"]},{"damage_healed":0,"gold_gain":0,"player_choice":"Bought 0 Potions","damage_taken":0,"max_hp_gain":0,"max_hp_loss":0,"event_name":"The Woman in Blue","floor":7,"gold_loss":0},{"damage_healed":0,"gold_gain":0,"player_choice":"Upgraded","damage_taken":0,"max_hp_gain":0,"max_hp_loss":0,"event_name":"Upgrade Shrine","floor":22,"gold_loss":0,"cards_upgraded":["Flex"]},{"damage_healed":0,"gold_gain":0,"player_choice":"Became a Ghost","damage_taken":0,"max_hp_gain":0,"max_hp_loss":40,"event_name":"Ghosts","floor":28,"gold_loss":0,"cards_obtained":["Ghostly","Ghostly","Ghostly","Ghostly","Ghostly"]},{"damage_healed":0,"gold_gain":0,"player_choice":"Ignored","damage_taken":0,"max_hp_gain":0,"max_hp_loss":0,"event_name":"SecretPortal","floor":37,"gold_loss":0},{"damage_healed":0,"gold_gain":0,"player_choice":"Ignored","damage_taken":0,"max_hp_gain":0,"max_hp_loss":0,"event_name":"Tomb of Lord Red Mask","floor":39,"gold_loss":0},{"cards_removed":["Strike_R"],"damage_healed":0,"gold_gain":0,"player_choice":"Removed Attack","damage_taken":0,"max_hp_gain":0,"max_hp_loss":0,"event_name":"Falling","floor":41,"gold_loss":0},{"damage_healed":0,"gold_gain":0,"player_choice":"Max HP","damage_taken":0,"max_hp_gain":0,"max_hp_loss":2,"event_name":"Winding Halls","floor":44,"gold_loss":0}],"is_beta":false,"boss_relics":[{"not_picked":["Black Star","Black Blood"],"picked":"Calling Bell"},{"not_picked":["Runic Pyramid","Eternal Feather"],"picked":"Busted Crown"}],"items_purged_floors":[20],"is_endless":false,"potions_floor_spawned":[1,11,12,16,21,25,27,29,38,47,48],"killed_by":"Awakened One","ascension_level":0}