{"gold_per_floor":[15,15,15,31,49,83,83,98,98,98,46,46,70,105,105,229,229,245,245,261,261,279,279,279],"floor_reached":24,"playtime":1008,"items_purged":[],"score":309,"play_id":"d38aa045-cc86-4cdc-a5bb-ff2aaead5b30","local_time":"20191020213413","is_ascension_mode":true,"campfire_choices":[{"data":"Berserk","floor":7.0,"key":"SMITH"},{"data":"Whirlwind","floor":10.0,"key":"SMITH"},{"data":"Perfected Strike","floor":12.0,"key":"SMITH"},{"floor":15.0,"key":"REST"},{"floor":23.0,"key":"REST"}],"neow_cost":"NO_GOLD","seed_source_timestamp":0,"circlet_count":0,"master_deck":["AscendersBane","Strike_R","Strike_R","Strike_R","Strike_R","Strike_R","Defend_R","Defend_R+1","Defend_R+1","Defend_R","Bash","Berserk+1","Perfected Strike+1","Shrug It Off","Demon Form","Whirlwind+1","Metallicize","Disarm","Reaper","Headbutt+1","Battle Trance"],"special_seed":0,"relics":["Burning Blood","Golden Idol","Kunai","Singing Bowl","Letter Opener","Busted Crown","Enchiridion"],"potions_floor_usage":[24],"damage_taken":[{"damage":7.0,"enemies":"2 Louse","floor":1.0,"turns":3.0},{"damage":5.0,"enemies":"Small Slimes","floor":4.0,"turns":3.0},{"damage":7.0,"enemies":"Jaw Worm","floor":5.0,"turns":4.0},{"damage":12.0,"enemies":"Gremlin Nob","floor":6.0,"turns":3.0},{"damage":6.0,"enemies":"Exordium Wildlife","floor":8.0,"turns":4.0},{"damage":15.0,"enemies":"2 Fungi Beasts","floor":13.0,"turns":4.0},{"damage":13.0,"enemies":"Lagavulin","floor":14.0,"turns":7.0},{"damage":38.0,"enemies":"Hexaghost","floor":16.0,"turns":8.0},{"damage":31.0,"enemies":"2 Thieves","floor":18.0,"turns":5.0},{"damage":19.0,"enemies":"Chosen","floor":20.0,"turns":5.0},{"damage":30.0,"enemies":"Shelled Parasite and Fungi","floor":22.0,"turns":6.0},{"damage":45,"enemies":"Slavers","floor":24,"turns":3}],"seed_played":"7598192093806380642","potions_obtained":[{"floor":4.0,"key":"Fire Potion"},{"floor":8.0,"key":"Explosive Potion"},{"floor":16.0,"key":"Swift Potion"},{"floor":20.0,"key":"Swift Potion"},{"floor":22.0,"key":"Dexterity Potion"}],"is_trial":false,"path_per_floor":["M","?","?","M","M","E","R","M","T","R","$","R","M","E","R","B",null,"M","?","M","?","M","R","E"],"character_chosen":"IRONCLAD","items_purchased":["PowerPotion"],"campfire_rested":2,"item_purchase_floors":[11],"current_hp_per_floor":[71,71,56,57,56,50,50,50,50,50,50,50,41,34,56,24,62,47,31,27,27,20,43,0],"gold":279,"neow_bonus":"THREE_RARE_CARDS","is_prod":false,"is_daily":false,"chose_seed":false,"campfire_upgraded":3,"win_rate":0,"timestamp":1571632453,"path_taken":["M","?","?","M","M","E","R","M","T","R","$","R","M","E","R","BOSS","M","?","M","?","M","R","E"],"build_version":"2019-07-17","purchased_purges":0,"victory":false,"max_hp_per_floor":[80,74,74,74,74,74,74,74,74,74,74,74,74,74,74,74,74,76,76,76,76,78,78,78],"card_choices":[{"not_picked":["Exhume","Double Tap"],"picked":"Berserk","floor":0.0},{"not_picked":["Armaments","Havoc"],"picked":"Perfected Strike","floor":1.0},{"not_picked":["Dropkick","Bloodletting"],"picked":"Shrug It Off","floor":4.0},{"not_picked":["Rupture","Reckless Charge","Havoc"],"picked":"SKIP","floor":5.0},{"not_picked":["Warcry","Dropkick"],"picked":"Demon Form","floor":6.0},{"not_picked":["Anger","Rupture"],"picked":"Whirlwind","floor":8.0},{"not_picked":["Body Slam","Havoc"],"picked":"Metallicize","floor":13.0},{"not_picked":["Havoc","Flex"],"picked":"Disarm","floor":14.0},{"not_picked":["Fiend Fire","Brutality"],"picked":"Reaper","floor":16.0},{"not_picked":["Headbutt"],"picked":"Singing Bowl","floor":18.0},{"not_picked":[],"picked":"Headbutt+1","floor":20.0},{"not_picked":["Corruption+1"],"picked":"Singing Bowl","floor":22.0}],"player_experience":409486,"relics_obtained":[{"floor":6.0,"key":"Kunai"},{"floor":9.0,"key":"Singing Bowl"},{"floor":14.0,"key":"Letter Opener"},{"floor":19.0,"key":"Enchiridion"}],"event_choices":[{"damage_healed":0.0,"max_hp_gain":0.0,"max_hp_loss":6.0,"gold_gain":0.0,"event_name":"Golden Idol","player_choice":"Lose Max HP","floor":2.0,"gold_loss":0.0,"damage_taken":0.0,"relics_obtained":["Golden Idol"]},{"damage_healed":0.0,"max_hp_gain":0.0,"max_hp_loss":0.0,"gold_gain":0.0,"event_name":"Shining Light","player_choice":"Entered Light","floor":3.0,"gold_loss":0.0,"damage_taken":15.0,"cards_upgraded":["Defend_R","Defend_R"]},{"damage_healed":0.0,"max_hp_gain":0.0,"max_hp_loss":0.0,"gold_gain":0.0,"event_name":"Cursed Tome","player_choice":"Obtained Book","floor":19.0,"gold_loss":0.0,"damage_taken":16.0},{"damage_healed":0.0,"max_hp_gain":0.0,"max_hp_loss":0.0,"gold_gain":0.0,"event_name":"The Library","player_choice":"Read","floor":21.0,"gold_loss":0.0,"damage_taken":0.0,"cards_obtained":["Battle Trance"]}],"is_beta":false,"boss_relics":[{"not_picked":["Ectoplasm","Runic Pyramid"],"picked":"Busted Crown"}],"items_purged_floors":[],"is_endless":false,"potions_floor_spawned":[4,8,16,20,22],"killed_by":"Slavers","ascension_level":10}