{"gold_per_floor":[115,290,306,381,239,269,279,279,306,306,334,346,346],"floor_reached":13,"playtime":373,"items_purged":["Doubt"],"score":107,"play_id":"e9c5e255-ac4a-4916-8a40-84f40e989c5b","local_time":"20190419135631","is_ascension_mode":true,"campfire_choices":[{"floor":8,"key":"REST"},{"floor":10,"key":"REST"}],"neow_cost":"NONE","seed_source_timestamp":2317478055208400,"circlet_count":0,"master_deck":["Strike_R","Strike_R","Strike_R","Strike_R","Strike_R","Defend_R","Defend_R","Defend_R","Defend_R","Bash","Armaments","Shrug It Off","Inflame","Armaments","Inflame","Iron Wave","Seeing Red","Shockwave"],"relics":["Black Star","Dream Catcher","Turnip","Boot","Matryoshka","Happy Flower"],"potions_floor_usage":[7,11,12],"damage_taken":[{"damage":10,"enemies":"2 Louse","floor":1,"turns":4},{"damage":15,"enemies":"Small Slimes","floor":3,"turns":5},{"damage":20,"enemies":"Gremlin Nob","floor":6,"turns":4},{"damage":7,"enemies":"Jaw Worm","floor":7,"turns":5},{"damage":33,"enemies":"Lagavulin","floor":11,"turns":9},{"damage":13,"enemies":"Exordium Thugs","floor":12,"turns":6},{"damage":22,"enemies":"3 Sentries","floor":13,"turns":2}],"seed_played":"4464349695911341186","potions_obtained":[{"floor":6,"key":"AttackPotion"},{"floor":7,"key":"Fire Potion"},{"floor":11,"key":"PowerPotion"}],"is_trial":false,"path_per_floor":["M","?","M","?","$","E","M","R","T","R","E","M","E"],"character_chosen":"IRONCLAD","items_purchased":["Inflame"],"campfire_rested":2,"item_purchase_floors":[5],"current_hp_per_floor":[70,70,55,44,44,24,17,41,41,65,32,19,0],"gold":346,"neow_bonus":"BOSS_RELIC","is_prod":false,"is_daily":false,"chose_seed":false,"campfire_upgraded":0,"win_rate":0,"timestamp":1555671391,"path_taken":["M","?","M","?","?","E","?","R","T","R","E","?","E"],"build_version":"2019-01-23","purchased_purges":1,"victory":false,"max_hp_per_floor":[80,80,80,80,80,80,80,80,80,80,80,80,80],"card_choices":[{"not_picked":["Whirlwind","Entrench"],"picked":"Armaments","floor":1},{"not_picked":["Battle Trance","Heavy Blade"],"picked":"Shrug It Off","floor":3},{"not_picked":["Dark Embrace","Infernal Blade"],"picked":"Armaments","floor":6},{"not_picked":["Twin Strike","Thunderclap"],"picked":"Inflame","floor":7},{"not_picked":["Disarm","Entrench"],"picked":"Iron Wave","floor":10},{"not_picked":["Combust","Thunderclap"],"picked":"Seeing Red","floor":11},{"not_picked":["Thunderclap","Whirlwind"],"picked":"Shockwave","floor":12}],"player_experience":324960,"relics_obtained":[{"floor":6,"key":"Dream Catcher"},{"floor":6,"key":"Turnip"},{"floor":9,"key":"Boot"},{"floor":11,"key":"Matryoshka"},{"floor":11,"key":"Happy Flower"}],"event_choices":[{"damage_healed":0,"gold_gain":175,"player_choice":"AGREE","damage_taken":0,"max_hp_gain":0,"max_hp_loss":0,"event_name":"Liars Game","floor":2,"gold_loss":0,"cards_obtained":["Doubt"]},{"damage_healed":0,"gold_gain":75,"player_choice":"Gather Gold","damage_taken":11,"max_hp_gain":0,"max_hp_loss":0,"event_name":"World of Goop","floor":4,"gold_loss":0}],"is_beta":false,"boss_relics":[],"items_purged_floors":[5],"is_endless":false,"potions_floor_spawned":[6,7,11],"killed_by":"3 Sentries","ascension_level":3}