{"gold_per_floor":[113,113,131,131,131,30,30,105,105,116,129,129,162,179,179,278,278,291,291,302,314,327,327,362,362,416,326,326],"floor_reached":28,"playtime":2057,"items_purged":["Defend_R"],"score":274,"play_id":"e98cdd94-23a3-401b-9544-c5c2cba65cc7","local_time":"20190930143736","is_ascension_mode":true,"campfire_choices":[{"data":"Armaments","floor":7.0,"key":"SMITH"},{"floor":12.0,"key":"REST"},{"data":"Evolve","floor":15.0,"key":"SMITH"},{"floor":23,"key":"REST"},{"data":"Berserk","floor":25,"key":"SMITH"}],"neow_cost":"PERCENT_DAMAGE","seed_source_timestamp":0,"circlet_count":0,"master_deck":["Strike_R+1","Defend_R","Defend_R","Bash","Power Through","Rage","Evolve+1","Headbutt","Armaments+1","Armaments","Heavy Blade","Bloodletting","Iron Wave","Berserk+1","Seeing Red","Combust+1","Shockwave+1","Havoc+1"],"special_seed":0,"relics":["Burning Blood","Regal Pillow","Gremlin Horn","Kunai","Busted Crown","Pear","Smiling Mask"],"potions_floor_usage":[21,24,28],"damage_taken":[{"damage":3.0,"enemies":"Jaw Worm","floor":1.0,"turns":5.0},{"damage":5.0,"enemies":"Cultist","floor":3.0,"turns":4.0},{"damage":0.0,"enemies":"2 Louse","floor":10.0,"turns":2.0},{"damage":0.0,"enemies":"Looter","floor":11.0,"turns":5.0},{"damage":17.0,"enemies":"Lagavulin","floor":13.0,"turns":11.0},{"damage":3.0,"enemies":"3 Louse","floor":14.0,"turns":1.0},{"damage":32.0,"enemies":"The Guardian","floor":16.0,"turns":12.0},{"damage":20.0,"enemies":"Spheric Guardian","floor":18.0,"turns":6.0},{"damage":9,"enemies":"3 Byrds","floor":20,"turns":9},{"damage":28,"enemies":"Centurion and Healer","floor":21,"turns":5},{"damage":33,"enemies":"3 Cultists","floor":22,"turns":5},{"damage":30,"enemies":"Gremlin Leader","floor":24,"turns":7},{"damage":42,"enemies":"Slavers","floor":28,"turns":4}],"seed_played":"-8447636519800321551","potions_obtained":[{"floor":1.0,"key":"Energy Potion"},{"floor":10.0,"key":"SpeedPotion"},{"floor":13.0,"key":"Regen Potion"},{"floor":16.0,"key":"Block Potion"},{"floor":22,"key":"PowerPotion"}],"is_trial":false,"path_per_floor":["M","?","M","?","?","$","R","?","T","M","M","R","E","M","R","B",null,"M","?","M","M","M","R","E","R","T","?","E"],"character_chosen":"IRONCLAD","items_purchased":["Armaments"],"campfire_rested":2,"item_purchase_floors":[6],"current_hp_per_floor":[59,59,60,27,27,27,27,19,19,25,31,70,59,62,62,36,80,66,66,63,41,14,53,39,39,39,39,0],"gold":326,"neow_bonus":"TRANSFORM_TWO_CARDS","is_prod":false,"is_daily":false,"chose_seed":false,"campfire_upgraded":3,"win_rate":0,"timestamp":1569872256,"path_taken":["M","?","?","?","?","$","R","?","T","M","?","R","E","M","R","BOSS","M","?","M","M","?","R","E","R","T","?","E"],"build_version":"2019-07-17","purchased_purges":1,"victory":false,"max_hp_per_floor":[80,80,80,80,80,80,80,80,80,80,80,80,80,80,80,80,80,80,80,80,80,80,80,90,90,90,90,90],"card_choices":[{"not_picked":["Feel No Pain","Body Slam"],"picked":"Evolve","floor":1.0},{"not_picked":["Burning Pact","Thunderclap"],"picked":"Headbutt","floor":3.0},{"not_picked":["Pummel","Heavy Blade"],"picked":"Armaments","floor":10.0},{"not_picked":["Combust","Armaments"],"picked":"Heavy Blade","floor":11.0},{"not_picked":["Second Wind","Combust"],"picked":"Bloodletting","floor":13.0},{"not_picked":["Clothesline","Shockwave"],"picked":"Iron Wave","floor":14.0},{"not_picked":["Bludgeon","Double Tap"],"picked":"Berserk","floor":16.0},{"not_picked":[],"picked":"Seeing Red","floor":18.0},{"not_picked":[],"picked":"Combust+1","floor":20},{"not_picked":["Sword Boomerang"],"picked":"SKIP","floor":21},{"not_picked":[],"picked":"Shockwave+1","floor":22},{"not_picked":[],"picked":"Havoc+1","floor":24}],"player_experience":229108,"relics_obtained":[{"floor":9.0,"key":"Gremlin Horn"},{"floor":13.0,"key":"Kunai"},{"floor":24,"key":"Pear"},{"floor":26,"key":"Smiling Mask"}],"event_choices":[{"cards_removed":["Strike_R"],"damage_healed":0.0,"max_hp_gain":0.0,"max_hp_loss":0.0,"gold_gain":0.0,"event_name":"Bonfire Elementals","player_choice":"Offered Basic","floor":2.0,"gold_loss":0.0,"damage_taken":0.0},{"damage_healed":0.0,"max_hp_gain":0.0,"max_hp_loss":0.0,"gold_gain":0.0,"event_name":"Scrap Ooze","player_choice":"Success","floor":4.0,"gold_loss":0.0,"damage_taken":33.0,"relics_obtained":["Regal Pillow"]},{"damage_healed":0.0,"max_hp_gain":0.0,"max_hp_loss":0.0,"gold_gain":0.0,"event_name":"Liars Game","player_choice":"Ignored","floor":5.0,"gold_loss":0.0,"damage_taken":0.0},{"damage_healed":0.0,"max_hp_gain":0.0,"max_hp_loss":0.0,"gold_gain":75.0,"event_name":"FaceTrader","player_choice":"Touch","floor":8.0,"gold_loss":0.0,"damage_taken":8.0},{"cards_removed":["Strike_R"],"damage_healed":0.0,"max_hp_gain":0.0,"max_hp_loss":0.0,"gold_gain":0.0,"event_name":"Wheel of Change","player_choice":"Card Removal","floor":19.0,"gold_loss":0.0,"damage_taken":0.0},{"cards_removed":["Strike_R"],"damage_healed":0,"gold_gain":0,"player_choice":"Upgrade and Remove","damage_taken":0,"max_hp_gain":0,"max_hp_loss":0,"event_name":"Designer","floor":27,"gold_loss":90,"cards_upgraded":["Strike_R"]}],"is_beta":false,"boss_relics":[{"not_picked":["Ectoplasm","Runic Pyramid"],"picked":"Busted Crown"}],"items_purged_floors":[6],"is_endless":false,"potions_floor_spawned":[1,10,13,16,22],"killed_by":"Slavers","ascension_level":3}