{"gold_per_floor":[117,117,117,133,149,176,176,24,51,68,68,80,112,127,127,225,225,238,163,175,28,43,43,72,72,72,72,0,12,37,50,50,152,152,169,20,31,131,143,143,170,185,209,209,209,209,209,227,227,227,227,227,14,45,45],"floor_reached":56,"playtime":3321,"items_purged":["Strike_G","Strike_G"],"score":1402,"play_id":"ec27fce6-e56c-4d17-8b44-484dcb94bb82","local_time":"20190722230827","is_ascension_mode":false,"campfire_choices":[{"data":"Dagger Spray","floor":7,"key":"SMITH"},{"data":"Caltrops","floor":11,"key":"SMITH"},{"data":"Flechettes","floor":15,"key":"SMITH"},{"data":"Well Laid Plans","floor":23,"key":"SMITH"},{"data":"Wraith Form v2","floor":25,"key":"SMITH"},{"data":"After Image","floor":32,"key":"SMITH"},{"data":"After Image","floor":40,"key":"SMITH"},{"floor":44,"key":"RECALL"},{"data":"Adrenaline","floor":49,"key":"SMITH"},{"data":"After Image","floor":52,"key":"SMITH"}],"neow_cost":"NONE","seed_source_timestamp":349666994530781,"circlet_count":0,"master_deck":["Strike_G+1","Defend_G","Defend_G","Defend_G+1","Defend_G","Defend_G","Survivor","Neutralize","Dagger Spray+1","Cloak And Dagger+1","Escape Plan","Caltrops+1","Well Laid Plans+1","After Image+1","Escape Plan","Dagger Throw","After Image+1","Adrenaline+1","Flechettes+1","Wraith Form v2+1","Flying Knee+1","Acrobatics+1","Crippling Poison+1","Cloak And Dagger+1","After Image+1","Prepared+1","Blade Dance+1","Backflip+1","Adrenaline+1","Leg Sweep+1","Blade Dance+1","Prepared+1","Prepared+1","Acrobatics+1","Calculated Gamble+1","Concentrate+1","Bouncing Flask+1","Bouncing Flask+1","Backflip+1","Malaise+1","Crippling Poison+1","Backstab","Leg Sweep+1"],"relics":["Ring of the Snake","Oddly Smooth Stone","Prayer Wheel","War Paint","Bronze Scales","Eternal Feather","Potion Belt","Toxic Egg 2","Happy Flower","Whetstone","Coffee Dripper","StoneCalendar","Bird Faced Urn","Ninja Scroll"],"potions_floor_usage":[6,6,14,33,41,41,50,50,55,55],"damage_taken":[{"damage":0,"enemies":"Small Slimes","floor":1,"turns":4},{"damage":0,"enemies":"Jaw Worm","floor":4,"turns":4},{"damage":0,"enemies":"2 Louse","floor":5,"turns":2},{"damage":18,"enemies":"Gremlin Nob","floor":6,"turns":5},{"damage":0,"enemies":"Exordium Thugs","floor":10,"turns":4},{"damage":0,"enemies":"Looter","floor":12,"turns":3},{"damage":0,"enemies":"3 Sentries","floor":13,"turns":5},{"damage":0,"enemies":"Large Slime","floor":14,"turns":5},{"damage":0,"enemies":"The Guardian","floor":16,"turns":9},{"damage":1,"enemies":"Shell Parasite","floor":18,"turns":5},{"damage":7,"enemies":"2 Thieves","floor":20,"turns":4},{"damage":3,"enemies":"Cultist and Chosen","floor":22,"turns":6},{"damage":0,"enemies":"Gremlin Leader","floor":24,"turns":8},{"damage":0,"enemies":"Snake Plant","floor":29,"turns":3},{"damage":5,"enemies":"Slavers","floor":30,"turns":5},{"damage":0,"enemies":"Centurion and Healer","floor":31,"turns":5},{"damage":0,"enemies":"Champ","floor":33,"turns":12},{"damage":0,"enemies":"3 Shapes","floor":35,"turns":4},{"damage":0,"enemies":"3 Darklings","floor":37,"turns":3},{"damage":0,"enemies":"Mind Bloom Boss Battle","floor":38,"turns":5},{"damage":0,"enemies":"Maw","floor":39,"turns":7},{"damage":0,"enemies":"Reptomancer","floor":41,"turns":7},{"damage":0,"enemies":"Sphere and 2 Shapes","floor":42,"turns":3},{"damage":0,"enemies":"Spire Growth","floor":48,"turns":5},{"damage":18,"enemies":"Time Eater","floor":50,"turns":13},{"damage":17,"enemies":"Shield and Spear","floor":54,"turns":7},{"damage":14,"enemies":"The Heart","floor":55,"turns":9}],"seed_played":"-3827353139505298381","potions_obtained":[{"floor":0,"key":"Poison Potion"},{"floor":0,"key":"Block Potion"},{"floor":0,"key":"Energy Potion"},{"floor":12,"key":"PowerPotion"},{"floor":13,"key":"SpeedPotion"},{"floor":14,"key":"SkillPotion"},{"floor":18,"key":"Dexterity Potion"},{"floor":30,"key":"SpeedPotion"},{"floor":31,"key":"Weak Potion"},{"floor":33,"key":"LiquidBronze"},{"floor":41,"key":"SteroidPotion"},{"floor":42,"key":"Dexterity Potion"}],"is_trial":false,"path_per_floor":["M","?","?","M","M","E","R","$","T","M","R","M","E","M","R","B",null,"M","?","M","$","M","R","E","R","T","?","$","M","E","M","R","B",null,"M","$","M","?","M","R","E","M","T","R","?","?","?","M","R","B",null,"R","$","E","B",null],"character_chosen":"THE_SILENT","items_purchased":["Caltrops","Potion Belt","EssenceOfSteel","Strength Potion","Malaise+1","Crippling Poison+1","Backstab"],"campfire_rested":0,"item_purchase_floors":[8,21,28,36,53,53,53],"current_hp_per_floor":[70,63,63,63,63,45,45,45,45,45,45,45,45,45,45,45,70,69,69,62,62,59,70,70,70,70,70,70,70,65,65,70,70,70,70,70,70,70,70,70,70,70,70,70,70,66,66,66,66,54,66,66,66,55,51],"gold":45,"neow_bonus":"THREE_SMALL_POTIONS","is_prod":false,"is_daily":false,"chose_seed":false,"campfire_upgraded":9,"win_rate":0,"timestamp":1563833307,"path_taken":["M","?","?","?","M","E","R","$","T","M","R","M","E","M","R","BOSS","M","?","M","$","M","R","E","R","T","?","$","M","E","M","R","BOSS","M","$","M","?","M","R","E","M","T","R","?","?","?","?","R","BOSS","R","$","E","BOSS"],"build_version":"2019-07-17","purchased_purges":2,"victory":true,"max_hp_per_floor":[70,70,70,70,70,70,70,70,70,70,70,70,70,70,70,70,70,70,70,70,70,70,70,70,70,70,70,70,70,70,70,70,70,70,70,70,70,70,70,70,70,70,70,70,70,66,66,66,66,66,66,66,66,66,66],"card_choices":[{"not_picked":["Acrobatics","Sucker Punch"],"picked":"Masterful Stab","floor":1},{"not_picked":["Bane","Sucker Punch"],"picked":"Dagger Spray","floor":4},{"not_picked":["Setup","Deflect"],"picked":"Cloak And Dagger","floor":5},{"not_picked":["Setup","Underhanded Strike"],"picked":"Escape Plan","floor":6},{"not_picked":["Underhanded Strike","Outmaneuver"],"picked":"Well Laid Plans","floor":10},{"not_picked":["Quick Slash","Acrobatics"],"picked":"After Image","floor":10},{"not_picked":["Distraction","Dodge and Roll"],"picked":"Escape Plan","floor":12},{"not_picked":["Deflect","Poisoned Stab"],"picked":"Dagger Throw","floor":12},{"not_picked":["Dash","Slice"],"picked":"After Image","floor":13},{"not_picked":["Backflip","Prepared"],"picked":"Adrenaline","floor":14},{"not_picked":["Backflip","Dodge and Roll"],"picked":"Flechettes","floor":14},{"not_picked":["Die Die Die","Unload"],"picked":"Wraith Form v2","floor":16},{"not_picked":["Poisoned Stab+1","Deflect","PiercingWail"],"picked":"SKIP","floor":18},{"not_picked":["Cloak And Dagger","Distraction","Blade Dance"],"picked":"SKIP","floor":18},{"not_picked":["Underhanded Strike","Poisoned Stab"],"picked":"Flying Knee+1","floor":20},{"not_picked":["Backstab","Prepared","Sucker Punch"],"picked":"SKIP","floor":20},{"not_picked":["Underhanded Strike","Accuracy"],"picked":"Acrobatics+1","floor":22},{"not_picked":["Underhanded Strike","Finisher+1","Heel Hook"],"picked":"SKIP","floor":22},{"not_picked":["Bane","Bouncing Flask"],"picked":"Crippling Poison","floor":24},{"not_picked":["Finisher","Prepared+1"],"picked":"Cloak And Dagger+1","floor":29},{"not_picked":["Dagger Spray+1","Prepared+1"],"picked":"After Image","floor":29},{"not_picked":["Reflex+1","Flying Knee"],"picked":"Prepared+1","floor":30},{"not_picked":["Bane+1","Footwork"],"picked":"Blade Dance+1","floor":31},{"not_picked":["All Out Attack+1","Backstab"],"picked":"Backflip+1","floor":31},{"not_picked":["Doppelganger+1","Tools of the Trade"],"picked":"Adrenaline+1","floor":33},{"not_picked":["PiercingWail+1","Backflip+1"],"picked":"Leg Sweep+1","floor":35},{"not_picked":["PiercingWail+1","Flechettes+1"],"picked":"Blade Dance+1","floor":35},{"not_picked":["Choke","Backflip+1"],"picked":"Prepared+1","floor":37},{"not_picked":["Cloak And Dagger+1","Reflex+1"],"picked":"Prepared+1","floor":37},{"not_picked":["Quick Slash","Riddle With Holes"],"picked":"Acrobatics+1","floor":38},{"not_picked":["Quick Slash+1","Poisoned Stab+1"],"picked":"Calculated Gamble+1","floor":39},{"not_picked":["Deflect+1","Slice","Heel Hook"],"picked":"SKIP","floor":39},{"not_picked":["Night Terror+1","Bane+1"],"picked":"Concentrate+1","floor":41},{"not_picked":["Bouncing Flask+1","Outmaneuver+1","Skewer"],"picked":"SKIP","floor":42},{"not_picked":["Prepared+1","Dagger Throw","Masterful Stab"],"picked":"SKIP","floor":42},{"not_picked":["Outmaneuver+1","Skewer"],"picked":"Bouncing Flask+1","floor":42},{"not_picked":["Prepared+1","Dagger Throw","Masterful Stab"],"picked":"SKIP","floor":42},{"not_picked":["Endless Agony+1","Deflect+1"],"picked":"Bouncing Flask+1","floor":48},{"not_picked":["Terror+1","Deflect+1"],"picked":"Backflip+1","floor":48},{"not_picked":["Blade Dance+1","Poisoned Stab+1"],"picked":"Leg Sweep+1","floor":54}],"player_experience":1730876,"relics_obtained":[{"floor":6,"key":"Prayer Wheel"},{"floor":9,"key":"War Paint"},{"floor":13,"key":"Bronze Scales"},{"floor":24,"key":"Toxic Egg 2"},{"floor":26,"key":"Happy Flower"},{"floor":30,"key":"Whetstone"},{"floor":38,"key":"StoneCalendar"},{"floor":41,"key":"Bird Faced Urn"},{"floor":54,"key":"Ninja Scroll"}],"event_choices":[{"damage_healed":0,"gold_gain":0,"player_choice":"Success","damage_taken":7,"relics_obtained":["Oddly Smooth Stone"],"max_hp_gain":0,"max_hp_loss":0,"event_name":"Scrap Ooze","floor":2,"gold_loss":0},{"cards_removed":["Strike_G"],"damage_healed":0,"gold_gain":0,"player_choice":"Forget","damage_taken":0,"max_hp_gain":0,"max_hp_loss":0,"event_name":"Living Wall","floor":3,"gold_loss":0},{"cards_removed":["Strike_G"],"damage_healed":0,"gold_gain":0,"player_choice":"Gave Gold","damage_taken":0,"max_hp_gain":0,"max_hp_loss":0,"event_name":"Beggar","floor":19,"gold_loss":75},{"damage_healed":0,"gold_gain":0,"player_choice":"Fight","damage_taken":0,"max_hp_gain":0,"max_hp_loss":0,"event_name":"MindBloom","floor":38,"gold_loss":0},{"cards_removed":["Masterful Stab"],"damage_healed":0,"gold_gain":0,"player_choice":"Removed Attack","damage_taken":0,"max_hp_gain":0,"max_hp_loss":0,"event_name":"Falling","floor":45,"gold_loss":0},{"damage_healed":0,"gold_gain":0,"player_choice":"Max HP","damage_taken":0,"max_hp_gain":0,"max_hp_loss":4,"event_name":"Winding Halls","floor":46,"gold_loss":0},{"damage_healed":0,"gold_gain":0,"player_choice":"Ignored","damage_taken":0,"max_hp_gain":0,"max_hp_loss":0,"event_name":"SecretPortal","floor":47,"gold_loss":0}],"is_beta":false,"boss_relics":[{"not_picked":["Calling Bell","Velvet Choker"],"picked":"Eternal Feather"},{"not_picked":["Orrery","Snecko Eye"],"picked":"Coffee Dripper"}],"items_purged_floors":[8,36],"is_endless":false,"potions_floor_spawned":[1,12,13,14,18,30,31,33,37,41,42],"ascension_level":0}