{"gold_per_floor":[116,116,132,132,151,186,186,217,217,290,290,310,351,370,370,490,490,508,508,526,526,526,526],"floor_reached":23,"playtime":1103,"items_purged":[],"score":339,"play_id":"410e63ee-dbf2-44c6-a473-6a6fb9aabdb1","local_time":"20191021202917","is_ascension_mode":true,"campfire_choices":[{"floor":7,"key":"REST"},{"floor":11,"key":"REST"},{"floor":15,"key":"REST"}],"neow_cost":"NONE","seed_source_timestamp":355194491893100,"circlet_count":0,"master_deck":["AscendersBane","Defend_G","Defend_G","Defend_G","Defend_G","Defend_G","Survivor","Neutralize+1","Deadly Poison","Dagger Spray","Backstab","PiercingWail","Caltrops","Dagger Spray","Phantasmal Killer","Night Terror","Backflip","Cloak And Dagger","Bite","Bite","Bite","Bite","Bite"],"relics":["Ring of the Snake","Golden Idol","Snake Skull","The Courier","Pantograph","Bag of Marbles","Torii","Sozu","Nilry\u0027s Codex"],"potions_floor_usage":[8,10,10,12,13,14,14,23],"damage_taken":[{"damage":8,"enemies":"Jaw Worm","floor":1,"turns":6},{"damage":2,"enemies":"Small Slimes","floor":3,"turns":4},{"damage":8,"enemies":"2 Louse","floor":5,"turns":3},{"damage":40,"enemies":"Gremlin Nob","floor":6,"turns":5},{"damage":27,"enemies":"3 Sentries","floor":8,"turns":10},{"damage":11,"enemies":"3 Sentries","floor":10,"turns":6},{"damage":1,"enemies":"Red Slaver","floor":12,"turns":3},{"damage":25,"enemies":"Gremlin Nob","floor":13,"turns":4},{"damage":0,"enemies":"Exordium Wildlife","floor":14,"turns":2},{"damage":28,"enemies":"Slime Boss","floor":16,"turns":12},{"damage":8,"enemies":"3 Byrds","floor":18,"turns":5},{"damage":11,"enemies":"2 Thieves","floor":20,"turns":5},{"damage":41,"enemies":"Gremlin Leader","floor":23,"turns":5}],"seed_played":"-6401604662260025501","potions_obtained":[{"floor":1,"key":"Explosive Potion"},{"floor":6,"key":"Regen Potion"},{"floor":8,"key":"EssenceOfSteel"},{"floor":10,"key":"EntropicBrew"},{"floor":16,"key":"EssenceOfSteel"}],"is_trial":false,"path_per_floor":["M","?","M","?","M","E","R","E","T","?","R","M","E","M","R","B",null,"M","?","M","?","?","E"],"character_chosen":"THE_SILENT","items_purchased":[],"campfire_rested":3,"item_purchase_floors":[],"current_hp_per_floor":[55,60,58,58,50,10,30,18,18,7,27,26,1,1,21,18,56,48,32,21,21,21,0],"gold":526,"neow_bonus":"UPGRADE_CARD","is_prod":false,"is_daily":false,"chose_seed":false,"campfire_upgraded":0,"win_rate":0,"timestamp":1571714957,"path_taken":["M","?","M","?","M","E","R","E","T","?","R","M","E","M","R","BOSS","M","?","M","?","?","E"],"build_version":"2019-07-17","purchased_purges":0,"victory":false,"max_hp_per_floor":[70,75,75,69,69,69,69,69,69,69,69,69,69,69,69,69,69,69,69,69,48,48,48],"card_choices":[{"not_picked":["Accuracy","Prepared"],"picked":"Deadly Poison","floor":1},{"not_picked":["Flying Knee","Underhanded Strike"],"picked":"Dagger Spray","floor":3},{"not_picked":["Escape Plan","Bane"],"picked":"Backstab","floor":5},{"not_picked":["Deflect","Acrobatics"],"picked":"PiercingWail","floor":6},{"not_picked":["Dagger Spray","Acrobatics"],"picked":"Caltrops","floor":8},{"not_picked":["Setup","Finisher"],"picked":"Dagger Spray","floor":12},{"not_picked":["Flying Knee","Sucker Punch"],"picked":"Phantasmal Killer","floor":13},{"not_picked":["Flying Knee","Heel Hook","Underhanded Strike"],"picked":"SKIP","floor":14},{"not_picked":["Grand Finale","Die Die Die"],"picked":"Night Terror","floor":16},{"not_picked":["PiercingWail","Dagger Throw+1"],"picked":"Backflip","floor":18},{"not_picked":["Blade Dance+1","Accuracy+1"],"picked":"Cloak And Dagger","floor":20}],"player_experience":418836,"relics_obtained":[{"floor":6,"key":"Snake Skull"},{"floor":8,"key":"The Courier"},{"floor":9,"key":"Pantograph"},{"floor":10,"key":"Bag of Marbles"},{"floor":13,"key":"Torii"},{"floor":19,"key":"Nilry\u0027s Codex"}],"event_choices":[{"damage_healed":0,"gold_gain":0,"player_choice":"Donut","damage_taken":0,"max_hp_gain":5,"max_hp_loss":0,"event_name":"Big Fish","floor":2,"gold_loss":0},{"damage_healed":0,"gold_gain":0,"player_choice":"Lose Max HP","damage_taken":0,"relics_obtained":["Golden Idol"],"max_hp_gain":0,"max_hp_loss":6,"event_name":"Golden Idol","floor":4,"gold_loss":0},{"damage_healed":0,"gold_gain":0,"player_choice":"Searched \u00271\u0027 times","damage_taken":0,"max_hp_gain":0,"max_hp_loss":0,"event_name":"Dead Adventurer","floor":10,"gold_loss":0},{"damage_healed":0,"gold_gain":0,"player_choice":"Obtained Book","damage_taken":16,"max_hp_gain":0,"max_hp_loss":0,"event_name":"Cursed Tome","floor":19,"gold_loss":0},{"damage_healed":0,"gold_gain":0,"player_choice":"Became a vampire","damage_taken":0,"max_hp_gain":0,"max_hp_loss":21,"event_name":"Vampires","floor":21,"gold_loss":0,"cards_obtained":["Bite","Bite","Bite","Bite","Bite"]},{"damage_healed":0,"gold_gain":0,"player_choice":"Ignored","damage_taken":0,"max_hp_gain":0,"max_hp_loss":0,"event_name":"N\u0027loth","floor":22,"gold_loss":0}],"is_beta":false,"boss_relics":[{"not_picked":["Runic Pyramid","Orrery"],"picked":"Sozu"}],"items_purged_floors":[],"is_endless":false,"potions_floor_spawned":[1,6,8,10,16],"killed_by":"Gremlin Leader","ascension_level":10}