{"gold_per_floor":[16,33,52,127,127,127,162,162,162,162,195,195,195,120,120,224,224,206,221,29,29,45,78,78,3,56,56,76,76,86,99,99,203,203,213,213,228,128,128,128,147,160,160,59,71,71,81,94,94,94],"floor_reached":51,"playtime":2603,"items_purged":["Zap","Strike_B"],"score":811,"play_id":"ac329455-b1f2-4c3c-bbb2-5ac9f878ae6e","local_time":"20191026164402","is_ascension_mode":true,"campfire_choices":[{"data":"Defend_B","floor":6.0,"key":"SMITH"},{"data":"Defend_B","floor":8.0,"key":"PURGE"},{"data":"Defend_B","floor":10.0,"key":"PURGE"},{"floor":15.0,"key":"REST"},{"data":"Coolheaded","floor":24.0,"key":"SMITH"},{"data":"Gash","floor":27.0,"key":"SMITH"},{"data":"Strike_B","floor":32.0,"key":"PURGE"},{"data":"Defend_B","floor":40.0,"key":"SMITH"},{"data":"Gash","floor":46.0,"key":"SMITH"},{"floor":49,"key":"RECALL"}],"neow_cost":"NO_GOLD","seed_source_timestamp":1153852304277300,"circlet_count":0,"master_deck":["Defend_B+1","Defend_B+1","Coolheaded+1","Gash+1","Gash+1"],"special_seed":0,"relics":["Cracked Core","FossilizedHelix","Peace Pipe","Ornamental Fan","Darkstone Periapt","White Beast Statue","TheAbacus","Vajra","Regal Pillow","Lizard Tail"],"potions_floor_usage":[50,50,50],"damage_taken":[{"damage":0.0,"enemies":"Jaw Worm","floor":1.0,"turns":2.0},{"damage":0.0,"enemies":"Small Slimes","floor":2.0,"turns":3.0},{"damage":0.0,"enemies":"2 Louse","floor":3.0,"turns":2.0},{"damage":13.0,"enemies":"Lagavulin","floor":7.0,"turns":8.0},{"damage":21.0,"enemies":"3 Sentries","floor":11.0,"turns":9.0},{"damage":49.0,"enemies":"Slime Boss","floor":16.0,"turns":27.0},{"damage":24.0,"enemies":"2 Thieves","floor":18.0,"turns":4.0},{"damage":0.0,"enemies":"3 Byrds","floor":19.0,"turns":8.0},{"damage":8.0,"enemies":"Snecko","floor":22.0,"turns":8.0},{"damage":17.0,"enemies":"Slavers","floor":23.0,"turns":4.0},{"damage":3.0,"enemies":"Shelled Parasite and Fungi","floor":28.0,"turns":7.0},{"damage":0.0,"enemies":"Cultist and Chosen","floor":30.0,"turns":7.0},{"damage":0.0,"enemies":"Chosen and Byrds","floor":31.0,"turns":6.0},{"damage":3.0,"enemies":"Collector","floor":33.0,"turns":9.0},{"damage":0.0,"enemies":"3 Shapes","floor":35.0,"turns":4.0},{"damage":0.0,"enemies":"3 Darklings","floor":37.0,"turns":4.0},{"damage":0.0,"enemies":"Spire Growth","floor":41.0,"turns":3.0},{"damage":0.0,"enemies":"Jaw Worm Horde","floor":42.0,"turns":3.0},{"damage":0.0,"enemies":"Transient","floor":45.0,"turns":5.0},{"damage":0.0,"enemies":"Maw","floor":47.0,"turns":5.0},{"damage":0,"enemies":"Jaw Worm Horde","floor":48,"turns":3},{"damage":0,"enemies":"Time Eater","floor":50,"turns":9}],"seed_played":"6655471283125521243","potions_obtained":[{"floor":11.0,"key":"Fruit Juice"},{"floor":18.0,"key":"Ancient Potion"},{"floor":19.0,"key":"SmokeBomb"},{"floor":22.0,"key":"PowerPotion"},{"floor":23.0,"key":"Explosive Potion"},{"floor":28.0,"key":"PowerPotion"},{"floor":30.0,"key":"SteroidPotion"},{"floor":31.0,"key":"Weak Potion"},{"floor":33.0,"key":"EssenceOfSteel"},{"floor":35.0,"key":"SpeedPotion"},{"floor":41.0,"key":"Ancient Potion"}],"is_trial":false,"path_per_floor":["M","M","M","?","?","R","E","R","T","R","E","?","?","$","R","B",null,"M","M","$","?","M","E","R","?","T","R","M","$","M","M","R","B",null,"M","?","M","$","?","R","M","M","T","$","M","R","M","M","R","B",null],"character_chosen":"DEFECT","items_purchased":["TheAbacus","PowerPotion","Strength Potion"],"campfire_rested":1,"item_purchase_floors":[20,44,44],"current_hp_per_floor":[75,75,75,64,57,57,44,44,44,44,28,28,28,28,52,3,80,56,56,56,80,72,55,55,55,55,55,52,52,52,52,52,49,80,80,80,80,80,80,80,80,80,80,80,80,80,80,80,80,80],"gold":94,"neow_bonus":"ONE_RARE_RELIC","is_prod":false,"is_daily":false,"chose_seed":false,"campfire_upgraded":5,"win_rate":0,"timestamp":1572101042,"path_taken":["M","M","M","?","?","R","E","R","T","R","E","?","?","$","R","BOSS","M","M","$","?","M","E","R","?","T","R","M","$","M","M","R","BOSS","M","?","?","$","?","R","M","M","T","?","M","R","M","M","R","BOSS"],"build_version":"2019-07-17","purchased_purges":2,"victory":true,"max_hp_per_floor":[75,75,75,75,75,75,75,75,75,75,80,80,80,80,80,80,80,80,80,80,80,80,80,80,80,80,80,80,80,80,80,80,80,80,80,80,80,80,80,80,80,80,80,80,80,80,80,80,80,80],"card_choices":[{"not_picked":["Barrage","Hologram","Sweeping Beam"],"picked":"SKIP","floor":1.0},{"not_picked":["Reinforced Body","Leap","Aggregate"],"picked":"SKIP","floor":2.0},{"not_picked":["Chaos","Rip and Tear","Rebound"],"picked":"SKIP","floor":3.0},{"not_picked":["Scrape","Heatsinks"],"picked":"Coolheaded","floor":7.0},{"not_picked":["Loop","Double Energy"],"picked":"Gash","floor":11.0},{"not_picked":["Ball Lightning","Hello World","Turbo"],"picked":"SKIP","floor":18.0},{"not_picked":["Sweeping Beam+1","Beam Cell","Go for the Eyes+1"],"picked":"SKIP","floor":19.0},{"not_picked":["Rebound","Sweeping Beam+1","Genetic Algorithm+1"],"picked":"SKIP","floor":22.0},{"not_picked":["Fusion+1","Ball Lightning","Leap+1"],"picked":"SKIP","floor":23.0},{"not_picked":["Leap","Capacitor","Go for the Eyes+1"],"picked":"SKIP","floor":28.0},{"not_picked":["Creative AI","Turbo","Defragment"],"picked":"SKIP","floor":30.0},{"not_picked":["Darkness+1","Capacitor"],"picked":"Gash","floor":31.0},{"not_picked":["Turbo+1","Streamline+1","Reprogram"],"picked":"SKIP","floor":35.0},{"not_picked":["Redo","Turbo","Auto Shields+1"],"picked":"SKIP","floor":37.0},{"not_picked":["Stack","BootSequence+1","Gash+1"],"picked":"SKIP","floor":41.0},{"not_picked":["Rebound+1","Beam Cell+1","Redo"],"picked":"SKIP","floor":42.0},{"not_picked":["Creative AI","Rebound+1","Undo+1"],"picked":"SKIP","floor":45.0},{"not_picked":["FTL","Streamline+1","Storm+1"],"picked":"SKIP","floor":47.0},{"not_picked":["Glacier","Go for the Eyes+1","Blizzard"],"picked":"SKIP","floor":48}],"player_experience":348554,"relics_obtained":[{"floor":7.0,"key":"Peace Pipe"},{"floor":9.0,"key":"Ornamental Fan"},{"floor":11.0,"key":"Darkstone Periapt"},{"floor":23.0,"key":"Vajra"},{"floor":26.0,"key":"Regal Pillow"}],"event_choices":[{"damage_healed":0.0,"max_hp_gain":0.0,"max_hp_loss":0.0,"gold_gain":75.0,"event_name":"World of Goop","player_choice":"Gather Gold","floor":4.0,"gold_loss":0.0,"damage_taken":11.0},{"cards_removed":["Strike_B"],"damage_healed":0.0,"max_hp_gain":0.0,"max_hp_loss":0.0,"gold_gain":0.0,"event_name":"Golden Wing","player_choice":"Card Removal","floor":5.0,"gold_loss":0.0,"damage_taken":7.0},{"damage_healed":0.0,"max_hp_gain":0.0,"max_hp_loss":0.0,"gold_gain":0.0,"event_name":"Shining Light","player_choice":"Ignored","floor":12.0,"gold_loss":0.0,"damage_taken":0.0},{"damage_healed":0.0,"max_hp_gain":0.0,"max_hp_loss":0.0,"gold_gain":0.0,"event_name":"Match and Keep!","player_choice":"0 cards matched","floor":13.0,"gold_loss":0.0,"damage_taken":0.0,"cards_obtained":[]},{"damage_healed":26.0,"max_hp_gain":0.0,"max_hp_loss":0.0,"gold_gain":0.0,"event_name":"The Library","player_choice":"Heal","floor":21.0,"gold_loss":0.0,"damage_taken":0.0},{"cards_removed":["Dualcast"],"damage_healed":0.0,"max_hp_gain":0.0,"max_hp_loss":0.0,"gold_gain":0.0,"event_name":"Beggar","player_choice":"Gave Gold","floor":25.0,"gold_loss":75.0,"damage_taken":0.0},{"cards_removed":["Strike_B"],"damage_healed":0.0,"max_hp_gain":0.0,"max_hp_loss":0.0,"gold_gain":0.0,"event_name":"Bonfire Elementals","player_choice":"Offered Basic","floor":36.0,"gold_loss":0.0,"damage_taken":0.0},{"damage_healed":0.0,"max_hp_gain":0.0,"max_hp_loss":0.0,"gold_gain":0.0,"event_name":"Purifier","player_choice":"Ignored","floor":39.0,"gold_loss":0.0,"damage_taken":0.0}],"is_beta":false,"boss_relics":[{"not_picked":["Busted Crown","Nuclear Battery"],"picked":"White Beast Statue"},{"not_picked":["Sozu","Calling Bell"],"picked":"Lizard Tail"}],"items_purged_floors":[14,38],"is_endless":false,"potions_floor_spawned":[11,18,19,22,23,28,30,31,33,35,37,41,42,45,47,48],"ascension_level":1}