{"gold_per_floor":[117,42,59,72,22,49,49,76,76,76,86,86,118,137,137,233,233,244,0,17,17,17,17,51,61,137,137,52,52,65,97,97,193,193,206,206,226,80,80,114,114,149,149,182,42,60,60,77,77,77,77,77,27,62,62],"floor_reached":55,"playtime":4308,"items_purged":["Regret","Strike_B","Barrage","Defend_B"],"score":1592,"play_id":"57396ff6-0320-42f3-9488-7e97a067b442","local_time":"20191025173823","is_ascension_mode":true,"campfire_choices":[{"data":"Streamline","floor":7.0,"key":"SMITH"},{"data":"1","floor":12.0,"key":"LIFT"},{"data":"2","floor":15.0,"key":"LIFT"},{"data":"Machine Learning","floor":23,"key":"SMITH"},{"data":"Coolheaded","floor":27,"key":"SMITH"},{"floor":29,"key":"REST"},{"data":"3","floor":32,"key":"LIFT"},{"data":"Fission","floor":41,"key":"SMITH"},{"floor":47,"key":"REST"},{"floor":49,"key":"RECALL"},{"data":"Reboot","floor":52,"key":"SMITH"}],"neow_cost":"CURSE","seed_source_timestamp":0,"circlet_count":0,"master_deck":["AscendersBane","Defend_B","Defend_B","Dualcast","Streamline+1","Rip and Tear","Coolheaded+1","Glacier","FTL","Reboot+1","Seek","Gash","Machine Learning+1","Compile Driver","Gash","Go for the Eyes+1","Fission+1","Static Discharge","Skim+1","Flash of Steel"],"special_seed":0,"relics":["Cracked Core","Letter Opener","Matryoshka","Strawberry","Sundial","Girya","Du-Vu Doll","Busted Crown","Centennial Puzzle","Orichalcum","Oddly Smooth Stone","Pantograph","Regal Pillow","Potion Belt","Nuclear Battery","Pen Nib","Torii","Ancient Tea Set","Smiling Mask","Mango"],"potions_floor_usage":[31,33,42,55],"damage_taken":[{"damage":0.0,"enemies":"2 Louse","floor":1.0,"turns":2.0},{"damage":0.0,"enemies":"Cultist","floor":3.0,"turns":4.0},{"damage":5.0,"enemies":"Small Slimes","floor":4.0,"turns":3.0},{"damage":17.0,"enemies":"Lagavulin","floor":6.0,"turns":6.0},{"damage":18.0,"enemies":"Gremlin Nob","floor":8.0,"turns":4.0},{"damage":1.0,"enemies":"2 Fungi Beasts","floor":11.0,"turns":4.0},{"damage":0.0,"enemies":"3 Sentries","floor":13.0,"turns":3.0},{"damage":0.0,"enemies":"Exordium Wildlife","floor":14.0,"turns":2.0},{"damage":10.0,"enemies":"The Guardian","floor":16.0,"turns":9.0},{"damage":14.0,"enemies":"2 Thieves","floor":18.0,"turns":3.0},{"damage":1,"enemies":"3 Byrds","floor":20,"turns":4},{"damage":17,"enemies":"Book of Stabbing","floor":24,"turns":5},{"damage":1,"enemies":"3 Cultists","floor":25,"turns":4},{"damage":14,"enemies":"Snake Plant","floor":30,"turns":3},{"damage":0,"enemies":"Gremlin Leader","floor":31,"turns":4},{"damage":19,"enemies":"Collector","floor":33,"turns":8},{"damage":0,"enemies":"3 Shapes","floor":35,"turns":2},{"damage":2,"enemies":"Orb Walker","floor":37,"turns":2},{"damage":18,"enemies":"Giant Head","floor":40,"turns":6},{"damage":32,"enemies":"Nemesis","floor":42,"turns":7},{"damage":7,"enemies":"Giant Head","floor":44,"turns":7},{"damage":10,"enemies":"Jaw Worm Horde","floor":46,"turns":3},{"damage":0,"enemies":"Transient","floor":48,"turns":5},{"damage":39,"enemies":"Donu and Deca","floor":50,"turns":5},{"damage":19,"enemies":"Shield and Spear","floor":54,"turns":4},{"damage":104,"enemies":"The Heart","floor":55,"turns":6}],"seed_played":"-8353078805875038460","potions_obtained":[{"floor":3.0,"key":"Weak Potion"},{"floor":4.0,"key":"Weak Potion"},{"floor":6.0,"key":"Dexterity Potion"},{"floor":8.0,"key":"AttackPotion"},{"floor":13.0,"key":"AttackPotion"},{"floor":20,"key":"GamblersBrew"},{"floor":30,"key":"FocusPotion"},{"floor":31,"key":"SneckoOil"},{"floor":48,"key":"Dexterity Potion"}],"is_trial":false,"path_per_floor":["M","$","M","M","?","E","R","E","T","?","M","R","E","M","R","B",null,"M","$","M","?","?","R","E","M","T","R","?","R","M","E","R","B",null,"M","?","M","$","?","E","R","E","T","E","$","M","R","M","R","B",null,"R","$","E","B"],"character_chosen":"DEFECT","items_purchased":["Centennial Puzzle","Pen Nib","Flash of Steel"],"campfire_rested":2,"item_purchase_floors":[19,38,45],"current_hp_per_floor":[68,68,68,63,63,46,46,28,35,35,34,34,34,34,34,24,68,54,54,53,53,53,53,36,35,35,35,35,74,60,60,60,63,77,77,77,75,75,75,57,57,25,25,18,18,8,47,47,47,33,70,70,70,65,0],"gold":62,"neow_bonus":"TRANSFORM_TWO_CARDS","is_prod":false,"is_daily":false,"chose_seed":false,"campfire_upgraded":5,"win_rate":0,"timestamp":1572050303,"path_taken":["M","$","M","M","?","E","R","E","T","?","M","R","E","M","R","BOSS","M","$","?","?","?","R","E","M","T","R","?","R","M","E","R","BOSS","M","?","?","$","?","E","R","E","T","E","$","M","R","M","R","BOSS","R","$","E","BOSS"],"build_version":"2019-07-17","purchased_purges":4,"victory":false,"max_hp_per_floor":[75,75,75,75,75,75,75,75,82,82,82,82,82,82,82,82,82,82,82,82,82,82,82,82,82,82,82,82,82,82,82,82,82,82,82,82,82,82,82,82,82,82,82,82,82,82,82,82,82,82,82,82,82,96,96],"card_choices":[{"not_picked":["Turbo","Beam Cell"],"picked":"Streamline","floor":1.0},{"not_picked":["Compile Driver","Chill"],"picked":"Rip and Tear","floor":3.0},{"not_picked":["Gash","Beam Cell"],"picked":"Coolheaded","floor":4.0},{"not_picked":["Doom and Gloom","Hologram"],"picked":"Glacier","floor":6.0},{"not_picked":["Force Field","Stack"],"picked":"FTL","floor":8.0},{"not_picked":["Compile Driver","Sunder"],"picked":"Reboot","floor":11.0},{"not_picked":["Redo","Streamline"],"picked":"Seek","floor":13.0},{"not_picked":["FTL","Barrage"],"picked":"Gash","floor":14.0},{"not_picked":["Reboot","Seek"],"picked":"Machine Learning","floor":16.0},{"not_picked":[],"picked":"Compile Driver","floor":18.0},{"not_picked":["Beam Cell+1"],"picked":"SKIP","floor":20},{"not_picked":[],"picked":"Go for the Eyes+1","floor":24},{"not_picked":["Barrage"],"picked":"SKIP","floor":25},{"not_picked":["Compile Driver"],"picked":"SKIP","floor":30},{"not_picked":["Compile Driver"],"picked":"SKIP","floor":30},{"not_picked":[],"picked":"Barrage","floor":31},{"not_picked":[],"picked":"Fission","floor":33},{"not_picked":["Consume"],"picked":"SKIP","floor":35},{"not_picked":[],"picked":"Skim+1","floor":37},{"not_picked":["Rebound+1"],"picked":"SKIP","floor":40},{"not_picked":["Conserve Battery"],"picked":"SKIP","floor":42},{"not_picked":["Beam Cell"],"picked":"SKIP","floor":44},{"not_picked":["Beam Cell"],"picked":"SKIP","floor":46},{"not_picked":["Redo"],"picked":"SKIP","floor":48},{"not_picked":["Melter+1"],"picked":"SKIP","floor":54}],"player_experience":460721,"relics_obtained":[{"floor":6.0,"key":"Letter Opener"},{"floor":8.0,"key":"Matryoshka"},{"floor":9.0,"key":"Strawberry"},{"floor":9.0,"key":"Sundial"},{"floor":13.0,"key":"Du-Vu Doll"},{"floor":24,"key":"Orichalcum"},{"floor":26,"key":"Oddly Smooth Stone"},{"floor":26,"key":"Pantograph"},{"floor":31,"key":"Potion Belt"},{"floor":40,"key":"Torii"},{"floor":42,"key":"Ancient Tea Set"},{"floor":44,"key":"Smiling Mask"},{"floor":54,"key":"Mango"}],"event_choices":[{"cards_removed":["Strike_B"],"damage_healed":0.0,"max_hp_gain":0.0,"max_hp_loss":0.0,"gold_gain":0.0,"event_name":"The Cleric","player_choice":"Card Removal","floor":5.0,"gold_loss":50.0,"damage_taken":0.0},{"damage_healed":0.0,"max_hp_gain":0.0,"max_hp_loss":0.0,"gold_gain":0.0,"event_name":"WeMeetAgain","player_choice":"Gave Potion","floor":10.0,"gold_loss":0.0,"damage_taken":0.0,"relics_obtained":["Girya"]},{"damage_healed":0,"gold_gain":0,"player_choice":"Ignored","damage_taken":0,"max_hp_gain":0,"max_hp_loss":0,"event_name":"Vampires","floor":21,"gold_loss":0},{"damage_healed":0,"gold_gain":0,"player_choice":"Read","damage_taken":0,"max_hp_gain":0,"max_hp_loss":0,"event_name":"The Library","floor":22,"gold_loss":0,"cards_obtained":["Gash"]},{"damage_healed":0,"gold_gain":0,"player_choice":"Obtained Relic","damage_taken":0,"relics_obtained":["Regal Pillow"],"max_hp_gain":0,"max_hp_loss":0,"event_name":"Addict","floor":28,"gold_loss":85},{"damage_healed":0,"gold_gain":0,"cards_transformed":["Strike_B"],"player_choice":"Transformed","damage_taken":0,"max_hp_gain":0,"max_hp_loss":0,"event_name":"Transmorgrifier","floor":36,"gold_loss":0,"cards_obtained":["Static Discharge"]},{"cards_removed":["Zap"],"damage_healed":0,"gold_gain":0,"player_choice":"Removed Skill","damage_taken":0,"max_hp_gain":0,"max_hp_loss":0,"event_name":"Falling","floor":39,"gold_loss":0}],"is_beta":false,"boss_relics":[{"not_picked":["Velvet Choker","Inserter"],"picked":"Busted Crown"},{"not_picked":["Runic Pyramid","Astrolabe"],"picked":"Nuclear Battery"}],"items_purged_floors":[2,19,45,53],"is_endless":false,"potions_floor_spawned":[3,4,6,8,13,20,30,31,48],"killed_by":"The Heart","ascension_level":11}