{"gold_per_floor":[116,191,13,31,50,69,69,84,84,84,100,100,175,185,185,283,283,295,305,505,521,329,329,343,354,354,354,184,202,216,216,216,315,315,325,67,77,1076,1095,1095,1095],"floor_reached":41,"playtime":2601,"items_purged":["Strike_G","Strike_G"],"score":439,"play_id":"2805a436-87d5-4d10-b5ed-4a12a9784daf","local_time":"20191001113200","is_ascension_mode":false,"campfire_choices":[{"data":"Backstab","floor":7.0,"key":"SMITH"},{"data":"Mayhem","floor":10.0,"key":"SMITH"},{"data":"Noxious Fumes","floor":12.0,"key":"SMITH"},{"data":"Neutralize","floor":15.0,"key":"SMITH"},{"data":"Glass Knife","floor":23.0,"key":"SMITH"},{"floor":27.0,"key":"REST"},{"data":"Noxious Fumes","floor":32,"key":"SMITH"},{"data":"Apotheosis","floor":40,"key":"SMITH"}],"neow_cost":"NONE","seed_source_timestamp":153316456811900,"circlet_count":0,"master_deck":["Strike_G","Strike_G","Strike_G","Defend_G","Defend_G","Defend_G","Defend_G","Defend_G","Survivor","Neutralize+1","Backflip","Mayhem+1","Noxious Fumes+1","Dodge and Roll","Backstab+1","PiercingWail","Glass Knife+1","Dash","Leg Sweep","Noxious Fumes+1","Dagger Spray+1","Noxious Fumes","Venomology","Escape Plan+1","Apotheosis+1","Noxious Fumes","Normality","Normality"],"special_seed":0,"relics":["Ring of the Snake"],"potions_floor_usage":[30,33,35,37,39,39,39,41],"damage_taken":[{"damage":0.0,"enemies":"Small Slimes","floor":1.0,"turns":4.0},{"damage":0.0,"enemies":"Cultist","floor":4.0,"turns":4.0},{"damage":0.0,"enemies":"2 Louse","floor":5.0,"turns":4.0},{"damage":9.0,"enemies":"Exordium Thugs","floor":6.0,"turns":6.0},{"damage":3.0,"enemies":"3 Louse","floor":8.0,"turns":3.0},{"damage":0.0,"enemies":"Blue Slaver","floor":11.0,"turns":4.0},{"damage":0.0,"enemies":"2 Fungi Beasts","floor":14.0,"turns":5.0},{"damage":16.0,"enemies":"Hexaghost","floor":16.0,"turns":13.0},{"damage":8.0,"enemies":"3 Byrds","floor":18.0,"turns":6.0},{"damage":22.0,"enemies":"Chosen","floor":19.0,"turns":6.0},{"damage":15.0,"enemies":"Snake Plant","floor":21.0,"turns":7.0},{"damage":0.0,"enemies":"3 Cultists","floor":24.0,"turns":5.0},{"damage":0.0,"enemies":"Shelled Parasite and Fungi","floor":25.0,"turns":5.0},{"damage":11.0,"enemies":"Snake Plant","floor":29.0,"turns":5.0},{"damage":11,"enemies":"Centurion and Healer","floor":30,"turns":6},{"damage":31,"enemies":"Automaton","floor":33,"turns":9},{"damage":10,"enemies":"3 Shapes","floor":35,"turns":6},{"damage":30,"enemies":"3 Darklings","floor":37,"turns":7},{"damage":32,"enemies":"Jaw Worm Horde","floor":39,"turns":6},{"damage":6,"enemies":"Sphere and 2 Shapes","floor":41,"turns":3}],"seed_played":"8098586990305017949","potions_obtained":[{"floor":4.0,"key":"Poison Potion"},{"floor":5.0,"key":"SpeedPotion"},{"floor":6.0,"key":"Poison Potion"},{"floor":18.0,"key":"SpeedPotion"},{"floor":29.0,"key":"EssenceOfSteel"},{"floor":33,"key":"Swift Potion"},{"floor":37,"key":"Dexterity Potion"}],"is_trial":false,"path_per_floor":["M","?","$","M","M","M","R","M","T","R","M","R","?","M","R","B",null,"M","M","?","M","$","R","M","M","T","R","$","M","M","?","R","B",null,"M","$","M","?","M","R","M"],"character_chosen":"THE_SILENT","items_purchased":["Mayhem","Leg Sweep","Noxious Fumes","Noxious Fumes","Apotheosis","Noxious Fumes"],"campfire_rested":1,"item_purchase_floors":[3,22,22,28,36,36],"current_hp_per_floor":[77,70,70,70,70,61,61,58,58,58,58,58,47,47,47,31,77,69,47,47,32,32,32,32,32,32,55,55,44,33,33,33,2,77,67,67,37,37,5,5,0],"gold":1095,"neow_bonus":"TEN_PERCENT_HP_BONUS","is_prod":false,"is_daily":false,"chose_seed":false,"campfire_upgraded":7,"win_rate":0.0,"timestamp":1569922320,"path_taken":["M","?","$","M","M","M","R","M","T","R","?","R","?","M","R","BOSS","M","M","?","M","$","R","M","M","T","R","$","?","M","?","R","BOSS","M","$","M","?","M","R","M"],"build_version":"2019-07-17","purchased_purges":2,"victory":false,"max_hp_per_floor":[77,77,77,77,77,77,77,77,77,77,77,77,77,77,77,77,77,77,77,77,77,77,77,77,77,77,77,77,77,77,77,77,77,77,77,77,77,77,77,77,77],"card_choices":[{"not_picked":["Dagger Throw","Acrobatics"],"picked":"Backflip","floor":1.0},{"not_picked":["Deadly Poison","Choke"],"picked":"Noxious Fumes","floor":4.0},{"not_picked":["Outmaneuver","Dagger Throw"],"picked":"Dodge and Roll","floor":5.0},{"not_picked":["Slice","Underhanded Strike"],"picked":"Backstab","floor":6.0},{"not_picked":["Dagger Throw","Finisher","Acrobatics"],"picked":"SKIP","floor":8.0},{"not_picked":["Riddle With Holes","Sucker Punch"],"picked":"PiercingWail","floor":11.0},{"not_picked":["Quick Slash","Blade Dance","PiercingWail"],"picked":"SKIP","floor":14.0},{"not_picked":["Unload","Tools of the Trade"],"picked":"Glass Knife","floor":16.0},{"not_picked":["Dagger Throw","Underhanded Strike","Prepared"],"picked":"SKIP","floor":18.0},{"not_picked":["All Out Attack","Dagger Throw","After Image"],"picked":"SKIP","floor":19.0},{"not_picked":["Flying Knee+1","Quick Slash"],"picked":"Dash","floor":21.0},{"not_picked":["Endless Agony","Underhanded Strike"],"picked":"Dagger Spray+1","floor":24.0},{"not_picked":["Reflex","Acrobatics","Heel Hook"],"picked":"SKIP","floor":25.0},{"not_picked":["Slice","Dagger Throw","Acrobatics"],"picked":"SKIP","floor":29.0},{"not_picked":["Blade Dance","Prepared","Riddle With Holes"],"picked":"SKIP","floor":30},{"not_picked":["Phantasmal Killer","Envenom"],"picked":"Venomology","floor":33},{"not_picked":["Slice+1","Dagger Spray+1"],"picked":"Escape Plan+1","floor":35},{"not_picked":["Flying Knee","Outmaneuver","Acrobatics"],"picked":"SKIP","floor":37},{"not_picked":["Quick Slash","Poisoned Stab","Underhanded Strike"],"picked":"SKIP","floor":39}],"player_experience":2310,"relics_obtained":[],"event_choices":[{"damage_healed":0.0,"max_hp_gain":0.0,"max_hp_loss":0.0,"gold_gain":75.0,"event_name":"FaceTrader","player_choice":"Touch","floor":2.0,"gold_loss":0.0,"damage_taken":7.0},{"damage_healed":0.0,"max_hp_gain":0.0,"max_hp_loss":0.0,"gold_gain":75.0,"event_name":"World of Goop","player_choice":"Gather Gold","floor":13.0,"gold_loss":0.0,"damage_taken":11.0},{"damage_healed":0.0,"max_hp_gain":0.0,"max_hp_loss":0.0,"gold_gain":200.0,"event_name":"Wheel of Change","player_choice":"Gold","floor":20.0,"gold_loss":0.0,"damage_taken":0.0},{"damage_healed":0,"gold_gain":0,"player_choice":"Ignored","damage_taken":0,"max_hp_gain":0,"max_hp_loss":0,"event_name":"The Mausoleum","floor":31,"gold_loss":0},{"damage_healed":0,"gold_gain":999,"player_choice":"Gold","damage_taken":0,"max_hp_gain":0,"max_hp_loss":0,"event_name":"MindBloom","floor":38,"gold_loss":0,"cards_obtained":["Normality","Normality"]}],"is_beta":false,"boss_relics":[{"not_picked":["HoveringKite","Fusion Hammer","Empty Cage"]},{"not_picked":["HoveringKite","Fusion Hammer","Empty Cage"]}],"items_purged_floors":[22,28],"is_endless":false,"potions_floor_spawned":[4,5,6,18,25,29,33,37],"killed_by":"Sphere and 2 Shapes","ascension_level":0}