{"gold_per_floor":[119,135,151,151,30,30,64,64,88,103,123,154,38,57,57,157,157,169,169,23,23,37,66,165,165,165,176,192,227,227,242,242,339,339,356,6,6,21,21,49,61,87,123,190,231,243,274,318,330,342,354,366,4,34,34],"floor_reached":56,"playtime":3861,"items_purged":["Strike_G","Strike_G","Strike_G"],"score":1749,"play_id":"c0b24b46-e24a-49a4-9a48-344d675149f6","local_time":"20190827010013","is_ascension_mode":true,"campfire_choices":[{"data":"Deadly Poison","floor":6.0,"key":"SMITH"},{"data":"Dagger Spray","floor":8.0,"key":"SMITH"},{"data":"Neutralize","floor":15.0,"key":"SMITH"},{"data":"Noxious Fumes","floor":25,"key":"SMITH"},{"data":"Well Laid Plans","floor":30,"key":"SMITH"},{"data":"Footwork","floor":32,"key":"SMITH"},{"data":"Leg Sweep","floor":41,"key":"SMITH"},{"floor":49,"key":"RECALL"},{"data":"After Image","floor":52,"key":"SMITH"}],"neow_cost":"NONE","seed_source_timestamp":0,"circlet_count":0,"master_deck":["Strike_G","Strike_G","Defend_G","Defend_G","Defend_G","Defend_G","Survivor","Neutralize+1","Flechettes","Well Laid Plans+1","Footwork+1","Deadly Poison+1","Dagger Spray+1","Cloak And Dagger","PiercingWail","After Image","PiercingWail+1","Noxious Fumes+1","Dash+1","Backflip+1","Leg Sweep+1","Deadly Poison+1","Backflip+1","After Image+1","Deflect+1","Acrobatics+1","Blade Dance+1","After Image+1"],"special_seed":0,"relics":["Ring of the Snake","Anchor","Blood Vial","Bag of Preparation","The Courier","Bronze Scales","Cursed Key","Matryoshka","Pear","Omamori","Black Star","Mercury Hourglass","MawBank","Pen Nib","Bag of Marbles","Nunchaku","Strawberry","Lantern","Calipers","Thread and Needle","DollysMirror","Oddly Smooth Stone","War Paint","Letter Opener"],"potions_floor_usage":[28,48,55,55,55],"damage_taken":[{"damage":0.0,"enemies":"Small Slimes","floor":1.0,"turns":4.0},{"damage":4.0,"enemies":"Cultist","floor":2.0,"turns":5.0},{"damage":0.0,"enemies":"2 Louse","floor":3.0,"turns":2.0},{"damage":10.0,"enemies":"Gremlin Nob","floor":7.0,"turns":4.0},{"damage":0.0,"enemies":"Exordium Wildlife","floor":10.0,"turns":3.0},{"damage":0.0,"enemies":"Large Slime","floor":11.0,"turns":4.0},{"damage":0.0,"enemies":"Lagavulin","floor":12.0,"turns":8.0},{"damage":0.0,"enemies":"2 Fungi Beasts","floor":14.0,"turns":2.0},{"damage":10.0,"enemies":"Hexaghost","floor":16.0,"turns":8.0},{"damage":0,"enemies":"3 Byrds","floor":18,"turns":3},{"damage":0,"enemies":"2 Thieves","floor":22,"turns":4},{"damage":16,"enemies":"Book of Stabbing","floor":23,"turns":7},{"damage":1,"enemies":"Snecko","floor":27,"turns":4},{"damage":1,"enemies":"3 Cultists","floor":28,"turns":5},{"damage":0,"enemies":"Gremlin Leader","floor":29,"turns":8},{"damage":13,"enemies":"Snake Plant","floor":31,"turns":4},{"damage":10,"enemies":"Collector","floor":33,"turns":9},{"damage":5,"enemies":"3 Darklings","floor":35,"turns":7},{"damage":0,"enemies":"3 Shapes","floor":38,"turns":4},{"damage":8,"enemies":"Giant Head","floor":40,"turns":11},{"damage":7,"enemies":"Transient","floor":42,"turns":5},{"damage":14,"enemies":"2 Orb Walkers","floor":44,"turns":6},{"damage":0,"enemies":"Nemesis","floor":45,"turns":7},{"damage":0,"enemies":"Spire Growth","floor":47,"turns":6},{"damage":6,"enemies":"Giant Head","floor":48,"turns":9},{"damage":25,"enemies":"Awakened One","floor":50,"turns":15},{"damage":3,"enemies":"Shield and Spear","floor":54,"turns":9},{"damage":19,"enemies":"The Heart","floor":55,"turns":11}],"seed_played":"-4217787002885876746","potions_obtained":[{"floor":1.0,"key":"LiquidBronze"},{"floor":3.0,"key":"FearPotion"},{"floor":7.0,"key":"GamblersBrew"},{"floor":10.0,"key":"AttackPotion"},{"floor":23,"key":"SteroidPotion"},{"floor":27,"key":"Fire Potion"},{"floor":42,"key":"Fire Potion"},{"floor":54,"key":"Energy Potion"}],"is_trial":false,"path_per_floor":["M","M","M","?","$","R","E","R","T","M","M","E","$","M","R","B",null,"M","?","$","?","M","E","?","R","T","M","M","E","R","M","R","B",null,"M","$","?","M","$","E","R","M","T","?","E","?","M","E","R","B",null,"R","$","E","B",null],"character_chosen":"THE_SILENT","items_purchased":["Deadly Poison","Bronze Scales","Noxious Fumes","Mercury Hourglass","Swift Potion","Deflect","DollysMirror","Oddly Smooth Stone","Dexterity Potion","LiquidBronze"],"campfire_rested":0,"item_purchase_floors":[5,13,20,36,36,36,53,53,53,53],"current_hp_per_floor":[63,59,59,70,70,70,60,60,60,62,64,66,66,68,68,60,68,70,70,70,70,70,64,64,64,64,65,66,68,68,57,57,49,72,69,69,69,71,71,65,65,60,60,48,57,79,81,77,77,54,79,79,79,78,61],"gold":34,"neow_bonus":"RANDOM_COMMON_RELIC","is_prod":false,"is_daily":false,"chose_seed":false,"campfire_upgraded":8,"win_rate":0,"timestamp":1566864013,"path_taken":["M","M","M","?","$","R","E","R","T","?","M","E","?","M","R","BOSS","M","?","?","?","?","E","?","R","T","M","M","E","R","M","R","BOSS","M","$","?","M","?","E","R","M","T","?","E","?","M","E","R","BOSS","R","$","E","BOSS"],"build_version":"2019-07-17","purchased_purges":3,"victory":true,"max_hp_per_floor":[70,70,70,70,70,70,70,70,70,70,70,70,70,70,70,70,70,70,70,70,70,70,80,80,80,80,80,80,80,80,80,80,80,80,80,80,80,80,80,80,80,80,80,80,87,87,87,87,87,87,87,87,87,87,87],"card_choices":[{"not_picked":["Accuracy","Cloak And Dagger"],"picked":"Flechettes","floor":1.0},{"not_picked":["Bouncing Flask","Flechettes"],"picked":"Well Laid Plans","floor":2.0},{"not_picked":["Sucker Punch","Blur"],"picked":"Footwork","floor":3.0},{"not_picked":["Tactician","Blade Dance"],"picked":"Dagger Spray","floor":7.0},{"not_picked":["Deflect","Acrobatics"],"picked":"Cloak And Dagger","floor":10.0},{"not_picked":["Riddle With Holes","Acrobatics"],"picked":"PiercingWail","floor":11.0},{"not_picked":["Bane","Terror","Flying Knee"],"picked":"SKIP","floor":12.0},{"not_picked":["Quick Slash","Bane","Slice"],"picked":"SKIP","floor":14.0},{"not_picked":["Adrenaline","Malaise"],"picked":"After Image","floor":16.0},{"not_picked":["Accuracy","Eviscerate"],"picked":"PiercingWail+1","floor":18},{"not_picked":["Bane+1","Distraction"],"picked":"Dash+1","floor":22},{"not_picked":["Noxious Fumes+1","Tactician"],"picked":"Backflip+1","floor":23},{"not_picked":["Blade Dance","PiercingWail","Slice"],"picked":"SKIP","floor":27},{"not_picked":["Outmaneuver","Slice"],"picked":"Leg Sweep","floor":28},{"not_picked":["Dagger Throw","Accuracy+1"],"picked":"Deadly Poison+1","floor":29},{"not_picked":["Deadly Poison+1","Concentrate+1"],"picked":"Backflip","floor":31},{"not_picked":["Envenom","Grand Finale"],"picked":"After Image","floor":33},{"not_picked":["Endless Agony+1","Masterful Stab+1","Riddle With Holes"],"picked":"SKIP","floor":35},{"not_picked":["Setup","Underhanded Strike","Outmaneuver"],"picked":"SKIP","floor":38},{"not_picked":["Deadly Poison","Choke"],"picked":"Acrobatics+1","floor":40},{"not_picked":["Dodge and Roll","Reflex","Slice"],"picked":"SKIP","floor":42},{"not_picked":["Sucker Punch","After Image"],"picked":"Blade Dance+1","floor":44},{"not_picked":["Flechettes+1","Masterful Stab","Dagger Throw"],"picked":"SKIP","floor":45},{"not_picked":["Acrobatics","Reflex+1","Backflip"],"picked":"SKIP","floor":47},{"not_picked":["Poisoned Stab","Bane","Dash"],"picked":"SKIP","floor":48},{"not_picked":["Grand Finale","Underhanded Strike","Dagger Spray"],"picked":"SKIP","floor":54}],"player_experience":1873610,"relics_obtained":[{"floor":7.0,"key":"Blood Vial"},{"floor":9.0,"key":"Bag of Preparation"},{"floor":12.0,"key":"The Courier"},{"floor":23,"key":"Pear"},{"floor":29,"key":"Omamori"},{"floor":40,"key":"MawBank"},{"floor":40,"key":"Pen Nib"},{"floor":43,"key":"Bag of Marbles"},{"floor":44,"key":"Nunchaku"},{"floor":45,"key":"Strawberry"},{"floor":45,"key":"Lantern"},{"floor":48,"key":"Calipers"},{"floor":48,"key":"Thread and Needle"},{"floor":54,"key":"War Paint"},{"floor":54,"key":"Letter Opener"}],"event_choices":[{"damage_healed":11.0,"max_hp_gain":0.0,"max_hp_loss":0.0,"gold_gain":0.0,"event_name":"Wheel of Change","player_choice":"Full Heal","floor":4.0,"gold_loss":0.0,"damage_taken":0.0},{"damage_healed":0,"gold_gain":0,"player_choice":"Gave Potion","damage_taken":0,"relics_obtained":["Matryoshka"],"max_hp_gain":0,"max_hp_loss":0,"event_name":"WeMeetAgain","floor":19,"gold_loss":0},{"damage_healed":0,"gold_gain":0,"player_choice":"Ignored","damage_taken":0,"max_hp_gain":0,"max_hp_loss":0,"event_name":"Ghosts","floor":21,"gold_loss":0},{"damage_healed":0,"gold_gain":99,"player_choice":"Stole From Cult","damage_taken":0,"max_hp_gain":0,"max_hp_loss":0,"event_name":"Nest","floor":24,"gold_loss":0},{"cards_removed":["Defend_G"],"damage_healed":0,"gold_gain":0,"player_choice":"Purged","damage_taken":0,"max_hp_gain":0,"max_hp_loss":0,"event_name":"Purifier","floor":37,"gold_loss":0},{"damage_healed":0,"gold_gain":0,"player_choice":"Fight","damage_taken":0,"max_hp_gain":0,"max_hp_loss":0,"event_name":"Mysterious Sphere","floor":44,"gold_loss":0},{"damage_healed":22,"gold_gain":0,"player_choice":"Writhe","damage_taken":0,"max_hp_gain":0,"max_hp_loss":0,"event_name":"Winding Halls","floor":46,"gold_loss":0,"cards_obtained":["Writhe"]}],"is_beta":false,"boss_relics":[{"not_picked":["Coffee Dripper","White Beast Statue"],"picked":"Cursed Key"},{"not_picked":["Velvet Choker","Tiny House"],"picked":"Black Star"}],"items_purged_floors":[5,20,36],"is_endless":false,"potions_floor_spawned":[1,3,7,10,23,27,42,45,47,54],"ascension_level":8}