{"gold_per_floor":[12,12,30,30,30,57,73,86,86,86,117,42,42,67,67,167,167,187,187,187,19,19,51,51,86,86,96,111,136,149,165,165,268,298,315,86,96,106,119,148,148,158,158,177,27,27,27,27,27,27],"floor_reached":51,"playtime":4438,"items_purged":["Strike_G","Strike_G","Writhe","Venomology"],"score":1198,"play_id":"73add9c9-643b-46fa-ac25-1ea329de9fdf","local_time":"20191023191712","is_ascension_mode":true,"campfire_choices":[{"data":"Well Laid Plans","floor":10.0,"key":"SMITH"},{"data":"Neutralize","floor":13.0,"key":"SMITH"},{"data":"Dash","floor":15.0,"key":"SMITH"},{"data":"Bouncing Flask","floor":24.0,"key":"SMITH"},{"data":"Catalyst","floor":32.0,"key":"SMITH"},{"floor":49,"key":"REST"}],"neow_cost":"NO_GOLD","seed_source_timestamp":902117128344200,"circlet_count":0,"master_deck":["AscendersBane","Defend_G+1","Defend_G+1","Defend_G+1","Defend_G+1","Defend_G+1","Survivor+1","Neutralize+1","Bullet Time+1","Deadly Poison+1","Dash+1","Well Laid Plans+1","Leg Sweep+1","Choke+1","Cloak And Dagger+1","PiercingWail+1","Adrenaline+1","Bouncing Flask+1","Catalyst+1","Blade Dance+1","Backflip+1","Catalyst+1","Backflip+1","Catalyst+1","Dodge and Roll+1","Crippling Poison+1","Burst+1","Deflect+1","Footwork+1","Deadly Poison+1","Glass Knife+1","Blur+1","Madness+1"],"special_seed":0,"relics":["Ring of the Snake","Snake Skull","Meat on the Bone","Frozen Egg 2","Mango","Paper Crane","Sozu","Centennial Puzzle","Regal Pillow","Omamori","Vajra","Calling Bell","Tiny Chest","Sundial","Incense Burner","Bag of Marbles","Dodecahedron","Mark of the Bloom"],"potions_floor_usage":[47,50],"damage_taken":[{"damage":0.0,"enemies":"Small Slimes","floor":1.0,"turns":5.0},{"damage":2.0,"enemies":"2 Louse","floor":3.0,"turns":3.0},{"damage":36.0,"enemies":"Gremlin Nob","floor":6.0,"turns":5.0},{"damage":0.0,"enemies":"Jaw Worm","floor":7.0,"turns":5.0},{"damage":0.0,"enemies":"2 Fungi Beasts","floor":8.0,"turns":5.0},{"damage":6.0,"enemies":"Lagavulin","floor":11.0,"turns":7.0},{"damage":16.0,"enemies":"3 Sentries","floor":14.0,"turns":12.0},{"damage":15.0,"enemies":"Slime Boss","floor":16.0,"turns":20.0},{"damage":0.0,"enemies":"Shell Parasite","floor":18.0,"turns":6.0},{"damage":1.0,"enemies":"Book of Stabbing","floor":23.0,"turns":6.0},{"damage":6.0,"enemies":"Gremlin Leader","floor":25.0,"turns":5.0},{"damage":0.0,"enemies":"3 Byrds","floor":27.0,"turns":4.0},{"damage":5.0,"enemies":"Centurion and Healer","floor":28.0,"turns":10.0},{"damage":0.0,"enemies":"Book of Stabbing","floor":29.0,"turns":5.0},{"damage":0.0,"enemies":"Snake Plant","floor":30.0,"turns":2.0},{"damage":0.0,"enemies":"Snecko","floor":31.0,"turns":4.0},{"damage":1.0,"enemies":"Champ","floor":33.0,"turns":5.0},{"damage":0.0,"enemies":"3 Shapes","floor":35.0,"turns":5.0},{"damage":0.0,"enemies":"Orb Walker","floor":37.0,"turns":4.0},{"damage":5.0,"enemies":"Sphere and 2 Shapes","floor":38.0,"turns":5.0},{"damage":9.0,"enemies":"4 Shapes","floor":39.0,"turns":6.0},{"damage":0,"enemies":"Nemesis","floor":40,"turns":5},{"damage":3,"enemies":"Jaw Worm Horde","floor":42,"turns":5},{"damage":12,"enemies":"Writhing Mass","floor":44,"turns":5},{"damage":0,"enemies":"Maw","floor":47,"turns":4},{"damage":15,"enemies":"Awakened One","floor":50,"turns":15}],"seed_played":"-5379091541139441228","potions_obtained":[{"floor":8.0,"key":"Strength Potion"},{"floor":14.0,"key":"Fire Potion"},{"floor":16.0,"key":"SmokeBomb"}],"is_trial":false,"path_per_floor":["M","?","M","?","?","E","M","M","T","R","E","$","R","E","R","B",null,"M","?","?","$","?","E","R","E","T","M","M","E","M","M","R","B",null,"M","$","M","M","M","E","$","M","T","M","$","?","M","?","R","B",null],"character_chosen":"THE_SILENT","items_purchased":["Catalyst","Deflect","Footwork+1"],"campfire_rested":1,"item_purchase_floors":[21,36,36],"current_hp_per_floor":[63,63,61,61,58,22,34,46,46,46,54,54,54,50,50,47,75,75,59,59,59,59,58,58,52,52,52,47,47,47,47,47,46,78,78,78,78,73,64,64,64,61,61,49,49,49,49,49,49,34],"gold":27,"neow_bonus":"THREE_RARE_CARDS","is_prod":false,"is_daily":false,"chose_seed":false,"campfire_upgraded":5,"win_rate":0,"timestamp":1571851032,"path_taken":["M","?","M","?","?","E","M","M","T","R","E","$","R","E","R","BOSS","M","?","?","$","?","E","R","E","T","M","?","E","M","M","R","BOSS","M","$","M","M","M","E","$","M","T","?","?","?","M","?","R","BOSS"],"build_version":"2019-07-17","purchased_purges":4,"victory":true,"max_hp_per_floor":[70,70,70,70,70,70,70,70,70,70,84,84,84,84,84,84,84,84,89,89,89,89,89,89,89,89,89,89,89,89,89,89,89,89,89,89,89,89,89,89,89,89,89,89,89,89,89,89,89,89],"card_choices":[{"not_picked":["Doppelganger","A Thousand Cuts"],"picked":"Bullet Time","floor":0.0},{"not_picked":["Flying Knee","Underhanded Strike"],"picked":"Deadly Poison","floor":1.0},{"not_picked":["Deadly Poison","Cloak And Dagger"],"picked":"Dash","floor":3.0},{"not_picked":["Footwork","Skewer"],"picked":"Well Laid Plans","floor":6.0},{"not_picked":["Sucker Punch","Blade Dance"],"picked":"Leg Sweep","floor":7.0},{"not_picked":["Backflip","Outmaneuver"],"picked":"Choke","floor":8.0},{"not_picked":["Flechettes","Flying Knee"],"picked":"Cloak And Dagger","floor":11.0},{"not_picked":["Endless Agony","Poisoned Stab"],"picked":"PiercingWail","floor":14.0},{"not_picked":["Storm of Steel","Envenom+1"],"picked":"Adrenaline","floor":16.0},{"not_picked":["Caltrops+1","Dagger Throw"],"picked":"Bouncing Flask","floor":18.0},{"not_picked":["Quick Slash","Acrobatics"],"picked":"Backflip","floor":23.0},{"not_picked":["Venomology","Distraction","Deadly Poison"],"picked":"SKIP","floor":25.0},{"not_picked":["Bane","Flying Knee+1"],"picked":"Catalyst","floor":27.0},{"not_picked":["Flechettes+1","Deadly Poison"],"picked":"Backflip","floor":28.0},{"not_picked":["Slice","Dagger Spray"],"picked":"Catalyst","floor":29.0},{"not_picked":["Accuracy+1","Dagger Throw"],"picked":"Dodge and Roll","floor":30.0},{"not_picked":["Dodge and Roll","Cloak And Dagger"],"picked":"Crippling Poison+1","floor":31.0},{"not_picked":["Doppelganger","Grand Finale"],"picked":"Burst","floor":33.0},{"not_picked":["Caltrops+1","Blade Dance","Masterful Stab"],"picked":"SKIP","floor":35.0},{"not_picked":["Flying Knee","Poisoned Stab+1"],"picked":"Deadly Poison+1","floor":37.0},{"not_picked":["Dagger Spray","Flying Knee+1","Sucker Punch+1"],"picked":"SKIP","floor":38.0},{"not_picked":["Eviscerate+1","Distraction"],"picked":"Glass Knife","floor":39.0},{"not_picked":["Flechettes+1","Reflex+1"],"picked":"Blur+1","floor":40},{"not_picked":["Outmaneuver+1","Slice+1","Poisoned Stab+1"],"picked":"SKIP","floor":42},{"not_picked":["Well Laid Plans+1","Masterful Stab","Setup+1"],"picked":"SKIP","floor":44},{"not_picked":["Impatience","Blind"],"picked":"Madness","floor":46}],"player_experience":318198,"relics_obtained":[{"floor":6.0,"key":"Meat on the Bone"},{"floor":9.0,"key":"Frozen Egg 2"},{"floor":11.0,"key":"Mango"},{"floor":14.0,"key":"Paper Crane"},{"floor":23.0,"key":"Centennial Puzzle"},{"floor":25.0,"key":"Regal Pillow"},{"floor":26.0,"key":"Omamori"},{"floor":29.0,"key":"Vajra"},{"floor":34.0,"key":"Tiny Chest"},{"floor":34.0,"key":"Sundial"},{"floor":34.0,"key":"Incense Burner"},{"floor":40,"key":"Bag of Marbles"},{"floor":43,"key":"Dodecahedron"}],"event_choices":[{"cards_removed":["Strike_G"],"damage_healed":0.0,"max_hp_gain":0.0,"max_hp_loss":0.0,"gold_gain":0.0,"event_name":"Living Wall","player_choice":"Forget","floor":2.0,"gold_loss":0.0,"damage_taken":0.0},{"damage_healed":0.0,"max_hp_gain":0.0,"max_hp_loss":0.0,"gold_gain":0.0,"event_name":"Liars Game","player_choice":"Ignored","floor":4.0,"gold_loss":0.0,"damage_taken":0.0},{"damage_healed":0.0,"max_hp_gain":0.0,"max_hp_loss":0.0,"gold_gain":0.0,"event_name":"Scrap Ooze","player_choice":"Success","floor":5.0,"gold_loss":0.0,"damage_taken":3.0,"relics_obtained":["Snake Skull"]},{"damage_healed":0.0,"max_hp_gain":5.0,"max_hp_loss":0.0,"gold_gain":0.0,"event_name":"Forgotten Altar","player_choice":"Shed Blood","floor":19.0,"gold_loss":0.0,"damage_taken":21.0},{"damage_healed":0.0,"max_hp_gain":0.0,"max_hp_loss":0.0,"gold_gain":0.0,"event_name":"Ghosts","player_choice":"Ignored","floor":20.0,"gold_loss":0.0,"damage_taken":0.0},{"damage_healed":0.0,"max_hp_gain":0.0,"max_hp_loss":0.0,"gold_gain":0.0,"cards_transformed":["Strike_G","Strike_G"],"event_name":"Drug Dealer","player_choice":"Became Test Subject","floor":22.0,"gold_loss":0.0,"damage_taken":0.0,"cards_obtained":["Venomology","Blade Dance"]},{"damage_healed":0,"gold_gain":0,"player_choice":"Memory 1","damage_taken":0,"max_hp_gain":0,"max_hp_loss":0,"event_name":"SensoryStone","floor":46,"gold_loss":0},{"damage_healed":0,"gold_gain":0,"player_choice":"Upgrade","damage_taken":0,"relics_obtained":["Mark of the Bloom"],"max_hp_gain":0,"max_hp_loss":0,"event_name":"MindBloom","floor":48,"gold_loss":0,"cards_upgraded":["Defend_G","Defend_G","Defend_G","Defend_G","Defend_G","Survivor","Bullet Time","Deadly Poison","Leg Sweep","Choke","Cloak And Dagger","PiercingWail","Adrenaline","Catalyst","Blade Dance","Backflip","Backflip","Catalyst","Dodge and Roll","Burst","Deflect","Glass Knife","Madness"]}],"is_beta":false,"boss_relics":[{"not_picked":["Busted Crown","Lizard Tail"],"picked":"Sozu"},{"not_picked":["Empty Cage","Orrery"],"picked":"Calling Bell"}],"items_purged_floors":[12,21,36,45],"is_endless":false,"potions_floor_spawned":[8,14,16,18,23,27,29,37,40,42],"ascension_level":10}