{"gold_per_floor":[114,125,136,136,153,153,185,185,211,211,231,231,248,275,275,376,376,391,404,417,428,441,441,441,441,441,441],"floor_reached":27,"playtime":2152,"items_purged":[],"score":238,"play_id":"c3e5e8d2-d1e0-4f4a-aecc-6fc03e42fe9e","local_time":"20190914184144","is_ascension_mode":true,"campfire_choices":[{"floor":6,"key":"RECALL"},{"data":"Double Energy","floor":8,"key":"SMITH"},{"floor":12,"key":"REST"},{"data":"White Noise","floor":15,"key":"SMITH"},{"floor":23,"key":"REST"},{"floor":25,"key":"REST"}],"neow_cost":"NONE","seed_source_timestamp":207724281360200,"circlet_count":0,"master_deck":["Strike_B+1","Strike_B+1","Strike_B+1","Strike_B+1","Defend_B+1","Defend_B+1","Defend_B+1","Defend_B+1","Zap+1","Dualcast+1","White Noise+1","Cold Snap","Compile Driver","Genetic Algorithm","Double Energy+1","Melter","Hello World","Loop","Reboot","Loop+1","Leap","Redo","White Noise","Hologram"],"relics":["Cracked Core","Boot","Centennial Puzzle","Ornamental Fan","Black Star","Anchor"],"potions_floor_usage":[16,16,16,21,22,22],"damage_taken":[{"damage":0,"enemies":"Small Slimes","floor":1,"turns":2},{"damage":0,"enemies":"Cultist","floor":2,"turns":2},{"damage":8,"enemies":"Jaw Worm","floor":3,"turns":3},{"damage":8,"enemies":"Looter","floor":5,"turns":2},{"damage":6,"enemies":"Gremlin Nob","floor":7,"turns":3},{"damage":9,"enemies":"Exordium Thugs","floor":11,"turns":4},{"damage":0,"enemies":"Large Slime","floor":13,"turns":5},{"damage":23,"enemies":"3 Sentries","floor":14,"turns":8},{"damage":2,"enemies":"Hexaghost","floor":16,"turns":8},{"damage":9,"enemies":"Chosen","floor":18,"turns":5},{"damage":13,"enemies":"3 Byrds","floor":19,"turns":4},{"damage":12,"enemies":"Snecko","floor":20,"turns":6},{"damage":11,"enemies":"Snake Plant","floor":21,"turns":4},{"damage":26,"enemies":"Chosen and Byrds","floor":22,"turns":6},{"damage":51,"enemies":"Gremlin Leader","floor":27,"turns":6}],"seed_played":"3517340311877478917","potions_obtained":[{"floor":3,"key":"GamblersBrew"},{"floor":5,"key":"Fire Potion"},{"floor":11,"key":"Block Potion"},{"floor":14,"key":"FearPotion"},{"floor":16,"key":"Swift Potion"},{"floor":18,"key":"SkillPotion"},{"floor":20,"key":"Block Potion"},{"floor":21,"key":"Poison Potion"},{"floor":22,"key":"Ancient Potion"}],"is_trial":false,"path_per_floor":["M","M","M","?","M","R","E","R","T","?","M","R","M","E","R","B",null,"M","M","M","M","M","R","?","R","T","E"],"character_chosen":"DEFECT","items_purchased":[],"campfire_rested":3,"item_purchase_floors":[],"current_hp_per_floor":[75,75,67,52,44,44,38,38,38,38,29,51,51,28,28,26,75,66,53,41,30,4,26,26,48,48,0],"gold":441,"neow_bonus":"UPGRADE_CARD","is_prod":false,"is_daily":false,"chose_seed":false,"campfire_upgraded":2,"win_rate":1,"timestamp":1568511704,"path_taken":["M","M","M","?","M","R","E","R","T","?","M","R","?","E","R","BOSS","M","M","M","M","M","R","?","R","T","E"],"build_version":"2019-07-17","purchased_purges":0,"victory":false,"max_hp_per_floor":[75,75,75,75,75,75,75,75,75,75,75,75,75,75,75,75,75,75,75,75,75,75,75,75,75,75,75],"card_choices":[{"not_picked":["Steam","Ball Lightning"],"picked":"White Noise","floor":1},{"not_picked":["Streamline","Beam Cell"],"picked":"Cold Snap","floor":2},{"not_picked":["Consume","Undo"],"picked":"Compile Driver","floor":3},{"not_picked":["Echo Form","Stack"],"picked":"Genetic Algorithm","floor":5},{"not_picked":["Static Discharge","Lockon"],"picked":"Double Energy","floor":7},{"not_picked":["Stack","Sweeping Beam"],"picked":"Melter","floor":11},{"not_picked":["Heatsinks","Cold Snap"],"picked":"Hello World","floor":13},{"not_picked":["Steam","Conserve Battery"],"picked":"Loop","floor":14},{"not_picked":["Rainbow","Biased Cognition"],"picked":"Reboot","floor":16},{"not_picked":["Beam Cell+1","Go for the Eyes+1"],"picked":"Loop+1","floor":18},{"not_picked":["Cold Snap","Compile Driver"],"picked":"Leap","floor":19},{"not_picked":["Streamline","Rebound"],"picked":"Redo","floor":20},{"not_picked":["Rebound","Compile Driver"],"picked":"White Noise","floor":21},{"not_picked":["Rebound+1","Scrape"],"picked":"Hologram","floor":22}],"player_experience":54741,"relics_obtained":[{"floor":7,"key":"Boot"},{"floor":14,"key":"Ornamental Fan"},{"floor":26,"key":"Anchor"}],"event_choices":[{"damage_healed":0,"gold_gain":0,"player_choice":"Entered Light","damage_taken":15,"max_hp_gain":0,"max_hp_loss":0,"event_name":"Shining Light","floor":4,"gold_loss":0,"cards_upgraded":["Dualcast","Strike_B"]},{"damage_healed":0,"gold_gain":0,"player_choice":"Gave Potion","damage_taken":0,"relics_obtained":["Centennial Puzzle"],"max_hp_gain":0,"max_hp_loss":0,"event_name":"WeMeetAgain","floor":10,"gold_loss":0},{"damage_healed":0,"gold_gain":0,"player_choice":"Simplicity","damage_taken":0,"max_hp_gain":0,"max_hp_loss":0,"event_name":"Back to Basics","floor":24,"gold_loss":0,"cards_upgraded":["Strike_B","Strike_B","Strike_B","Defend_B","Defend_B","Defend_B","Defend_B"]}],"is_beta":false,"boss_relics":[{"not_picked":["FrozenCore","Runic Dome"],"picked":"Black Star"}],"items_purged_floors":[],"is_endless":false,"potions_floor_spawned":[3,5,11,14,16,18,20,21,22],"killed_by":"Gremlin Leader","ascension_level":1}