{"gold_per_floor":[118,131,131,131,131,151,184,184,184,184,204,7,7,36,36,134,134,150,170,44,44,44,74,74,74,97,97,108,140,160,173,173,271,271,287,304,317,277,102,130,144,158,158,168,197,211,221,232,232,232,232,232,53,53],"floor_reached":54,"playtime":3301,"items_purged":["Strike_G","Defend_G","Strike_G+1"],"score":801,"play_id":"e79d14e5-ac51-4eb7-bfc9-488a746ac390","local_time":"20190719215032","is_ascension_mode":false,"campfire_choices":[{"data":"Deadly Poison","floor":8,"key":"SMITH"},{"data":"Dash","floor":10,"key":"SMITH"},{"data":"Poisoned Stab","floor":13,"key":"SMITH"},{"data":"Dash","floor":15,"key":"SMITH"},{"data":"Calculated Gamble","floor":24,"key":"SMITH"},{"floor":32,"key":"REST"},{"floor":49,"key":"RECALL"},{"data":"Acrobatics","floor":52,"key":"SMITH"}],"neow_cost":"NONE","seed_source_timestamp":85814023989750,"circlet_count":0,"master_deck":["Defend_G+1","Defend_G","Defend_G","Defend_G","Survivor","Neutralize+1","Infinite Blades+1","Deadly Poison+1","Sucker Punch","Dash+1","Calculated Gamble+1","Poisoned Stab+1","Dash+1","Bullet Time","Dagger Spray+1","Footwork+1","RitualDagger","Cloak And Dagger","Blur","Deadly Poison+1","Venomology","PiercingWail","Catalyst+1","Backflip+1","Slice+1","Deflect+1","Footwork","Tactician+1","Flechettes+1","Outmaneuver+1","Backflip","Deflect+1","Acrobatics+1","Prepared+1","PiercingWail","Calculated Gamble","Acrobatics"],"relics":["Ring of the Snake","Blue Candle","Vajra","Orichalcum","Whetstone","Runic Pyramid","Prayer Wheel","Happy Flower","Potion Belt","Mercury Hourglass","Empty Cage","Ninja Scroll","Omamori"],"potions_floor_usage":[7,11,14,23,33,35,37,37,40,40,41,42,42,42,47,50,50],"damage_taken":[{"damage":0,"enemies":"2 Louse","floor":1,"turns":3},{"damage":0,"enemies":"Small Slimes","floor":2,"turns":4},{"damage":0,"enemies":"Cultist","floor":6,"turns":4},{"damage":13,"enemies":"3 Sentries","floor":7,"turns":15},{"damage":15,"enemies":"Exordium Thugs","floor":11,"turns":4},{"damage":7,"enemies":"Lagavulin","floor":14,"turns":6},{"damage":5,"enemies":"The Guardian","floor":16,"turns":9},{"damage":0,"enemies":"Spheric Guardian","floor":18,"turns":4},{"damage":0,"enemies":"Shell Parasite","floor":19,"turns":4},{"damage":9,"enemies":"Book of Stabbing","floor":23,"turns":4},{"damage":11,"enemies":"Shelled Parasite and Fungi","floor":28,"turns":6},{"damage":24,"enemies":"Slavers","floor":29,"turns":5},{"damage":1,"enemies":"Cultist and Chosen","floor":30,"turns":5},{"damage":9,"enemies":"Snake Plant","floor":31,"turns":4},{"damage":5,"enemies":"Champ","floor":33,"turns":13},{"damage":0,"enemies":"Orb Walker","floor":35,"turns":4},{"damage":0,"enemies":"3 Shapes","floor":36,"turns":5},{"damage":15,"enemies":"Spire Growth","floor":37,"turns":6},{"damage":0,"enemies":"Giant Head","floor":40,"turns":7},{"damage":0,"enemies":"Sphere and 2 Shapes","floor":41,"turns":5},{"damage":2,"enemies":"Jaw Worm Horde","floor":42,"turns":4},{"damage":0,"enemies":"3 Darklings","floor":44,"turns":6},{"damage":0,"enemies":"Reptomancer","floor":45,"turns":5},{"damage":0,"enemies":"4 Shapes","floor":46,"turns":5},{"damage":0,"enemies":"Writhing Mass","floor":47,"turns":5},{"damage":1,"enemies":"Maw","floor":48,"turns":8},{"damage":42,"enemies":"Donu and Deca","floor":50,"turns":17},{"damage":6,"enemies":"Shield and Spear","floor":54,"turns":2}],"seed_played":"7479016168381861707","potions_obtained":[{"floor":1,"key":"SkillPotion"},{"floor":6,"key":"EssenceOfSteel"},{"floor":11,"key":"Regen Potion"},{"floor":31,"key":"Block Potion"},{"floor":33,"key":"PowerPotion"},{"floor":35,"key":"Dexterity Potion"},{"floor":38,"key":"FairyPotion"},{"floor":38,"key":"Regen Potion"},{"floor":38,"key":"Fire Potion"},{"floor":40,"key":"Dexterity Potion"},{"floor":44,"key":"Fire Potion"},{"floor":45,"key":"Energy Potion"},{"floor":48,"key":"Strength Potion"}],"is_trial":false,"path_per_floor":["M","M","?","?","?","M","E","R","T","R","M","$","R","E","R","B",null,"M","M","$","?","?","E","R","?","T","?","M","E","M","M","R","B",null,"M","M","M","?","$","E","M","M","T","M","E","M","M","M","R","B",null,"R","$","E"],"character_chosen":"THE_SILENT","items_purchased":["Orichalcum","Poisoned Stab","Strength Potion","Footwork","Acrobatics"],"campfire_rested":1,"item_purchase_floors":[12,12,20,39,53],"current_hp_per_floor":[70,70,56,49,49,49,36,36,36,36,21,21,21,29,29,24,70,70,70,70,70,70,61,61,55,55,55,44,20,19,10,31,26,70,70,70,55,55,55,70,70,68,68,68,68,68,68,67,67,25,70,70,70,64],"gold":53,"neow_bonus":"UPGRADE_CARD","is_prod":false,"is_daily":false,"chose_seed":false,"campfire_upgraded":6,"win_rate":0,"timestamp":1563569432,"path_taken":["M","M","?","?","?","M","E","R","T","R","M","$","R","E","R","BOSS","M","M","$","?","?","E","R","?","T","?","M","E","M","M","R","BOSS","M","M","M","?","$","E","M","M","T","M","E","?","M","M","R","BOSS","R","$","E"],"build_version":"2019-07-17","purchased_purges":3,"victory":false,"max_hp_per_floor":[70,70,70,70,70,70,70,70,70,70,70,70,70,70,70,70,70,70,70,70,70,70,70,70,70,70,70,70,70,70,70,70,70,70,70,70,70,70,70,70,70,70,70,70,70,70,70,70,70,70,70,70,70,70],"card_choices":[{"not_picked":["Concentrate","Cloak And Dagger"],"picked":"Infinite Blades","floor":1},{"not_picked":["Flying Knee","Sucker Punch"],"picked":"Deadly Poison","floor":2},{"not_picked":["PiercingWail","Expertise"],"picked":"Sucker Punch","floor":6},{"not_picked":["Outmaneuver","Blade Dance"],"picked":"Dash","floor":7},{"not_picked":["Flechettes","Bane"],"picked":"Calculated Gamble","floor":11},{"not_picked":["Tools of the Trade","Crippling Poison"],"picked":"Dash","floor":14},{"not_picked":["Unload","Phantasmal Killer"],"picked":"Bullet Time","floor":16},{"not_picked":["Sucker Punch","Deflect+1"],"picked":"Dagger Spray+1","floor":18},{"not_picked":["Accuracy","Dagger Spray","Sucker Punch"],"picked":"SKIP","floor":19},{"not_picked":["Sucker Punch","Flying Knee+1"],"picked":"Footwork+1","floor":23},{"not_picked":["Dodge and Roll","Underhanded Strike"],"picked":"Cloak And Dagger","floor":28},{"not_picked":["Slice","Heel Hook","Die Die Die"],"picked":"SKIP","floor":28},{"not_picked":["Poisoned Stab","Bane"],"picked":"Blur","floor":29},{"not_picked":["All Out Attack","Flying Knee","Outmaneuver"],"picked":"SKIP","floor":30},{"not_picked":["Masterful Stab","Skewer","Flying Knee"],"picked":"SKIP","floor":30},{"not_picked":["Dagger Spray","Finisher"],"picked":"Deadly Poison+1","floor":31},{"not_picked":["Calculated Gamble+1","Dagger Spray","Prepared"],"picked":"SKIP","floor":31},{"not_picked":["Adrenaline","Night Terror"],"picked":"Venomology","floor":33},{"not_picked":["Leg Sweep","Expertise+1"],"picked":"PiercingWail","floor":35},{"not_picked":["Blade Dance","Catalyst+1","Deadly Poison"],"picked":"SKIP","floor":35},{"not_picked":["Blade Dance","Deadly Poison"],"picked":"Catalyst+1","floor":35},{"not_picked":["Footwork+1","Calculated Gamble"],"picked":"Backflip+1","floor":36},{"not_picked":["Cloak And Dagger","Blur","Skewer+1"],"picked":"SKIP","floor":36},{"not_picked":["Underhanded Strike","Masterful Stab+1"],"picked":"Slice+1","floor":37},{"not_picked":["Dagger Spray","Deadly Poison"],"picked":"Deflect+1","floor":37},{"not_picked":["Outmaneuver","Leg Sweep"],"picked":"Tactician+1","floor":40},{"not_picked":["A Thousand Cuts","PiercingWail"],"picked":"Flechettes+1","floor":41},{"not_picked":["Deadly Poison","Underhanded Strike","Accuracy"],"picked":"SKIP","floor":41},{"not_picked":["Dodge and Roll","Backstab+1"],"picked":"Outmaneuver+1","floor":42},{"not_picked":["Flechettes+1","Tactician+1","Grand Finale"],"picked":"SKIP","floor":42},{"not_picked":["Dodge and Roll","Expertise+1"],"picked":"Backflip","floor":44},{"not_picked":["Caltrops+1","Bane+1"],"picked":"Deflect+1","floor":44},{"not_picked":["Endless Agony+1","Blur","Setup+1"],"picked":"SKIP","floor":45},{"not_picked":["Blur","Prepared"],"picked":"Acrobatics","floor":46},{"not_picked":["Terror","Underhanded Strike"],"picked":"Prepared+1","floor":46},{"not_picked":["Bullet Time","Poisoned Stab+1","Cloak And Dagger+1"],"picked":"SKIP","floor":47},{"not_picked":["Underhanded Strike+1","Sucker Punch","Slice+1"],"picked":"SKIP","floor":47},{"not_picked":["Terror+1","Expertise+1"],"picked":"PiercingWail","floor":48},{"not_picked":["Dagger Spray+1","Leg Sweep+1"],"picked":"Calculated Gamble","floor":48}],"player_experience":1709612,"relics_obtained":[{"floor":7,"key":"Blue Candle"},{"floor":9,"key":"Vajra"},{"floor":14,"key":"Whetstone"},{"floor":23,"key":"Happy Flower"},{"floor":26,"key":"Potion Belt"},{"floor":29,"key":"Mercury Hourglass"},{"floor":40,"key":"Ninja Scroll"},{"floor":45,"key":"Omamori"}],"event_choices":[{"damage_healed":0,"gold_gain":0,"player_choice":"Entered Light","damage_taken":14,"max_hp_gain":0,"max_hp_loss":0,"event_name":"Shining Light","floor":3,"gold_loss":0,"cards_upgraded":["Defend_G","Infinite Blades"]},{"cards_removed":["Strike_G"],"damage_healed":0,"gold_gain":0,"player_choice":"Card Removal","damage_taken":7,"max_hp_gain":0,"max_hp_loss":0,"event_name":"Golden Wing","floor":4,"gold_loss":0},{"damage_healed":0,"gold_gain":0,"player_choice":"Ignored","damage_taken":0,"max_hp_gain":0,"max_hp_loss":0,"event_name":"Liars Game","floor":5,"gold_loss":0},{"damage_healed":0,"gold_gain":0,"player_choice":"Ignored","damage_taken":0,"max_hp_gain":0,"max_hp_loss":0,"event_name":"Ghosts","floor":21,"gold_loss":0},{"damage_healed":0,"gold_gain":0,"player_choice":"Opened","damage_taken":0,"relics_obtained":["Prayer Wheel"],"max_hp_gain":0,"max_hp_loss":0,"event_name":"The Mausoleum","floor":22,"gold_loss":0,"cards_obtained":["Writhe"]},{"damage_healed":0,"gold_gain":0,"player_choice":"Joined the Cult","damage_taken":6,"max_hp_gain":0,"max_hp_loss":0,"event_name":"Nest","floor":25,"gold_loss":0,"cards_obtained":["RitualDagger"]},{"cards_removed":["Strike_G"],"damage_healed":0,"gold_gain":0,"player_choice":"Elegance","damage_taken":0,"max_hp_gain":0,"max_hp_loss":0,"event_name":"Back to Basics","floor":27,"gold_loss":0},{"damage_healed":0,"gold_gain":0,"player_choice":"Bought 3 Potions","damage_taken":0,"max_hp_gain":0,"max_hp_loss":0,"event_name":"The Woman in Blue","floor":38,"gold_loss":0}],"is_beta":false,"boss_relics":[{"not_picked":["WristBlade","Philosopher\u0027s Stone"],"picked":"Runic Pyramid"},{"not_picked":["Snecko Eye","Velvet Choker"],"picked":"Empty Cage"}],"items_purged_floors":[20,39,53],"is_endless":false,"potions_floor_spawned":[1,6,11,31,33,35,40,44,45,46,48],"killed_by":"Shield and Spear","ascension_level":0}