{"gold_per_floor":[13,29,41,41,53,53,88,88,111,144,156,174,27,102,102,206,206,206,146,146,0,0,0,0,0,0,0,0,0,0,0,0,0,0,0,0,0,0,0,0,0,0,0,0,0,0,0,0,0,0,0,0,0,0,0],"floor_reached":56,"playtime":2426,"items_purged":["Strike_G","Strike_G"],"score":1550,"play_id":"20ed3e76-b2c0-4ce0-867f-56308adadc42","local_time":"20190913121741","is_ascension_mode":true,"campfire_choices":[{"data":"1","floor":6,"key":"LIFT"},{"data":"2","floor":8,"key":"LIFT"},{"data":"3","floor":15,"key":"LIFT"},{"floor":24,"key":"REST"},{"data":"Well Laid Plans","floor":29,"key":"SMITH"},{"data":"Footwork","floor":32,"key":"SMITH"},{"data":"Acrobatics","floor":41,"key":"SMITH"},{"floor":45,"key":"RECALL"},{"data":"Tactician","floor":49,"key":"SMITH"},{"floor":52,"key":"REST"}],"neow_cost":"NO_GOLD","seed_source_timestamp":62355162302800,"circlet_count":0,"master_deck":["Strike_G+1","Strike_G","Defend_G","Defend_G","Defend_G","Defend_G","Defend_G","Survivor","Neutralize+1","PiercingWail","Sucker Punch","Slice","Dagger Throw","Tactician+1","Dagger Throw","Cloak And Dagger","Well Laid Plans+1","Corpse Explosion","Footwork+1","Dagger Spray+1","Footwork+1","Dodge and Roll","Noxious Fumes+1","Deflect+1","Venomology","Night Terror","Acrobatics+1","Cloak And Dagger+1","Acrobatics+1","Calculated Gamble+1","Dagger Throw","Quick Slash+1"],"relics":["Ring of the Snake","Girya","Bronze Scales","Vajra","PreservedInsect","Ectoplasm","Omamori","Whetstone","MawBank","Calling Bell","Oddly Smooth Stone","Sundial","Tough Bandages","Toy Ornithopter","Toxic Egg 2","Letter Opener","Juzu Bracelet","TungstenRod","Mango"],"potions_floor_usage":[7,16,16,16,31,33,33,39,40,44,48,54,54,55,55],"damage_taken":[{"damage":0,"enemies":"2 Louse","floor":1,"turns":3},{"damage":0,"enemies":"Jaw Worm","floor":2,"turns":4},{"damage":0,"enemies":"Cultist","floor":3,"turns":5},{"damage":3,"enemies":"Gremlin Gang","floor":5,"turns":7},{"damage":8,"enemies":"3 Sentries","floor":7,"turns":8},{"damage":17,"enemies":"Lagavulin","floor":10,"turns":6},{"damage":0,"enemies":"2 Fungi Beasts","floor":11,"turns":2},{"damage":1,"enemies":"Blue Slaver","floor":12,"turns":3},{"damage":10,"enemies":"Slime Boss","floor":16,"turns":6},{"damage":0,"enemies":"3 Byrds","floor":18,"turns":2},{"damage":17,"enemies":"2 Thieves","floor":19,"turns":3},{"damage":6,"enemies":"Snecko","floor":20,"turns":4},{"damage":10,"enemies":"Snake Plant","floor":23,"turns":4},{"damage":1,"enemies":"Book of Stabbing","floor":28,"turns":4},{"damage":2,"enemies":"Centurion and Healer","floor":30,"turns":5},{"damage":0,"enemies":"Gremlin Leader","floor":31,"turns":4},{"damage":9,"enemies":"Collector","floor":33,"turns":9},{"damage":3,"enemies":"3 Darklings","floor":35,"turns":4},{"damage":0,"enemies":"Orb Walker","floor":37,"turns":4},{"damage":2,"enemies":"Transient","floor":39,"turns":5},{"damage":0,"enemies":"Reptomancer","floor":40,"turns":5},{"damage":0,"enemies":"Giant Head","floor":42,"turns":9},{"damage":0,"enemies":"Reptomancer","floor":44,"turns":6},{"damage":0,"enemies":"3 Darklings","floor":46,"turns":2},{"damage":0,"enemies":"Nemesis","floor":47,"turns":6},{"damage":4,"enemies":"Mind Bloom Boss Battle","floor":48,"turns":6},{"damage":0,"enemies":"Donu and Deca","floor":50,"turns":7},{"damage":15,"enemies":"Shield and Spear","floor":54,"turns":3},{"damage":53,"enemies":"The Heart","floor":55,"turns":12}],"seed_played":"-1350342840198791338","potions_obtained":[{"floor":1,"key":"SpeedPotion"},{"floor":5,"key":"Explosive Potion"},{"floor":10,"key":"Explosive Potion"},{"floor":12,"key":"Poison Potion"},{"floor":23,"key":"Dexterity Potion"},{"floor":30,"key":"Fire Potion"},{"floor":33,"key":"EssenceOfSteel"},{"floor":37,"key":"PowerPotion"},{"floor":42,"key":"Energy Potion"}],"is_trial":false,"path_per_floor":["M","M","M","?","M","R","E","R","T","E","M","M","$","?","R","B",null,"M","M","M","$","?","M","R","?","T","$","E","R","M","E","R","B",null,"M","$","M","?","M","E","R","E","T","E","R","M","E","?","R","B",null,"R","$","E","B",null],"character_chosen":"THE_SILENT","items_purchased":["Well Laid Plans","Dodge and Roll"],"campfire_rested":2,"item_purchase_floors":[13,21],"current_hp_per_floor":[70,70,70,70,67,67,59,59,59,42,42,41,41,30,30,20,70,70,53,47,47,47,37,58,58,58,58,57,57,55,55,55,46,70,67,67,67,66,64,64,64,64,64,66,66,66,66,62,62,62,66,66,66,65,33],"gold":0,"neow_bonus":"ONE_RARE_RELIC","is_prod":false,"is_daily":false,"chose_seed":false,"campfire_upgraded":4,"win_rate":0,"timestamp":1568373461,"path_taken":["M","M","M","?","M","R","E","R","T","E","M","M","$","?","R","BOSS","M","M","M","$","?","M","R","?","T","?","E","R","?","E","R","BOSS","M","?","?","?","M","E","R","E","T","E","R","M","E","?","R","BOSS","R","$","E","BOSS"],"build_version":"2019-09-12","purchased_purges":2,"victory":true,"max_hp_per_floor":[70,70,70,70,70,70,70,70,70,70,70,70,70,70,70,70,70,70,70,70,70,70,70,70,70,70,70,70,70,70,70,70,70,70,70,70,70,66,66,66,66,66,66,66,66,66,66,66,66,66,66,66,66,80,80],"card_choices":[{"not_picked":["Accuracy","Escape Plan"],"picked":"PiercingWail","floor":1},{"not_picked":["Setup","Backflip"],"picked":"Sucker Punch","floor":2},{"not_picked":["Dagger Throw","Tactician"],"picked":"Slice","floor":3},{"not_picked":["Quick Slash","Slice"],"picked":"Dagger Throw","floor":5},{"not_picked":["Grand Finale","Flying Knee"],"picked":"Tactician","floor":7},{"not_picked":["Dash","Escape Plan"],"picked":"Dagger Throw","floor":10},{"not_picked":["PiercingWail","Bane","Deflect"],"picked":"SKIP","floor":11},{"not_picked":["Deadly Poison","Reflex"],"picked":"Cloak And Dagger","floor":12},{"not_picked":["Venomology","Glass Knife"],"picked":"Corpse Explosion","floor":16},{"not_picked":["Heel Hook+1","Cloak And Dagger"],"picked":"Footwork+1","floor":18},{"not_picked":["Sucker Punch","Venomology"],"picked":"Dagger Spray","floor":19},{"not_picked":["Dagger Spray","Catalyst+1"],"picked":"Footwork","floor":20},{"not_picked":["Deadly Poison","Blur"],"picked":"Noxious Fumes+1","floor":23},{"not_picked":["Deadly Poison+1","Crippling Poison","Reflex"],"picked":"SKIP","floor":28},{"not_picked":["Dagger Throw+1","Dagger Spray"],"picked":"Deflect+1","floor":30},{"not_picked":["Endless Agony","Accuracy"],"picked":"Venomology","floor":31},{"not_picked":["Envenom","Glass Knife"],"picked":"Night Terror","floor":33},{"not_picked":["Predator","Bane+1","Eviscerate+1"],"picked":"SKIP","floor":35},{"not_picked":["All Out Attack+1","Crippling Poison","Masterful Stab"],"picked":"SKIP","floor":37},{"not_picked":["Deadly Poison","Quick Slash+1"],"picked":"Acrobatics","floor":39},{"not_picked":["Underhanded Strike+1","Sucker Punch","All Out Attack+1"],"picked":"SKIP","floor":40},{"not_picked":["Underhanded Strike+1","Eviscerate","Choke"],"picked":"SKIP","floor":42},{"not_picked":["Dash","After Image"],"picked":"Cloak And Dagger+1","floor":44},{"not_picked":["Deflect+1","Slice"],"picked":"Acrobatics+1","floor":46},{"not_picked":["Outmaneuver+1","Prepared+1"],"picked":"Calculated Gamble+1","floor":47},{"not_picked":["Masterful Stab+1","Flying Knee"],"picked":"Dagger Throw","floor":48},{"not_picked":["Well Laid Plans+1","Outmaneuver+1"],"picked":"Quick Slash+1","floor":54}],"player_experience":1465027,"relics_obtained":[{"floor":7,"key":"Bronze Scales"},{"floor":9,"key":"Vajra"},{"floor":10,"key":"PreservedInsect"},{"floor":26,"key":"Omamori"},{"floor":28,"key":"Whetstone"},{"floor":31,"key":"MawBank"},{"floor":34,"key":"Oddly Smooth Stone"},{"floor":34,"key":"Sundial"},{"floor":34,"key":"Tough Bandages"},{"floor":40,"key":"Toy Ornithopter"},{"floor":42,"key":"Toxic Egg 2"},{"floor":44,"key":"Letter Opener"},{"floor":47,"key":"Juzu Bracelet"},{"floor":48,"key":"TungstenRod"},{"floor":54,"key":"Mango"}],"event_choices":[{"damage_healed":0,"gold_gain":0,"player_choice":"Grow","damage_taken":0,"max_hp_gain":0,"max_hp_loss":0,"event_name":"Living Wall","floor":4,"gold_loss":0,"cards_upgraded":["Neutralize"]},{"damage_healed":0,"gold_gain":75,"player_choice":"Gather Gold","damage_taken":11,"max_hp_gain":0,"max_hp_loss":0,"event_name":"World of Goop","floor":14,"gold_loss":0},{"damage_healed":0,"gold_gain":0,"player_choice":"Ignored","damage_taken":0,"max_hp_gain":0,"max_hp_loss":0,"event_name":"Vampires","floor":22,"gold_loss":0},{"cards_removed":["Strike_G"],"damage_healed":0,"gold_gain":0,"player_choice":"Elegance","damage_taken":0,"max_hp_gain":0,"max_hp_loss":0,"event_name":"Back to Basics","floor":25,"gold_loss":0},{"damage_healed":0,"gold_gain":0,"player_choice":"Max HP","damage_taken":0,"max_hp_gain":0,"max_hp_loss":4,"event_name":"Winding Halls","floor":38,"gold_loss":0},{"damage_healed":0,"gold_gain":0,"player_choice":"Fight","damage_taken":0,"max_hp_gain":0,"max_hp_loss":0,"event_name":"MindBloom","floor":48,"gold_loss":0}],"is_beta":true,"boss_relics":[{"not_picked":["Pandora\u0027s Box","Tiny House"],"picked":"Ectoplasm"},{"not_picked":["Velvet Choker","Coffee Dripper"],"picked":"Calling Bell"}],"items_purged_floors":[13,21],"is_endless":false,"potions_floor_spawned":[1,5,10,12,23,30,33,37,39,42,46,47],"ascension_level":1}