{"gold_per_floor":[12,12,32,47,47,47,81,81,81,97,97,111,73,84,84,188,188,198,198,210,210,227,227,258,258,258,275,307,307,340,353,353,456,456,469,134,134],"floor_reached":37,"playtime":2123,"items_purged":[],"score":450,"play_id":"c78adc08-dd97-4d9e-8337-74a6fbaa509f","local_time":"20190920232845","is_ascension_mode":true,"campfire_choices":[{"data":"Zap","floor":6,"key":"SMITH"},{"data":"Redo","floor":8,"key":"SMITH"},{"data":"Dualcast","floor":11,"key":"SMITH"},{"data":"Defragment","floor":15,"key":"SMITH"},{"data":"Loop","floor":23,"key":"SMITH"},{"data":"Fusion","floor":25,"key":"SMITH"},{"floor":32,"key":"REST"}],"neow_cost":"NO_GOLD","seed_source_timestamp":361717569488300,"circlet_count":0,"master_deck":["Defend_B","Zap+1","Dualcast+1","Melter","Electrodynamics","Turbo","Reboot","Redo+1","Recycle","FTL","Streamline","Hologram","Defragment+1","All For One","Reboot","FTL","Fusion+1","BootSequence","Undo","Loop+1","Chaos","Conserve Battery+1","Storm+1","Steam","Fission","Static Discharge+1","Defragment"],"relics":["Cracked Core","Regal Pillow","Empty Cage","Red Mask","Pear","WingedGreaves","Anchor","Cursed Key","Ice Cream"],"potions_floor_usage":[16,16,28,30,30,33,33],"damage_taken":[{"damage":0,"enemies":"Small Slimes","floor":1,"turns":2},{"damage":0,"enemies":"2 Louse","floor":3,"turns":1},{"damage":0,"enemies":"Cultist","floor":4,"turns":2},{"damage":34,"enemies":"Gremlin Nob","floor":7,"turns":4},{"damage":0,"enemies":"Large Slime","floor":10,"turns":4},{"damage":0,"enemies":"Looter","floor":12,"turns":1},{"damage":0,"enemies":"2 Fungi Beasts","floor":14,"turns":2},{"damage":37,"enemies":"The Guardian","floor":16,"turns":6},{"damage":13,"enemies":"3 Byrds","floor":18,"turns":2},{"damage":2,"enemies":"Chosen","floor":20,"turns":2},{"damage":22,"enemies":"Snake Plant","floor":22,"turns":3},{"damage":0,"enemies":"Masked Bandits","floor":24,"turns":2},{"damage":0,"enemies":"Sentry and Sphere","floor":27,"turns":2},{"damage":17,"enemies":"Slavers","floor":28,"turns":3},{"damage":29,"enemies":"Book of Stabbing","floor":30,"turns":4},{"damage":0,"enemies":"Cultist and Chosen","floor":31,"turns":3},{"damage":67,"enemies":"Automaton","floor":33,"turns":7},{"damage":41,"enemies":"3 Darklings","floor":35,"turns":5},{"damage":68,"enemies":"2 Orb Walkers","floor":37,"turns":4}],"seed_played":"9192221468457323875","potions_obtained":[{"floor":3,"key":"EssenceOfSteel"},{"floor":5,"key":"Dexterity Potion"},{"floor":5,"key":"SpeedPotion"},{"floor":14,"key":"FairyPotion"},{"floor":18,"key":"SneckoOil"},{"floor":22,"key":"Fire Potion"},{"floor":28,"key":"AttackPotion"},{"floor":30,"key":"SkillPotion"},{"floor":31,"key":"Poison Potion"}],"is_trial":false,"path_per_floor":["M","?","M","M","?","R","E","R","T","M","R","M","$","M","R","B",null,"M","?","M","$","M","R","?","R","T","M","E","?","E","M","R","B",null,"M","$","?"],"character_chosen":"DEFECT","items_purchased":["Defragment","Ice Cream","Defragment"],"campfire_rested":1,"item_purchase_floors":[13,36,36],"current_hp_per_floor":[75,75,75,75,75,75,41,41,41,41,41,41,41,41,41,4,75,62,62,60,60,38,38,38,38,48,48,31,31,2,2,42,8,85,44,44,0],"gold":134,"neow_bonus":"TRANSFORM_TWO_CARDS","is_prod":false,"is_daily":false,"chose_seed":false,"campfire_upgraded":6,"win_rate":0,"timestamp":1569047325,"path_taken":["M","?","M","M","?","R","E","R","T","?","R","M","$","M","R","BOSS","M","?","M","$","M","R","?","R","T","M","E","?","E","M","R","BOSS","M","$","?"],"build_version":"2019-07-17","purchased_purges":0,"victory":false,"max_hp_per_floor":[75,75,75,75,75,75,75,75,75,75,75,75,75,75,75,75,75,75,75,75,75,75,75,75,75,85,85,85,85,85,85,85,85,85,85,85,85],"card_choices":[{"not_picked":["Stack","Cold Snap"],"picked":"Turbo","floor":1},{"not_picked":["Leap","White Noise"],"picked":"Redo","floor":3},{"not_picked":["Storm","Darkness"],"picked":"Recycle","floor":4},{"not_picked":["Leap","Melter"],"picked":"FTL","floor":7},{"not_picked":["Hologram","Aggregate"],"picked":"Streamline","floor":10},{"not_picked":["Stack","Ball Lightning"],"picked":"Hologram","floor":12},{"not_picked":["Ball Lightning","Reinforced Body"],"picked":"All For One","floor":14},{"not_picked":["Creative AI","Machine Learning"],"picked":"Reboot","floor":16},{"not_picked":["Blizzard+1","Glacier"],"picked":"FTL","floor":18},{"not_picked":["Rebound","Compile Driver"],"picked":"Undo","floor":20},{"not_picked":["Force Field","Cold Snap"],"picked":"Loop","floor":22},{"not_picked":["Go for the Eyes","Force Field"],"picked":"Chaos","floor":24},{"not_picked":["Rebound","Thunder Strike"],"picked":"Conserve Battery+1","floor":27},{"not_picked":["Beam Cell","Scrape+1"],"picked":"Storm+1","floor":28},{"not_picked":["Barrage+1","Gash"],"picked":"Steam","floor":30},{"not_picked":["Cold Snap","Stack","Barrage"],"picked":"SKIP","floor":31},{"not_picked":["Machine Learning","Multi-Cast"],"picked":"Fission","floor":33},{"not_picked":["Gash+1","Barrage+1"],"picked":"Static Discharge+1","floor":35}],"player_experience":153568,"relics_obtained":[{"floor":7,"key":"Regal Pillow"},{"floor":24,"key":"Red Mask"},{"floor":26,"key":"Pear"},{"floor":28,"key":"WingedGreaves"},{"floor":30,"key":"Anchor"}],"event_choices":[{"damage_healed":0,"gold_gain":0,"cards_transformed":["Strike_B"],"player_choice":"Change","damage_taken":0,"max_hp_gain":0,"max_hp_loss":0,"event_name":"Living Wall","floor":2,"gold_loss":0,"cards_obtained":["Reboot"]},{"damage_healed":0,"gold_gain":0,"player_choice":"Got Potions","damage_taken":0,"max_hp_gain":0,"max_hp_loss":0,"event_name":"Lab","floor":5,"gold_loss":0},{"damage_healed":0,"gold_gain":0,"cards_transformed":["Defend_B","Defend_B"],"player_choice":"Became Test Subject","damage_taken":0,"max_hp_gain":0,"max_hp_loss":0,"event_name":"Drug Dealer","floor":19,"gold_loss":0,"cards_obtained":["Fusion","BootSequence"]},{"damage_healed":0,"gold_gain":0,"player_choice":"Fought Bandits","damage_taken":0,"max_hp_gain":0,"max_hp_loss":0,"event_name":"Masked Bandits","floor":24,"gold_loss":0},{"damage_healed":0,"gold_gain":0,"player_choice":"Ignored","damage_taken":0,"max_hp_gain":0,"max_hp_loss":0,"event_name":"Cursed Tome","floor":29,"gold_loss":0},{"damage_healed":0,"gold_gain":0,"player_choice":"Fight","damage_taken":0,"max_hp_gain":0,"max_hp_loss":0,"event_name":"Mysterious Sphere","floor":37,"gold_loss":0}],"is_beta":false,"boss_relics":[{"not_picked":["Orrery","Philosopher\u0027s Stone"],"picked":"Empty Cage"},{"not_picked":["Snecko Eye","Tiny House"],"picked":"Cursed Key"}],"items_purged_floors":[],"is_endless":false,"potions_floor_spawned":[3,14,18,22,28,30,31],"killed_by":"2 Orb Walkers","ascension_level":2}