{"gold_per_floor":[117,19,29,29,39,39,68,79,133,145,145,176,82,82,82,179,179,196,206,222,10,10,10,28,28,28,48,58,58],"floor_reached":29,"playtime":2294,"items_purged":["Strike_B"],"score":316,"play_id":"6ebcd376-1471-4a63-9ef0-4954524cd4ca","local_time":"20190918231034","is_ascension_mode":true,"campfire_choices":[{"data":"Zap","floor":6,"key":"SMITH"},{"data":"Creative AI","floor":11,"key":"SMITH"},{"data":"Biased Cognition","floor":15,"key":"SMITH"},{"data":"Fusion","floor":23,"key":"SMITH"},{"floor":25,"key":"REST"}],"neow_cost":"NONE","seed_source_timestamp":187656703896100,"circlet_count":0,"master_deck":["Strike_B","Strike_B","Defend_B","Defend_B","Defend_B","Zap+1","Dualcast","Doom and Gloom","Turbo","Hologram","Streamline","Dramatic Entrance","Turbo","FTL","Creative AI+1","Hologram","Storm","Bandage Up","Biased Cognition+1","Multi-Cast","Fusion+1","BootSequence","Electrodynamics","Recycle","Reinforced Body"],"relics":["Cracked Core","Ornamental Fan","Pen Nib","Sozu","Art of War","Dodecahedron"],"potions_floor_usage":[7,8],"damage_taken":[{"damage":7,"enemies":"Jaw Worm","floor":1,"turns":3},{"damage":0,"enemies":"Cultist","floor":3,"turns":3},{"damage":0,"enemies":"2 Louse","floor":5,"turns":1},{"damage":6,"enemies":"Lagavulin","floor":7,"turns":4},{"damage":8,"enemies":"Red Slaver","floor":8,"turns":3},{"damage":0,"enemies":"2 Fungi Beasts","floor":10,"turns":2},{"damage":15,"enemies":"Gremlin Nob","floor":12,"turns":3},{"damage":0,"enemies":"Slime Boss","floor":16,"turns":5},{"damage":0,"enemies":"3 Byrds","floor":18,"turns":3},{"damage":23,"enemies":"Spheric Guardian","floor":19,"turns":4},{"damage":22,"enemies":"3 Cultists","floor":20,"turns":4},{"damage":27,"enemies":"Snecko","floor":24,"turns":5},{"damage":24,"enemies":"Sentry and Sphere","floor":27,"turns":4},{"damage":0,"enemies":"Cultist and Chosen","floor":28,"turns":4},{"damage":29,"enemies":"Book of Stabbing","floor":29,"turns":4}],"seed_played":"6180754266496917391","potions_obtained":[{"floor":1,"key":"Regen Potion"},{"floor":3,"key":"Explosive Potion"},{"floor":5,"key":"Block Potion"},{"floor":12,"key":"SpeedPotion"}],"is_trial":false,"path_per_floor":["M","$","M","?","M","R","E","M","T","M","R","E","$","?","R","B",null,"M","M","M","$","?","R","M","R","T","M","M","E"],"character_chosen":"DEFECT","items_purchased":["Hologram","Bandage Up","Art of War","Electrodynamics"],"campfire_rested":1,"item_purchase_floors":[2,13,21,21],"current_hp_per_floor":[68,68,68,68,68,68,62,63,63,63,63,48,48,48,48,52,75,75,56,38,38,38,38,15,37,37,17,21,0],"gold":58,"neow_bonus":"THREE_CARDS","is_prod":false,"is_daily":false,"chose_seed":false,"campfire_upgraded":4,"win_rate":0,"timestamp":1568873434,"path_taken":["M","$","M","?","M","R","E","?","T","M","R","E","$","?","R","BOSS","M","M","M","?","?","R","M","R","T","?","M","E"],"build_version":"2019-07-17","purchased_purges":1,"victory":false,"max_hp_per_floor":[75,75,75,75,75,75,75,75,75,75,75,75,75,75,75,75,75,75,75,75,75,75,75,75,75,75,75,75,75],"card_choices":[{"not_picked":["Steam","Ball Lightning"],"picked":"Doom and Gloom","floor":0},{"not_picked":["Capacitor","Loop"],"picked":"Turbo","floor":1},{"not_picked":["Ball Lightning","Sweeping Beam"],"picked":"Streamline","floor":3},{"not_picked":["Ball Lightning","Compile Driver"],"picked":"Turbo","floor":5},{"not_picked":["Storm","Force Field"],"picked":"FTL","floor":7},{"not_picked":["Leap","Doom and Gloom"],"picked":"Creative AI","floor":8},{"not_picked":["Conserve Battery","Compile Driver"],"picked":"Hologram","floor":10},{"not_picked":["Skim","Go for the Eyes"],"picked":"Storm","floor":12},{"not_picked":["Rainbow","Creative AI"],"picked":"Multi-Cast","floor":16},{"not_picked":["Stack","Consume"],"picked":"Fusion","floor":18},{"not_picked":["Rebound","Leap","Barrage"],"picked":"SKIP","floor":19},{"not_picked":["Ball Lightning","Barrage"],"picked":"BootSequence","floor":20},{"not_picked":["Sweeping Beam","Electrodynamics","Leap"],"picked":"SKIP","floor":24},{"not_picked":["Hologram","Steam+1"],"picked":"Recycle","floor":27},{"not_picked":["Capacitor","Sunder"],"picked":"Reinforced Body","floor":28}],"player_experience":129476,"relics_obtained":[{"floor":7,"key":"Ornamental Fan"},{"floor":12,"key":"Pen Nib"},{"floor":26,"key":"Dodecahedron"}],"event_choices":[{"damage_healed":0,"gold_gain":0,"player_choice":"1 cards matched","damage_taken":0,"max_hp_gain":0,"max_hp_loss":0,"event_name":"Match and Keep!","floor":4,"gold_loss":0,"cards_obtained":["Dramatic Entrance"]},{"damage_healed":0,"gold_gain":0,"cards_transformed":["Defend_B"],"player_choice":"Transformed","damage_taken":0,"max_hp_gain":0,"max_hp_loss":0,"event_name":"Transmorgrifier","floor":14,"gold_loss":0,"cards_obtained":["Biased Cognition"]},{"cards_removed":["Strike_B"],"damage_healed":0,"gold_gain":0,"player_choice":"Offered Basic","damage_taken":0,"max_hp_gain":0,"max_hp_loss":0,"event_name":"Bonfire Elementals","floor":22,"gold_loss":0}],"is_beta":false,"boss_relics":[{"not_picked":["Black Star","Pandora\u0027s Box"],"picked":"Sozu"}],"items_purged_floors":[2],"is_endless":false,"potions_floor_spawned":[1,3,5,12,20,24,27,28],"killed_by":"Book of Stabbing","ascension_level":2}