{"gold_per_floor":[113,113,129,54,67,67,77,111,111,142,1,1,1,17,17,114,114,133,133,147,157,175,175,201,201,201,229,229,229,229,0,0,101,101,112,112,41,51,151,151,182,182,205,215,12,32,32,44,44,44],"floor_reached":51,"playtime":3664,"items_purged":["Strike_G","Strike_G","Strike_G"],"score":967,"play_id":"0016fa19-febe-435b-a7f5-9a9e2dbc22bc","local_time":"20191015152117","is_ascension_mode":true,"campfire_choices":[{"data":"Bouncing Flask","floor":6.0,"key":"SMITH"},{"floor":12.0,"key":"REST"},{"data":"Noxious Fumes","floor":15.0,"key":"SMITH"},{"data":"Footwork","floor":23.0,"key":"SMITH"},{"data":"Noxious Fumes","floor":25.0,"key":"SMITH"},{"floor":29.0,"key":"REST"},{"data":"Crippling Poison","floor":32.0,"key":"SMITH"},{"data":"1","floor":40.0,"key":"LIFT"},{"floor":42.0,"key":"REST"},{"data":"2","floor":47,"key":"LIFT"},{"floor":49,"key":"REST"}],"neow_cost":"NONE","seed_source_timestamp":197555151633700,"circlet_count":0,"master_deck":["Strike_G","Defend_G","Defend_G","Defend_G","Defend_G","Defend_G+1","Survivor","Neutralize","Bouncing Flask+1","Expertise+1","Noxious Fumes+1","Grand Finale","Caltrops","Malaise","PiercingWail","Wraith Form v2","Choke+1","Noxious Fumes+1","Footwork+1","Tools of the Trade","Predator+1","Crippling Poison+1","Caltrops","Underhanded Strike+1","Bullet Time","Caltrops","Caltrops","Crippling Poison+1","Well Laid Plans","Backflip","Bouncing Flask+1"],"special_seed":0,"relics":["Ring of the Snake","Lantern","Bag of Marbles","Mummified Hand","StoneCalendar","Molten Egg 2","Snecko Eye","War Paint","Bottled Flame","Bronze Scales","Thread and Needle","Fusion Hammer","Girya","Dead Branch","Omamori"],"potions_floor_usage":[50],"damage_taken":[{"damage":3.0,"enemies":"Small Slimes","floor":1.0,"turns":6.0},{"damage":0.0,"enemies":"Cultist","floor":3.0,"turns":4.0},{"damage":0.0,"enemies":"2 Louse","floor":5.0,"turns":4.0},{"damage":1.0,"enemies":"Blue Slaver","floor":7.0,"turns":4.0},{"damage":23.0,"enemies":"Gremlin Nob","floor":8.0,"turns":4.0},{"damage":20.0,"enemies":"3 Sentries","floor":10.0,"turns":6.0},{"damage":1.0,"enemies":"Looter","floor":14.0,"turns":3.0},{"damage":6.0,"enemies":"The Guardian","floor":16.0,"turns":7.0},{"damage":6.0,"enemies":"3 Byrds","floor":18.0,"turns":5.0},{"damage":2.0,"enemies":"Spheric Guardian","floor":20.0,"turns":3.0},{"damage":0.0,"enemies":"Snake Plant","floor":21.0,"turns":2.0},{"damage":10.0,"enemies":"Centurion and Healer","floor":22.0,"turns":7.0},{"damage":0.0,"enemies":"Book of Stabbing","floor":24.0,"turns":4.0},{"damage":14.0,"enemies":"Gremlin Leader","floor":27.0,"turns":6.0},{"damage":23.0,"enemies":"Automaton","floor":33.0,"turns":7.0},{"damage":7.0,"enemies":"3 Darklings","floor":35.0,"turns":4.0},{"damage":0.0,"enemies":"3 Shapes","floor":38.0,"turns":5.0},{"damage":0.0,"enemies":"Mind Bloom Boss Battle","floor":39.0,"turns":4.0},{"damage":7.0,"enemies":"Nemesis","floor":41.0,"turns":7.0},{"damage":6.0,"enemies":"Transient","floor":44.0,"turns":5.0},{"damage":9,"enemies":"Jaw Worm Horde","floor":46,"turns":4},{"damage":0,"enemies":"Sphere and 2 Shapes","floor":48,"turns":2},{"damage":13,"enemies":"Donu and Deca","floor":50,"turns":6}],"seed_played":"-4638535613088199415","potions_obtained":[{"floor":1.0,"key":"Fire Potion"},{"floor":5.0,"key":"Block Potion"},{"floor":10.0,"key":"GamblersBrew"},{"floor":18.0,"key":"Block Potion"},{"floor":24.0,"key":"GhostInAJar"}],"is_trial":false,"path_per_floor":["M","?","M","$","M","R","M","E","T","E","$","R","T","M","R","B",null,"M","?","M","M","M","R","E","R","T","E","?","R","T","$","R","B",null,"M","?","$","M","?","R","E","R","T","M","$","M","R","M","R","B",null],"character_chosen":"THE_SILENT","items_purchased":["Malaise","Caltrops","Underhanded Strike+1","Caltrops","Well Laid Plans"],"campfire_rested":4,"item_purchase_floors":[11,31,31,37,45],"current_hp_per_floor":[60,60,60,60,60,60,59,36,36,16,16,37,37,36,36,30,60,54,54,52,52,42,42,42,42,42,28,28,49,49,49,49,26,59,52,52,52,52,52,52,45,66,66,60,60,51,51,51,70,57],"gold":44,"neow_bonus":"RANDOM_COMMON_RELIC","is_prod":false,"is_daily":false,"chose_seed":false,"campfire_upgraded":5,"win_rate":0,"timestamp":1571145677,"path_taken":["M","?","?","?","?","R","M","E","T","E","$","R","?","M","R","BOSS","M","?","M","M","M","R","E","R","T","E","?","R","?","$","R","BOSS","M","?","$","M","?","R","E","R","T","M","$","M","R","M","R","BOSS"],"build_version":"2019-07-17","purchased_purges":3,"victory":true,"max_hp_per_floor":[70,70,70,70,70,70,70,70,70,70,70,70,70,70,70,70,70,70,70,70,70,70,70,70,70,70,70,70,70,70,70,70,70,70,70,70,70,70,70,70,70,70,70,70,70,70,70,70,70,70],"card_choices":[{"not_picked":["Accuracy","Underhanded Strike"],"picked":"Bouncing Flask","floor":1.0},{"not_picked":["Dagger Throw","Deflect"],"picked":"Expertise","floor":3.0},{"not_picked":["Acrobatics","Terror","Prepared"],"picked":"SKIP","floor":5.0},{"not_picked":["Dagger Spray","Infinite Blades"],"picked":"Noxious Fumes","floor":7.0},{"not_picked":["Finisher","Quick Slash"],"picked":"Grand Finale","floor":8.0},{"not_picked":["Poisoned Stab","Quick Slash"],"picked":"Caltrops","floor":10.0},{"not_picked":["Tactician","Prepared"],"picked":"PiercingWail","floor":14.0},{"not_picked":["After Image","A Thousand Cuts"],"picked":"Wraith Form v2","floor":16.0},{"not_picked":["Flying Knee+1","Dodge and Roll+1"],"picked":"Choke+1","floor":18.0},{"not_picked":["Dagger Throw+1","Underhanded Strike+1"],"picked":"Footwork","floor":20.0},{"not_picked":["Accuracy","Cloak And Dagger"],"picked":"Tools of the Trade","floor":21.0},{"not_picked":["Expertise+1","Poisoned Stab+1","Terror"],"picked":"SKIP","floor":22.0},{"not_picked":["All Out Attack+1","Riddle With Holes+1"],"picked":"Predator+1","floor":24.0},{"not_picked":["Underhanded Strike+1","Bane+1"],"picked":"Crippling Poison","floor":27.0},{"not_picked":["Venomology","Storm of Steel"],"picked":"Bullet Time","floor":33.0},{"not_picked":["Distraction","PiercingWail","Dagger Spray+1"],"picked":"SKIP","floor":35.0},{"not_picked":["Flying Knee+1","Poisoned Stab+1","All Out Attack+1"],"picked":"SKIP","floor":38.0},{"not_picked":["Accuracy+1","Masterful Stab+1"],"picked":"Caltrops","floor":39.0},{"not_picked":["Outmaneuver","Masterful Stab+1","Doppelganger"],"picked":"SKIP","floor":41.0},{"not_picked":["Escape Plan","Choke+1"],"picked":"Crippling Poison+1","floor":44.0},{"not_picked":["Sucker Punch+1","Acrobatics+1"],"picked":"Backflip","floor":46},{"not_picked":["All Out Attack+1","Endless Agony+1"],"picked":"Bouncing Flask+1","floor":48}],"player_experience":272877,"relics_obtained":[{"floor":8.0,"key":"Bag of Marbles"},{"floor":9.0,"key":"Mummified Hand"},{"floor":10.0,"key":"StoneCalendar"},{"floor":13.0,"key":"Molten Egg 2"},{"floor":24.0,"key":"War Paint"},{"floor":26.0,"key":"Bottled Flame"},{"floor":27.0,"key":"Bronze Scales"},{"floor":30.0,"key":"Thread and Needle"},{"floor":39.0,"key":"Girya"},{"floor":41.0,"key":"Dead Branch"},{"floor":43.0,"key":"Omamori"}],"event_choices":[{"cards_removed":["Strike_G"],"damage_healed":0.0,"max_hp_gain":0.0,"max_hp_loss":0.0,"gold_gain":0.0,"event_name":"Wheel of Change","player_choice":"Card Removal","floor":2.0,"gold_loss":0.0,"damage_taken":0.0},{"damage_healed":0.0,"max_hp_gain":0.0,"max_hp_loss":0.0,"gold_gain":0.0,"event_name":"The Library","player_choice":"Read","floor":19.0,"gold_loss":0.0,"damage_taken":0.0,"cards_obtained":["Noxious Fumes"]},{"damage_healed":0.0,"max_hp_gain":0.0,"max_hp_loss":0.0,"gold_gain":0.0,"event_name":"Vampires","player_choice":"Ignored","floor":28.0,"gold_loss":0.0,"damage_taken":0.0},{"damage_healed":0.0,"max_hp_gain":0.0,"max_hp_loss":0.0,"gold_gain":0.0,"event_name":"SensoryStone","player_choice":"Memory 1","floor":36.0,"gold_loss":0.0,"damage_taken":0.0},{"damage_healed":0.0,"max_hp_gain":0.0,"max_hp_loss":0.0,"gold_gain":0.0,"event_name":"MindBloom","player_choice":"Fight","floor":39.0,"gold_loss":0.0,"damage_taken":0.0}],"is_beta":false,"boss_relics":[{"not_picked":["White Beast Statue","Empty Cage"],"picked":"Snecko Eye"},{"not_picked":["WristBlade","Velvet Choker"],"picked":"Fusion Hammer"}],"items_purged_floors":[4,31,45],"is_endless":false,"potions_floor_spawned":[1,5,10,18,24,27,41,44],"ascension_level":7}