{"gold_per_floor":[118,118,118,118,137,169,184,246,246,246,264,74,136,154,154,253,253,273,296,296,98,98,125,125,142,142,156,168,197,197,226,226,323,323,333,379,395,218,229,246,246,275,275,309,329,329,346,363,363,363,363,363,74,103,103],"floor_reached":55,"playtime":2305,"items_purged":["Strike_R","Strike_R","Strike_R","Strike_R"],"score":847,"play_id":"91925a3f-4d66-4335-b599-6ac12827eb3c","local_time":"20190707182551","is_ascension_mode":false,"campfire_choices":[{"data":"Clothesline","floor":10,"key":"SMITH"},{"data":"Disarm","floor":15,"key":"SMITH"},{"data":"Limit Break","floor":24,"key":"SMITH"},{"data":"Heavy Blade","floor":32,"key":"SMITH"},{"data":"Panacea","floor":41,"key":"SMITH"},{"data":"Flame Barrier","floor":46,"key":"SMITH"},{"floor":49,"key":"RECALL"},{"data":"Inflame","floor":52,"key":"SMITH"}],"neow_cost":"NONE","seed_source_timestamp":99926441703452,"circlet_count":0,"master_deck":["Strike_R+1","Defend_R","Defend_R","Defend_R","Defend_R","Bash+1","Flex+1","Cleave","Sword Boomerang","Clothesline+1","Reaper","Battle Trance","Disarm","Shrug It Off","Disarm+1","Limit Break+1","Flame Barrier+1","Panacea+1","Offering","Seeing Red+1","Heavy Blade+1","Offering","Inflame+1","Shrug It Off+1","Dropkick+1","Feel No Pain"],"relics":["Burning Blood","Meat on the Bone","Whetstone","Gremlin Horn","Pantograph","Tiny Chest","Coffee Dripper","Vajra","Pocketwatch","Regal Pillow","Boot","Dream Catcher","Busted Crown","Happy Flower","Darkstone Periapt","Molten Egg 2","Lantern","Bottled Flame"],"potions_floor_usage":[6,8,8,11,33,55,55,55,55,55,55],"damage_taken":[{"damage":6,"enemies":"Jaw Worm","floor":1,"turns":4},{"damage":5,"enemies":"Small Slimes","floor":5,"turns":3},{"damage":26,"enemies":"Lagavulin","floor":6,"turns":5},{"damage":0,"enemies":"2 Louse","floor":7,"turns":1},{"damage":13,"enemies":"Lagavulin Event","floor":8,"turns":3},{"damage":0,"enemies":"Large Slime","floor":11,"turns":3},{"damage":20,"enemies":"Gremlin Nob","floor":13,"turns":4},{"damage":0,"enemies":"Exordium Wildlife","floor":14,"turns":3},{"damage":49,"enemies":"Hexaghost","floor":16,"turns":11},{"damage":5,"enemies":"Shell Parasite","floor":18,"turns":5},{"damage":17,"enemies":"Book of Stabbing","floor":23,"turns":6},{"damage":6,"enemies":"3 Byrds","floor":25,"turns":3},{"damage":6,"enemies":"Snake Plant","floor":27,"turns":3},{"damage":8,"enemies":"Chosen and Byrds","floor":28,"turns":4},{"damage":6,"enemies":"Gremlin Leader","floor":29,"turns":4},{"damage":15,"enemies":"Book of Stabbing","floor":31,"turns":5},{"damage":6,"enemies":"Champ","floor":33,"turns":7},{"damage":13,"enemies":"3 Shapes","floor":35,"turns":5},{"damage":13,"enemies":"Orb Walker","floor":37,"turns":3},{"damage":14,"enemies":"Jaw Worm Horde","floor":39,"turns":3},{"damage":18,"enemies":"4 Shapes","floor":40,"turns":5},{"damage":20,"enemies":"Nemesis","floor":42,"turns":5},{"damage":23,"enemies":"Reptomancer","floor":44,"turns":4},{"damage":15,"enemies":"Sphere and 2 Shapes","floor":45,"turns":3},{"damage":12,"enemies":"3 Darklings","floor":47,"turns":2},{"damage":13,"enemies":"Spire Growth","floor":48,"turns":2},{"damage":29,"enemies":"Awakened One","floor":50,"turns":5},{"damage":25,"enemies":"Shield and Spear","floor":54,"turns":4},{"damage":86,"enemies":"The Heart","floor":55,"turns":6}],"seed_played":"-2245144874103700713","potions_obtained":[{"floor":0,"key":"Poison Potion"},{"floor":0,"key":"PowerPotion"},{"floor":0,"key":"FairyPotion"},{"floor":6,"key":"Poison Potion"},{"floor":7,"key":"BloodPotion"},{"floor":8,"key":"FearPotion"},{"floor":14,"key":"Dexterity Potion"},{"floor":23,"key":"SkillPotion"},{"floor":29,"key":"Strength Potion"},{"floor":39,"key":"LiquidBronze"},{"floor":42,"key":"EntropicBrew"},{"floor":47,"key":"SteroidPotion"}],"is_trial":false,"path_per_floor":["M","?","?","?","M","E","M","?","T","R","M","$","E","M","R","B",null,"M","T","?","$","T","E","R","M","T","M","M","E","?","E","R","B",null,"M","T","M","$","M","M","R","E","T","E","M","R","M","M","R","B",null,"R","$","E","B"],"character_chosen":"IRONCLAD","items_purchased":["Battle Trance","Disarm","Panacea","PowerPotion","Dropkick+1","Feel No Pain"],"campfire_rested":0,"item_purchase_floors":[12,12,21,38,53,53],"current_hp_per_floor":[80,85,85,67,68,60,66,59,59,59,65,65,55,64,64,54,85,85,85,85,85,85,85,85,85,85,85,85,85,85,85,85,85,85,84,84,84,84,85,85,85,85,85,85,85,85,85,84,84,85,85,85,85,72,0],"gold":103,"neow_bonus":"THREE_SMALL_POTIONS","is_prod":false,"is_daily":false,"chose_seed":false,"campfire_upgraded":7,"win_rate":0,"timestamp":1562520351,"path_taken":["M","?","?","?","M","E","M","?","T","R","?","$","E","M","R","BOSS","M","?","?","$","?","E","R","M","T","M","?","E","?","E","R","BOSS","M","?","M","$","?","?","R","E","T","E","M","R","M","M","R","BOSS","R","$","E","BOSS"],"build_version":"2019-07-05","purchased_purges":4,"victory":false,"max_hp_per_floor":[80,85,85,85,85,85,85,85,85,85,85,85,85,85,85,85,85,85,85,85,85,85,85,85,85,85,85,85,85,85,85,85,85,85,85,85,85,85,85,85,85,85,85,85,85,85,85,85,85,85,85,85,85,85,85],"card_choices":[{"not_picked":["Corruption","Blood for Blood"],"picked":"Flex","floor":1},{"not_picked":["Perfected Strike","Flex"],"picked":"Cleave","floor":5},{"not_picked":["Berserk","Clash"],"picked":"Sword Boomerang","floor":6},{"not_picked":["Evolve","Armaments"],"picked":"Clothesline","floor":7},{"not_picked":["Pommel Strike","Wild Strike"],"picked":"Reaper","floor":11},{"not_picked":["Havoc","Sentinel"],"picked":"Shrug It Off","floor":13},{"not_picked":["Power Through","Rupture"],"picked":"Disarm","floor":14},{"not_picked":["Reaper","Barricade"],"picked":"Limit Break","floor":16},{"not_picked":["Burning Pact","Anger+1"],"picked":"Flame Barrier","floor":18},{"not_picked":["Thunderclap","Clash+1"],"picked":"Offering","floor":23},{"not_picked":["Anger+1","Sword Boomerang","Armaments"],"picked":"SKIP","floor":25},{"not_picked":["Whirlwind","Disarm","Feed"],"picked":"SKIP","floor":27},{"not_picked":["Cleave+1","Thunderclap","Flex"],"picked":"SKIP","floor":28},{"not_picked":["Armaments","Feel No Pain"],"picked":"Seeing Red+1","floor":29},{"not_picked":["Shockwave","Carnage"],"picked":"Heavy Blade","floor":31},{"not_picked":["Fiend Fire","Limit Break"],"picked":"Offering","floor":33},{"not_picked":["Body Slam"],"picked":"SKIP","floor":35},{"not_picked":["Armaments"],"picked":"SKIP","floor":37},{"not_picked":["Warcry"],"picked":"SKIP","floor":39},{"not_picked":["Dual Wield"],"picked":"SKIP","floor":40},{"not_picked":["Warcry+1"],"picked":"SKIP","floor":42},{"not_picked":["Wild Strike+1"],"picked":"SKIP","floor":44},{"not_picked":["Cleave+1"],"picked":"SKIP","floor":45},{"not_picked":[],"picked":"Inflame","floor":47},{"not_picked":[],"picked":"Shrug It Off+1","floor":48},{"not_picked":["Sentinel+1"],"picked":"SKIP","floor":54}],"player_experience":1683316,"relics_obtained":[{"floor":6,"key":"Whetstone"},{"floor":8,"key":"Gremlin Horn"},{"floor":9,"key":"Pantograph"},{"floor":13,"key":"Tiny Chest"},{"floor":22,"key":"Vajra"},{"floor":23,"key":"Pocketwatch"},{"floor":26,"key":"Regal Pillow"},{"floor":29,"key":"Boot"},{"floor":31,"key":"Dream Catcher"},{"floor":36,"key":"Happy Flower"},{"floor":42,"key":"Darkstone Periapt"},{"floor":43,"key":"Molten Egg 2"},{"floor":44,"key":"Lantern"},{"floor":54,"key":"Bottled Flame"}],"event_choices":[{"damage_healed":0,"gold_gain":0,"player_choice":"Donut","damage_taken":0,"max_hp_gain":5,"max_hp_loss":0,"event_name":"Big Fish","floor":2,"gold_loss":0},{"damage_healed":0,"gold_gain":0,"player_choice":"Grow","damage_taken":0,"max_hp_gain":0,"max_hp_loss":0,"event_name":"Living Wall","floor":3,"gold_loss":0,"cards_upgraded":["Flex"]},{"damage_healed":0,"gold_gain":0,"player_choice":"Success","damage_taken":18,"relics_obtained":["Meat on the Bone"],"max_hp_gain":0,"max_hp_loss":0,"event_name":"Scrap Ooze","floor":4,"gold_loss":0},{"damage_healed":0,"gold_gain":0,"player_choice":"Searched \u00271\u0027 times","damage_taken":0,"max_hp_gain":0,"max_hp_loss":0,"event_name":"Dead Adventurer","floor":8,"gold_loss":0},{"damage_healed":0,"gold_gain":0,"player_choice":"Ignored","damage_taken":0,"max_hp_gain":0,"max_hp_loss":0,"event_name":"Vampires","floor":20,"gold_loss":0},{"damage_healed":0,"gold_gain":0,"player_choice":"Got Potions","damage_taken":0,"max_hp_gain":0,"max_hp_loss":0,"event_name":"Lab","floor":30,"gold_loss":0}],"is_beta":false,"boss_relics":[{"not_picked":["Black Blood","Astrolabe"],"picked":"Coffee Dripper"},{"not_picked":["Fusion Hammer","Black Star"],"picked":"Busted Crown"}],"items_purged_floors":[12,21,38,53],"is_endless":false,"potions_floor_spawned":[6,7,8,14,23,25,29,39,42,45,47,54],"killed_by":"The Heart","ascension_level":0}