{"gold_per_floor":[216,216,118,141,152,152,166,166,166,183,201,218,235,255,255,351,351,361,377,107,107,107,107,120,120,120,70,102,122,147,163,163,260,260,280,291,391,391,406,406,45,45,95,111,111,128,32,49,49,49],"floor_reached":50,"playtime":9494,"items_purged":["Strike_B","Defend_B","Strike_B","Injury","Strike_B"],"score":478,"play_id":"8000558e-2758-45ab-9e14-a4d19df401d2","local_time":"20191023170813","is_ascension_mode":false,"campfire_choices":[{"data":"Consume","floor":6.0,"key":"SMITH"},{"data":"Genetic Algorithm","floor":8.0,"key":"SMITH"},{"floor":15.0,"key":"REST"},{"data":"RitualDagger","floor":23,"key":"SMITH"},{"floor":25,"key":"REST"},{"floor":32,"key":"REST"},{"floor":40,"key":"REST"},{"floor":42,"key":"REST"},{"floor":49,"key":"REST"}],"neow_cost":"NONE","seed_source_timestamp":0,"circlet_count":0,"master_deck":["Strike_B+1","Zap+1","Dualcast","Genetic Algorithm+1","Coolheaded","Consume+1","Leap","Double Energy","Glacier","Glacier","Gash+1","Force Field","Glacier","Coolheaded","Coolheaded","Hologram","RitualDagger+1","White Noise","Streamline","Recycle","Barrage+1","Streamline+1","White Noise","Discovery","Barrage+1","Hologram","Violence","Rebound","Sunder","Static Discharge+1","Ball Lightning","Beam Cell+1"],"special_seed":0,"relics":["Cracked Core","Potion Belt","Smiling Mask","Philosopher\u0027s Stone","Whetstone","Happy Flower","Mercury Hourglass","Juzu Bracelet","Empty Cage","Gambling Chip","Omamori"],"potions_floor_usage":[18,18,28,29,29,30,30,30,39,48,50],"damage_taken":[{"damage":8.0,"enemies":"Jaw Worm","floor":1.0,"turns":4.0},{"damage":3.0,"enemies":"Cultist","floor":5.0,"turns":4.0},{"damage":0.0,"enemies":"Small Slimes","floor":7.0,"turns":3.0},{"damage":0.0,"enemies":"Red Slaver","floor":10.0,"turns":4.0},{"damage":2.0,"enemies":"2 Fungi Beasts","floor":11.0,"turns":5.0},{"damage":2.0,"enemies":"Large Slime","floor":12.0,"turns":7.0},{"damage":7.0,"enemies":"Blue Slaver","floor":13.0,"turns":4.0},{"damage":5.0,"enemies":"Looter","floor":14.0,"turns":3.0},{"damage":41.0,"enemies":"The Guardian","floor":16.0,"turns":26.0},{"damage":3,"enemies":"Spheric Guardian","floor":18,"turns":7},{"damage":0,"enemies":"Chosen","floor":19,"turns":7},{"damage":0,"enemies":"Snake Plant","floor":24,"turns":6},{"damage":14,"enemies":"Book of Stabbing","floor":28,"turns":12},{"damage":13,"enemies":"Centurion and Healer","floor":29,"turns":14},{"damage":47,"enemies":"Gremlin Leader","floor":30,"turns":13},{"damage":0,"enemies":"Snecko","floor":31,"turns":4},{"damage":35,"enemies":"Automaton","floor":33,"turns":19},{"damage":15,"enemies":"3 Darklings","floor":35,"turns":7},{"damage":0,"enemies":"Orb Walker","floor":36,"turns":3},{"damage":0,"enemies":"Mind Bloom Boss Battle","floor":37,"turns":5},{"damage":25,"enemies":"Spire Growth","floor":39,"turns":6},{"damage":0,"enemies":"Transient","floor":44,"turns":5},{"damage":49,"enemies":"Maw","floor":46,"turns":10},{"damage":10,"enemies":"Jaw Worm Horde","floor":48,"turns":3},{"damage":63,"enemies":"Awakened One","floor":50,"turns":9}],"seed_played":"3271676813729550361","potions_obtained":[{"floor":1.0,"key":"Strength Potion"},{"floor":7.0,"key":"FearPotion"},{"floor":13.0,"key":"Regen Potion"},{"floor":16.0,"key":"LiquidBronze"},{"floor":19,"key":"GamblersBrew"},{"floor":24,"key":"Poison Potion"},{"floor":28,"key":"Regen Potion"},{"floor":29,"key":"Poison Potion"},{"floor":36,"key":"Poison Potion"},{"floor":37,"key":"SteroidPotion"},{"floor":48,"key":"FocusPotion"}],"is_trial":false,"path_per_floor":["M","?","$","T","M","R","M","R","T","M","M","M","M","M","R","B",null,"M","M","$","?","?","R","M","R","T","$","E","M","E","M","R","B",null,"M","M","?","?","M","R","$","R","T","M","?","M","$","M","R","B"],"character_chosen":"DEFECT","items_purchased":["Coolheaded","Coolheaded","Hologram","Whetstone","Hologram","Coolheaded","Violence","Rebound","Ball Lightning"],"campfire_rested":6,"item_purchase_floors":[3,20,20,20,41,41,41,41,47],"current_hp_per_floor":[67,67,67,67,64,64,64,64,64,64,62,60,53,48,70,29,75,72,72,72,72,66,66,66,75,75,75,61,63,25,25,47,12,75,60,60,60,60,35,57,57,75,75,75,75,26,26,16,38,0],"gold":49,"neow_bonus":"HUNDRED_GOLD","is_prod":false,"is_daily":false,"chose_seed":false,"campfire_upgraded":3,"win_rate":0,"timestamp":1571872093,"path_taken":["M","?","$","?","M","R","?","R","T","M","M","M","M","M","R","BOSS","M","M","$","?","?","R","M","R","T","$","E","M","E","M","R","BOSS","M","M","?","?","M","R","$","R","T","M","?","M","$","M","R","BOSS"],"build_version":"2019-07-17","purchased_purges":5,"victory":false,"max_hp_per_floor":[75,75,75,75,75,75,75,75,75,75,75,75,75,75,75,75,75,75,75,75,75,75,75,75,75,75,75,75,75,75,75,75,75,75,75,75,75,75,75,75,75,75,75,75,75,75,75,75,75,75],"card_choices":[{"not_picked":["Sunder","Hello World"],"picked":"Genetic Algorithm","floor":1.0},{"not_picked":["Gash","Stack"],"picked":"Consume","floor":5.0},{"not_picked":["Cold Snap","Barrage"],"picked":"Leap","floor":7.0},{"not_picked":["Beam Cell","Rainbow"],"picked":"Double Energy","floor":10.0},{"not_picked":["Go for the Eyes","Undo"],"picked":"Glacier","floor":11.0},{"not_picked":["Doom and Gloom","Cold Snap"],"picked":"Glacier","floor":12.0},{"not_picked":["Doom and Gloom","Streamline"],"picked":"Gash","floor":13.0},{"not_picked":["Redo","Compile Driver"],"picked":"Force Field","floor":14.0},{"not_picked":["Reinforced Body+1","Scrape"],"picked":"Glacier","floor":18},{"not_picked":["Rebound","Storm"],"picked":"Coolheaded","floor":19},{"not_picked":["Aggregate","Rebound"],"picked":"White Noise","floor":24},{"not_picked":["Rebound","Chaos","Sweeping Beam+1"],"picked":"SKIP","floor":28},{"not_picked":["Storm","Hologram"],"picked":"Streamline","floor":29},{"not_picked":["Stack","Skim"],"picked":"Recycle","floor":30},{"not_picked":["Scrape","Lockon","Glacier"],"picked":"SKIP","floor":31},{"not_picked":["Steam Power","Go for the Eyes+1"],"picked":"Barrage+1","floor":35},{"not_picked":["Beam Cell+1","Rebound+1"],"picked":"Streamline+1","floor":36},{"not_picked":["Go for the Eyes+1","Genetic Algorithm"],"picked":"White Noise","floor":37},{"not_picked":["BootSequence+1","Melter+1"],"picked":"Barrage+1","floor":39},{"not_picked":["Machine Learning","Hologram+1"],"picked":"Sunder","floor":44},{"not_picked":["Conserve Battery","Go for the Eyes"],"picked":"Static Discharge+1","floor":46},{"not_picked":["Force Field","Consume"],"picked":"Beam Cell+1","floor":48}],"player_experience":430028,"relics_obtained":[{"floor":4.0,"key":"Potion Belt"},{"floor":9.0,"key":"Smiling Mask"},{"floor":26,"key":"Happy Flower"},{"floor":28,"key":"Mercury Hourglass"},{"floor":30,"key":"Juzu Bracelet"},{"floor":37,"key":"Gambling Chip"},{"floor":43,"key":"Omamori"}],"event_choices":[{"damage_healed":0.0,"max_hp_gain":0.0,"max_hp_loss":0.0,"gold_gain":0.0,"event_name":"Accursed Blacksmith","player_choice":"Forge","floor":2.0,"gold_loss":0.0,"damage_taken":0.0,"cards_upgraded":["Zap"]},{"cards_removed":["Defend_B"],"damage_healed":0,"gold_gain":0,"player_choice":"Elegance","damage_taken":0,"max_hp_gain":0,"max_hp_loss":0,"event_name":"Back to Basics","floor":21,"gold_loss":0},{"damage_healed":0,"gold_gain":0,"player_choice":"Joined the Cult","damage_taken":6,"max_hp_gain":0,"max_hp_loss":0,"event_name":"Nest","floor":22,"gold_loss":0,"cards_obtained":["RitualDagger"]},{"damage_healed":0,"gold_gain":0,"player_choice":"Fight","damage_taken":0,"max_hp_gain":0,"max_hp_loss":0,"event_name":"MindBloom","floor":37,"gold_loss":0},{"damage_healed":0,"gold_gain":0,"player_choice":"2 cards matched","damage_taken":0,"max_hp_gain":0,"max_hp_loss":0,"event_name":"Match and Keep!","floor":38,"gold_loss":0,"cards_obtained":["Injury","Discovery"]},{"cards_removed":["Coolheaded"],"damage_healed":0,"gold_gain":0,"player_choice":"Removed Skill","damage_taken":0,"max_hp_gain":0,"max_hp_loss":0,"event_name":"Falling","floor":45,"gold_loss":0}],"is_beta":false,"boss_relics":[{"not_picked":["Cursed Key","White Beast Statue"],"picked":"Philosopher\u0027s Stone"},{"not_picked":["Sozu","Astrolabe"],"picked":"Empty Cage"}],"items_purged_floors":[3,20,27,41,47],"is_endless":false,"potions_floor_spawned":[1,7,13,16,19,24,28,29,36,37,48],"killed_by":"Awakened One","ascension_level":0}