{"gold_per_floor":[117,132,149,163,177,177,194,194,194,194,194,221,239,257,257,359,359,375,386,399,149,149,149,159,159,159,159,175,188,200,214,214,319,319,332,332,332,345,359,389,389,407,433,80,180,199,230,245,245,245],"floor_reached":51,"playtime":6380,"items_purged":["Strike_R","Strike_R"],"score":719,"play_id":"c67abc16-9fdb-4670-88a5-36217732eb00","local_time":"20190907025059","is_ascension_mode":false,"campfire_choices":[{"data":"Whirlwind","floor":6,"key":"SMITH"},{"data":"Seeing Red","floor":10,"key":"SMITH"},{"data":"Bludgeon","floor":15,"key":"SMITH"},{"data":"Seeing Red","floor":23,"key":"SMITH"},{"floor":25,"key":"REST"},{"floor":32,"key":"REST"},{"floor":41,"key":"REST"},{"floor":49,"key":"REST"}],"neow_cost":"NONE","seed_source_timestamp":95337020134600,"circlet_count":0,"master_deck":["Defend_R","Defend_R","Defend_R","Bash","Shockwave","Seeing Red+1","Cleave","Pummel","Whirlwind+1","Bludgeon+1","Battle Trance","Carnage","Demon Form","Seeing Red+1","Pummel","Shrug It Off+1","Master of Strategy","Iron Wave","Disarm","Dark Embrace","Shrug It Off","Rage","Limit Break","Reaper","Armaments","Sword Boomerang+1","Battle Trance+1","Ghostly Armor+1","Barricade"],"relics":["Burning Blood","Mango","Question Card","Lizard Tail","Self Forming Clay","Fusion Hammer","FossilizedHelix","Happy Flower","Molten Egg 2","Charon\u0027s Ashes","Mummified Hand"],"potions_floor_usage":[18,30,31,33,33,42],"damage_taken":[{"damage":4,"enemies":"Jaw Worm","floor":1,"turns":5},{"damage":1,"enemies":"Cultist","floor":2,"turns":4},{"damage":0,"enemies":"Small Slimes","floor":3,"turns":3},{"damage":9,"enemies":"Exordium Wildlife","floor":4,"turns":6},{"damage":2,"enemies":"Looter","floor":5,"turns":4},{"damage":14,"enemies":"Gremlin Gang","floor":7,"turns":5},{"damage":9,"enemies":"3 Sentries","floor":12,"turns":3},{"damage":10,"enemies":"Exordium Thugs","floor":13,"turns":3},{"damage":6,"enemies":"Large Slime","floor":14,"turns":3},{"damage":11,"enemies":"Slime Boss","floor":16,"turns":7},{"damage":30,"enemies":"Spheric Guardian","floor":18,"turns":4},{"damage":5,"enemies":"Chosen","floor":19,"turns":3},{"damage":24,"enemies":"Centurion and Healer","floor":20,"turns":6},{"damage":5,"enemies":"Snake Plant","floor":24,"turns":2},{"damage":10,"enemies":"Snecko","floor":28,"turns":4},{"damage":24,"enemies":"Shelled Parasite and Fungi","floor":29,"turns":5},{"damage":5,"enemies":"3 Cultists","floor":30,"turns":4},{"damage":30,"enemies":"Sentry and Sphere","floor":31,"turns":8},{"damage":35,"enemies":"Champ","floor":33,"turns":9},{"damage":20,"enemies":"3 Shapes","floor":35,"turns":3},{"damage":8,"enemies":"Orb Walker","floor":38,"turns":4},{"damage":18,"enemies":"Jaw Worm Horde","floor":39,"turns":4},{"damage":58,"enemies":"Nemesis","floor":40,"turns":7},{"damage":21,"enemies":"Maw","floor":42,"turns":8},{"damage":0,"enemies":"Mind Bloom Boss Battle","floor":45,"turns":7},{"damage":0,"enemies":"3 Darklings","floor":46,"turns":3},{"damage":0,"enemies":"Reptomancer","floor":47,"turns":5},{"damage":13,"enemies":"Jaw Worm Horde","floor":48,"turns":5},{"damage":53,"enemies":"Awakened One","floor":50,"turns":10}],"seed_played":"-2857384898746403606","potions_obtained":[{"floor":3,"key":"Energy Potion"},{"floor":12,"key":"Ancient Potion"},{"floor":13,"key":"SpeedPotion"},{"floor":18,"key":"Fruit Juice"},{"floor":20,"key":"FearPotion"},{"floor":30,"key":"FearPotion"},{"floor":31,"key":"GamblersBrew"},{"floor":35,"key":"SkillPotion"},{"floor":40,"key":"Explosive Potion"},{"floor":45,"key":"BloodPotion"},{"floor":47,"key":"BloodPotion"}],"is_trial":false,"path_per_floor":["M","M","M","M","M","R","M","?","T","R","?","E","M","M","R","B",null,"M","M","M","$","?","R","M","R","T","?","M","M","M","M","R","B",null,"M","?","?","M","M","E","R","M","T","$","?","M","E","M","R","B",null],"character_chosen":"IRONCLAD","items_purchased":["Master of Strategy","Molten Egg 2"],"campfire_rested":4,"item_purchase_floors":[21,44],"current_hp_per_floor":[80,80,80,77,80,80,72,72,86,86,86,83,79,79,79,74,94,75,76,58,58,58,58,59,88,88,88,84,66,67,43,72,43,99,85,85,85,89,85,34,63,82,82,82,88,94,99,94,99,79],"gold":245,"neow_bonus":"REMOVE_CARD","is_prod":false,"is_daily":false,"chose_seed":false,"campfire_upgraded":4,"win_rate":0.0,"timestamp":1567817459,"path_taken":["M","M","M","M","M","R","M","?","T","R","?","E","M","?","R","BOSS","M","M","M","$","?","R","?","R","T","?","M","M","M","M","R","BOSS","M","?","?","M","M","E","R","?","T","$","?","M","E","M","R","BOSS"],"build_version":"2019-07-17","purchased_purges":2,"victory":true,"max_hp_per_floor":[80,80,80,80,80,80,80,80,94,94,94,94,94,94,94,94,94,99,99,99,99,99,99,99,99,99,99,99,99,99,99,99,99,99,99,99,99,99,99,99,99,99,99,99,99,99,99,99,99,99],"card_choices":[{"not_picked":["Clothesline","Spot Weakness"],"picked":"Shockwave","floor":1},{"not_picked":["Flex","Shrug It Off"],"picked":"Seeing Red","floor":2},{"not_picked":["Second Wind","Twin Strike"],"picked":"Cleave","floor":3},{"not_picked":["Clothesline","Shrug It Off"],"picked":"Pummel","floor":4},{"not_picked":["Twin Strike","Bloodletting"],"picked":"Whirlwind","floor":5},{"not_picked":["Corruption","Power Through"],"picked":"Bludgeon","floor":7},{"not_picked":["Flame Barrier","Dual Wield"],"picked":"Battle Trance","floor":12},{"not_picked":["Cleave","Thunderclap","True Grit","Perfected Strike"],"picked":"SKIP","floor":13},{"not_picked":["Reckless Charge","Second Wind","Heavy Blade"],"picked":"Carnage","floor":14},{"not_picked":["Bludgeon","Brutality","Barricade"],"picked":"Demon Form","floor":16},{"not_picked":["True Grit+1","Fire Breathing","Warcry"],"picked":"Seeing Red","floor":18},{"not_picked":["Second Wind","Pommel Strike+1","Anger"],"picked":"Pummel","floor":19},{"not_picked":["Body Slam","Clothesline","Corruption"],"picked":"Shrug It Off+1","floor":20},{"not_picked":["Armaments","Iron Wave","Hemokinesis"],"picked":"Disarm","floor":24},{"not_picked":["Juggernaut","Clothesline","Sword Boomerang","Rupture"],"picked":"SKIP","floor":28},{"not_picked":["Perfected Strike","Sever Soul","Cleave"],"picked":"Shrug It Off","floor":29},{"not_picked":["Clothesline","Shrug It Off","Cleave"],"picked":"Rage","floor":30},{"not_picked":["Thunderclap","Sword Boomerang","Whirlwind"],"picked":"Limit Break","floor":31},{"not_picked":["Barricade","Berserk","Double Tap"],"picked":"Reaper","floor":33},{"not_picked":["Cleave+1","Pommel Strike","Entrench+1","Rage"],"picked":"SKIP","floor":35},{"not_picked":["Corruption+1","Headbutt+1","Cleave+1"],"picked":"Armaments","floor":38},{"not_picked":["Thunderclap","Whirlwind","Iron Wave"],"picked":"Sword Boomerang+1","floor":39},{"not_picked":["Bloodletting","Demon Form","Headbutt"],"picked":"Battle Trance+1","floor":40},{"not_picked":["Twin Strike","Thunderclap","Anger+1","True Grit"],"picked":"SKIP","floor":42},{"not_picked":["Clash+1","Twin Strike+1","True Grit+1"],"picked":"Ghostly Armor+1","floor":46},{"not_picked":["Reckless Charge+1","Cleave+1","True Grit"],"picked":"Barricade","floor":47},{"not_picked":["Dual Wield","Second Wind","Cleave+1","Twin Strike+1"],"picked":"SKIP","floor":48}],"player_experience":6734,"relics_obtained":[{"floor":9,"key":"Mango"},{"floor":12,"key":"Question Card"},{"floor":26,"key":"Self Forming Clay"},{"floor":40,"key":"FossilizedHelix"},{"floor":43,"key":"Happy Flower"},{"floor":45,"key":"Charon\u0027s Ashes"},{"floor":47,"key":"Mummified Hand"}],"event_choices":[{"cards_removed":["Strike_R"],"damage_healed":0,"gold_gain":0,"player_choice":"Forget","damage_taken":0,"max_hp_gain":0,"max_hp_loss":0,"event_name":"Living Wall","floor":8,"gold_loss":0},{"cards_removed":["Strike_R"],"damage_healed":0,"gold_gain":0,"player_choice":"Offered Basic","damage_taken":0,"max_hp_gain":0,"max_hp_loss":0,"event_name":"Bonfire Elementals","floor":11,"gold_loss":0},{"cards_removed":["Defend_R"],"damage_healed":0,"gold_gain":0,"player_choice":"Took Card","damage_taken":0,"max_hp_gain":0,"max_hp_loss":0,"event_name":"NoteForYourself","floor":22,"gold_loss":0,"cards_obtained":["Iron Wave"]},{"damage_healed":0,"gold_gain":0,"player_choice":"Read","damage_taken":0,"max_hp_gain":0,"max_hp_loss":0,"event_name":"The Library","floor":27,"gold_loss":0,"cards_obtained":["Dark Embrace"]},{"damage_healed":0,"gold_gain":0,"player_choice":"Ignored","damage_taken":0,"max_hp_gain":0,"max_hp_loss":0,"event_name":"Tomb of Lord Red Mask","floor":36,"gold_loss":0},{"damage_healed":0,"gold_gain":0,"player_choice":"Ignored","damage_taken":0,"max_hp_gain":0,"max_hp_loss":0,"event_name":"SecretPortal","floor":37,"gold_loss":0},{"damage_healed":0,"gold_gain":0,"player_choice":"Fight","damage_taken":0,"max_hp_gain":0,"max_hp_loss":0,"event_name":"MindBloom","floor":45,"gold_loss":0}],"is_beta":false,"boss_relics":[{"not_picked":["Coffee Dripper","Mark of Pain"],"picked":"Lizard Tail"},{"not_picked":["Tiny House","Empty Cage"],"picked":"Fusion Hammer"}],"items_purged_floors":[21,44],"is_endless":false,"potions_floor_spawned":[3,12,13,16,18,20,29,30,31,35,40,45,47],"ascension_level":0}