{"gold_per_floor":[113,38,52,67,67,67,100,119,119,137,168,168,198,216,216,311,311,324,324,59,59,74,100,115,144,144,144,154,173,203,106,106,209,209,228,8,8,8,20,20,20,53,53,79,89,89,143,168,168,168,168,168,3,28,28],"floor_reached":55,"playtime":2959,"items_purged":["Injury"],"score":1233,"play_id":"e18296a2-6f41-4bbe-87a7-73988e1558c5","local_time":"20190901100419","is_ascension_mode":true,"campfire_choices":[{"data":"Zap","floor":6,"key":"SMITH"},{"floor":15,"key":"REST"},{"floor":27,"key":"REST"},{"data":"Buffer","floor":32,"key":"SMITH"},{"data":"Doom and Gloom","floor":40,"key":"SMITH"},{"floor":46,"key":"RECALL"},{"data":"Bite","floor":49,"key":"SMITH"},{"data":"Gash","floor":52,"key":"SMITH"}],"neow_cost":"CURSE","seed_source_timestamp":0,"circlet_count":0,"master_deck":["Defend_B","Defend_B","Zap+1","Dualcast","Ball Lightning","Buffer+1","Hologram+1","Conserve Battery+1","Doom and Gloom+1","Core Surge","Bite+1","Bite","Bite","Bite","Bite","BootSequence+1","Static Discharge+1","Skim+1","Seek+1","Gash+1","Glacier+1","Barrage+1","Go for the Eyes+1","Coolheaded+1","Gash+1","Blizzard+1","Leap+1","Consume+1","Cold Snap+1","Undo+1","Darkness+1"],"special_seed":0,"relics":["Cracked Core","Pantograph","Toxic Egg 2","Cables","Dodecahedron","Regal Pillow","Velvet Choker","Sling","Bottled Flame","Happy Flower","Letter Opener","Bag of Preparation","Astrolabe","Oddly Smooth Stone","Anchor","DataDisk","Gambling Chip","Orichalcum","Bronze Scales"],"potions_floor_usage":[7,18,23,23,23,25,33,33,33,33,48,48,54,55,55,55],"damage_taken":[{"damage":1,"enemies":"2 Louse","floor":1,"turns":3},{"damage":0,"enemies":"Cultist","floor":3,"turns":2},{"damage":0,"enemies":"Small Slimes","floor":4,"turns":2},{"damage":10,"enemies":"3 Sentries","floor":7,"turns":5},{"damage":4,"enemies":"Exordium Wildlife","floor":8,"turns":4},{"damage":0,"enemies":"Red Slaver","floor":10,"turns":4},{"damage":13,"enemies":"Gremlin Nob","floor":11,"turns":4},{"damage":15,"enemies":"Lagavulin","floor":13,"turns":6},{"damage":7,"enemies":"Exordium Thugs","floor":14,"turns":4},{"damage":0,"enemies":"Slime Boss","floor":16,"turns":4},{"damage":10,"enemies":"2 Thieves","floor":18,"turns":3},{"damage":0,"enemies":"Chosen","floor":22,"turns":4},{"damage":32,"enemies":"Gremlin Leader","floor":23,"turns":7},{"damage":0,"enemies":"Sentry and Sphere","floor":24,"turns":3},{"damage":24,"enemies":"Book of Stabbing","floor":25,"turns":4},{"damage":11,"enemies":"Snecko","floor":28,"turns":4},{"damage":10,"enemies":"Centurion and Healer","floor":29,"turns":5},{"damage":36,"enemies":"Slavers","floor":30,"turns":4},{"damage":25,"enemies":"Collector","floor":33,"turns":9},{"damage":0,"enemies":"Orb Walker","floor":35,"turns":3},{"damage":1,"enemies":"3 Darklings","floor":39,"turns":5},{"damage":10,"enemies":"Reptomancer","floor":42,"turns":5},{"damage":8,"enemies":"Nemesis","floor":44,"turns":8},{"damage":0,"enemies":"4 Shapes","floor":45,"turns":3},{"damage":9,"enemies":"2 Orb Walkers","floor":47,"turns":6},{"damage":3,"enemies":"Giant Head","floor":48,"turns":10},{"damage":58,"enemies":"Awakened One","floor":50,"turns":18},{"damage":35,"enemies":"Shield and Spear","floor":54,"turns":6},{"damage":82,"enemies":"The Heart","floor":55,"turns":5}],"seed_played":"-6907209621883587140","potions_obtained":[{"floor":3,"key":"Explosive Potion"},{"floor":4,"key":"FearPotion"},{"floor":11,"key":"SpeedPotion"},{"floor":13,"key":"Ancient Potion"},{"floor":22,"key":"Block Potion"},{"floor":23,"key":"Strength Potion"},{"floor":29,"key":"PowerPotion"},{"floor":42,"key":"SteroidPotion"},{"floor":44,"key":"Poison Potion"},{"floor":45,"key":"FearPotion"},{"floor":54,"key":"Regen Potion"}],"is_trial":false,"path_per_floor":["M","$","M","M","?","R","E","M","T","M","E","?","E","M","R","B",null,"M","?","$","?","M","E","M","E","T","R","M","M","E","$","R","B",null,"M","$","?","?","M","R","$","E","T","E","M","R","?","E","R","B",null,"R","$","E","B"],"character_chosen":"DEFECT","items_purchased":["Sling","BootSequence+1","EntropicBrew","Coolheaded+1","Gash","Oddly Smooth Stone","Undo+1","Swift Potion","SteroidPotion"],"campfire_rested":2,"item_purchase_floors":[20,20,31,36,36,36,53,53,53],"current_hp_per_floor":[81,81,81,81,81,81,71,67,67,67,54,47,32,25,66,89,89,79,62,62,62,62,40,42,24,24,57,51,51,21,21,21,43,57,62,62,59,59,59,59,59,59,59,52,54,54,53,59,59,21,50,50,50,30,0],"gold":28,"neow_bonus":"TWENTY_PERCENT_HP_BONUS","is_prod":false,"is_daily":false,"chose_seed":false,"campfire_upgraded":5,"win_rate":0,"timestamp":1567328659,"path_taken":["M","$","M","M","?","R","E","M","T","?","E","?","E","M","R","BOSS","M","?","$","?","M","E","M","E","T","R","M","?","E","$","R","BOSS","M","$","?","?","M","R","?","E","T","E","M","R","?","E","R","BOSS","R","$","E","BOSS"],"build_version":"2019-07-17","purchased_purges":1,"victory":false,"max_hp_per_floor":[89,89,89,89,89,89,89,89,89,89,89,89,89,89,89,89,89,89,62,62,62,62,62,62,62,62,62,62,62,62,62,62,62,62,62,62,59,59,59,59,59,59,59,59,59,59,59,59,59,59,59,59,59,59,59],"card_choices":[{"not_picked":["Consume","Conserve Battery"],"picked":"Rip and Tear","floor":1},{"not_picked":["Melter","Static Discharge"],"picked":"Ball Lightning","floor":3},{"not_picked":["Gash","Compile Driver"],"picked":"Go for the Eyes","floor":4},{"not_picked":["Rebound","Leap"],"picked":"Buffer","floor":7},{"not_picked":["Go for the Eyes","Rebound","Turbo"],"picked":"SKIP","floor":8},{"not_picked":["Steam+1","Streamline"],"picked":"Hologram+1","floor":10},{"not_picked":["Chaos+1","Steam+1"],"picked":"Conserve Battery+1","floor":11},{"not_picked":["Go for the Eyes","Beam Cell"],"picked":"Doom and Gloom","floor":13},{"not_picked":["Ball Lightning","Sweeping Beam","Rebound"],"picked":"SKIP","floor":14},{"not_picked":["Machine Learning","Reboot+1"],"picked":"Core Surge","floor":16},{"not_picked":["Leap+1","Lockon+1"],"picked":"Coolheaded+1","floor":18},{"not_picked":["Ball Lightning","Turbo+1","Chaos+1"],"picked":"SKIP","floor":22},{"not_picked":["Ball Lightning","Rainbow+1","Sweeping Beam"],"picked":"SKIP","floor":23},{"not_picked":["Ball Lightning","Streamline"],"picked":"Static Discharge+1","floor":24},{"not_picked":["Streamline","Thunder Strike","Barrage+1"],"picked":"SKIP","floor":25},{"not_picked":["Doom and Gloom+1","Sunder"],"picked":"Skim+1","floor":28},{"not_picked":["Ball Lightning+1","Blizzard","Fusion+1"],"picked":"SKIP","floor":29},{"not_picked":["Barrage","Streamline","Ball Lightning"],"picked":"SKIP","floor":30},{"not_picked":["All For One","Thunder Strike"],"picked":"Seek+1","floor":33},{"not_picked":["Streamline","Rebound"],"picked":"Go for the Eyes+1","floor":35},{"not_picked":["Streamline","Compile Driver","Storm"],"picked":"SKIP","floor":39},{"not_picked":["Chaos+1","Echo Form"],"picked":"Blizzard+1","floor":42},{"not_picked":["Scrape","Steam Power+1","Cold Snap"],"picked":"SKIP","floor":44},{"not_picked":["Turbo+1","Genetic Algorithm+1"],"picked":"Leap+1","floor":45},{"not_picked":["Static Discharge","Force Field+1"],"picked":"Consume+1","floor":47},{"not_picked":["Skim+1","Fusion+1"],"picked":"Cold Snap+1","floor":48},{"not_picked":["Redo+1","Go for the Eyes"],"picked":"Darkness+1","floor":54}],"player_experience":1892552,"relics_obtained":[{"floor":7,"key":"Pantograph"},{"floor":9,"key":"Toxic Egg 2"},{"floor":11,"key":"Cables"},{"floor":13,"key":"Regal Pillow"},{"floor":23,"key":"Bottled Flame"},{"floor":25,"key":"Happy Flower"},{"floor":26,"key":"Letter Opener"},{"floor":30,"key":"Bag of Preparation"},{"floor":42,"key":"Anchor"},{"floor":44,"key":"DataDisk"},{"floor":47,"key":"Gambling Chip"},{"floor":48,"key":"Orichalcum"},{"floor":54,"key":"Bronze Scales"}],"event_choices":[{"cards_removed":["Strike_B"],"damage_healed":0,"gold_gain":0,"player_choice":"Purged","damage_taken":0,"max_hp_gain":0,"max_hp_loss":0,"event_name":"Purifier","floor":5,"gold_loss":0},{"damage_healed":0,"gold_gain":0,"player_choice":"Success","damage_taken":7,"relics_obtained":["Dodecahedron"],"max_hp_gain":0,"max_hp_loss":0,"event_name":"Scrap Ooze","floor":12,"gold_loss":0},{"damage_healed":0,"gold_gain":0,"player_choice":"Became a vampire","damage_taken":0,"max_hp_gain":0,"max_hp_loss":27,"event_name":"Vampires","floor":19,"gold_loss":0,"cards_obtained":["Bite","Bite","Bite","Bite","Bite"]},{"cards_removed":["Defend_B"],"damage_healed":0,"gold_gain":0,"player_choice":"Offered Basic","damage_taken":0,"max_hp_gain":0,"max_hp_loss":0,"event_name":"Bonfire Elementals","floor":21,"gold_loss":0},{"damage_healed":0,"gold_gain":0,"player_choice":"Max HP","damage_taken":0,"max_hp_gain":0,"max_hp_loss":3,"event_name":"Winding Halls","floor":37,"gold_loss":0},{"cards_removed":["Coolheaded"],"damage_healed":0,"gold_gain":0,"player_choice":"Removed Skill","damage_taken":0,"max_hp_gain":0,"max_hp_loss":0,"event_name":"Falling","floor":38,"gold_loss":0},{"damage_healed":0,"gold_gain":0,"player_choice":"Fight","damage_taken":0,"max_hp_gain":0,"max_hp_loss":0,"event_name":"Mysterious Sphere","floor":47,"gold_loss":0}],"is_beta":false,"boss_relics":[{"not_picked":["Coffee Dripper","Empty Cage"],"picked":"Velvet Choker"},{"not_picked":["Fusion Hammer","Runic Dome"],"picked":"Astrolabe"}],"items_purged_floors":[2],"is_endless":false,"potions_floor_spawned":[3,4,11,13,22,23,29,42,44,45,54],"killed_by":"The Heart","ascension_level":9}