{"gold_per_floor":[111,121,296,296,296,321,321,332,332,332,366,380,399,416,416,517,517,442,81,81,81],"floor_reached":21,"playtime":943,"items_purged":["Strike_B"],"score":287,"play_id":"4ac0a5e4-dc0c-4604-8652-b3d2cb2fa91d","local_time":"20191023190823","is_ascension_mode":true,"campfire_choices":[{"floor":7,"key":"REST"},{"data":"Go for the Eyes","floor":10,"key":"SMITH"},{"data":"Creative AI","floor":15,"key":"SMITH"}],"neow_cost":"NONE","seed_source_timestamp":523301409264100,"circlet_count":0,"master_deck":["AscendersBane","Strike_B","Strike_B","Defend_B","Defend_B","Defend_B","Defend_B","Zap","Dualcast","Genetic Algorithm","Go for the Eyes+1","Scrape","Auto Shields","Ball Lightning","Machine Learning","Streamline","Creative AI+1","Echo Form","Static Discharge","Storm"],"relics":["Cracked Core","Omamori","Darkstone Periapt","Incense Burner","Dodecahedron","Bird Faced Urn","Ectoplasm","OrangePellets"],"potions_floor_usage":[6,6,16,21],"damage_taken":[{"damage":0,"enemies":"Small Slimes","floor":1,"turns":2},{"damage":6,"enemies":"Jaw Worm","floor":2,"turns":3},{"damage":30,"enemies":"3 Sentries","floor":6,"turns":6},{"damage":0,"enemies":"2 Louse","floor":8,"turns":3},{"damage":16,"enemies":"Gremlin Nob","floor":11,"turns":5},{"damage":1,"enemies":"Looter","floor":12,"turns":3},{"damage":0,"enemies":"Blue Slaver","floor":13,"turns":4},{"damage":5,"enemies":"Large Slime","floor":14,"turns":5},{"damage":16,"enemies":"Hexaghost","floor":16,"turns":11},{"damage":14,"enemies":"2 Thieves","floor":18,"turns":5},{"damage":24,"enemies":"Chosen","floor":20,"turns":6},{"damage":62,"enemies":"Masked Bandits","floor":21,"turns":3}],"seed_played":"8472079020469894531","potions_obtained":[{"floor":1,"key":"PowerPotion"},{"floor":2,"key":"EssenceOfSteel"},{"floor":12,"key":"Poison Potion"},{"floor":16,"key":"Weak Potion"},{"floor":18,"key":"LiquidBronze"}],"is_trial":false,"path_per_floor":["M","M","?","?","?","E","R","M","T","R","E","M","M","M","R","B",null,"M","$","M","?"],"character_chosen":"DEFECT","items_purchased":["OrangePellets","Static Discharge"],"campfire_rested":1,"item_purchase_floors":[19,19],"current_hp_per_floor":[68,62,62,62,44,14,36,36,36,36,20,21,21,18,18,20,61,49,49,45,0],"gold":81,"neow_bonus":"RANDOM_COMMON_RELIC","is_prod":false,"is_daily":false,"chose_seed":false,"campfire_upgraded":2,"win_rate":0,"timestamp":1571882903,"path_taken":["M","M","?","?","?","E","R","M","T","R","E","M","M","M","R","BOSS","M","$","M","?"],"build_version":"2019-07-17","purchased_purges":1,"victory":false,"max_hp_per_floor":[75,75,75,75,75,75,75,75,75,75,75,75,75,75,75,75,75,75,75,75,75],"card_choices":[{"not_picked":["Scrape","Fusion"],"picked":"Genetic Algorithm","floor":1},{"not_picked":["Rebound","Hologram"],"picked":"Go for the Eyes","floor":2},{"not_picked":["Conserve Battery","Defragment"],"picked":"Auto Shields","floor":6},{"not_picked":["Recycle","Beam Cell"],"picked":"Ball Lightning","floor":8},{"not_picked":["Steam","Redo"],"picked":"Machine Learning","floor":11},{"not_picked":["Sweeping Beam","Storm","Beam Cell"],"picked":"SKIP","floor":12},{"not_picked":["Undo","Stack"],"picked":"Streamline","floor":13},{"not_picked":["Barrage","Steam"],"picked":"Creative AI","floor":14},{"not_picked":["Biased Cognition","Creative AI"],"picked":"Echo Form","floor":16},{"not_picked":["Lockon","Cold Snap","Steam Power"],"picked":"SKIP","floor":18},{"not_picked":["Hologram","Turbo"],"picked":"Storm","floor":20}],"player_experience":432311,"relics_obtained":[{"floor":6,"key":"Incense Burner"},{"floor":9,"key":"Dodecahedron"},{"floor":11,"key":"Bird Faced Urn"}],"event_choices":[{"damage_healed":0,"gold_gain":175,"player_choice":"AGREE","damage_taken":0,"max_hp_gain":0,"max_hp_loss":0,"event_name":"Liars Game","floor":3,"gold_loss":0,"cards_obtained":["Doubt"]},{"damage_healed":0,"gold_gain":0,"cards_transformed":["Strike_B"],"player_choice":"Change","damage_taken":0,"max_hp_gain":0,"max_hp_loss":0,"event_name":"Living Wall","floor":4,"gold_loss":0,"cards_obtained":["Scrape"]},{"damage_healed":0,"gold_gain":0,"player_choice":"Success","damage_taken":18,"relics_obtained":["Darkstone Periapt"],"max_hp_gain":0,"max_hp_loss":0,"event_name":"Scrap Ooze","floor":5,"gold_loss":0},{"damage_healed":0,"gold_gain":0,"player_choice":"Fought Bandits","damage_taken":0,"max_hp_gain":0,"max_hp_loss":0,"event_name":"Masked Bandits","floor":21,"gold_loss":0}],"is_beta":false,"boss_relics":[{"not_picked":["Lizard Tail","Black Star"],"picked":"Ectoplasm"}],"items_purged_floors":[19],"is_endless":false,"potions_floor_spawned":[1,2,12,16,18],"killed_by":"Masked Bandits","ascension_level":10}