{"gold_per_floor":[109,122,2,17,17,61,311,311,357,357,112,126,165,165,165,286,286,310,1,20,33,33],"floor_reached":22,"playtime":968,"items_purged":["Parasite","Regret","Fire Breathing+1"],"score":204,"play_id":"f55ea7e1-580a-4a69-be6c-674a6c9ccbf7","local_time":"20180721201703","is_ascension_mode":true,"campfire_choices":[{"floor":8,"key":"REST"},{"data":"Barricade","floor":10,"key":"SMITH"},{"floor":15,"key":"REST"}],"neow_cost":"CURSE","seed_source_timestamp":624518201644032,"circlet_count":0,"master_deck":["Strike_R","Strike_R","Defend_R","Defend_R","Defend_R","Defend_R","Bash","Barricade+1","Pommel Strike","Seeing Red+1","Iron Wave","Flex","Battle Trance","Spot Weakness","Reaper","Double Tap+1","Anger+1","Flex+1","Apotheosis","Headbutt","Disarm"],"relics":["Burning Blood","Golden Idol","Red Skull","Vajra","Anchor","Du-Vu Doll","Astrolabe"],"potions_floor_usage":[6,13,16,21],"damage_taken":[{"damage":12,"enemies":"Cultist","floor":1,"turns":6},{"damage":15,"enemies":"Small Slimes","floor":2,"turns":4},{"damage":6,"enemies":"Jaw Worm","floor":4,"turns":7},{"damage":31,"enemies":"3 Sentries","floor":6,"turns":13},{"damage":3,"enemies":"Red Slaver","floor":12,"turns":5},{"damage":35,"enemies":"Lagavulin","floor":13,"turns":7},{"damage":35,"enemies":"The Guardian","floor":16,"turns":11},{"damage":22,"enemies":"Chosen","floor":18,"turns":5},{"damage":33,"enemies":"2 Thieves","floor":20,"turns":5},{"damage":40,"enemies":"Snake Plant","floor":21,"turns":6},{"damage":34,"enemies":"Slaver and Parasite","floor":22,"turns":4}],"seed_played":"-2152092506991850265","potions_obtained":[{"floor":4,"key":"Block Potion"},{"floor":12,"key":"AttackPotion"},{"floor":13,"key":"AttackPotion"},{"floor":20,"key":"Fruit Juice"}],"is_trial":false,"path_per_floor":["M","M","$","M","?","E","?","R","T","R","$","M","E","?","R","B",null,"M","$","M","M"],"character_chosen":"IRONCLAD","items_purchased":["Iron Wave","Anchor","Apotheosis"],"campfire_rested":2,"item_purchase_floors":[3,11,19],"current_hp_per_floor":[74,65,65,65,46,21,21,44,44,44,44,47,18,18,41,12,77,61,61,48,32,0],"gold":33,"neow_bonus":"THREE_RARE_CARDS","is_prod":false,"is_daily":false,"chose_seed":false,"campfire_upgraded":1,"win_rate":0,"timestamp":1532193423,"path_taken":["M","?","$","?","?","E","?","R","T","R","$","?","E","?","R","BOSS","M","$","M","M","M"],"build_version":"2018-07-19v2","purchased_purges":3,"victory":false,"max_hp_per_floor":[80,80,77,77,77,77,77,77,77,77,77,77,77,77,77,77,77,77,77,77,82,82],"card_choices":[{"not_picked":["Juggernaut","Bludgeon"],"picked":"Barricade","floor":0},{"not_picked":["Wild Strike","Havoc"],"picked":"Pommel Strike","floor":1},{"not_picked":["Feel No Pain","Clothesline"],"picked":"Seeing Red","floor":2},{"not_picked":["Dropkick","Warcry"],"picked":"Flex","floor":4},{"not_picked":["Reckless Charge","Berserk"],"picked":"Battle Trance","floor":6},{"not_picked":["Dropkick","Flex"],"picked":"Spot Weakness","floor":12},{"not_picked":["Perfected Strike","Sever Soul","Juggernaut"],"picked":"SKIP","floor":13},{"not_picked":["Barricade","Impervious"],"picked":"Reaper","floor":16},{"not_picked":["Seeing Red","Body Slam+1"],"picked":"Flex+1","floor":18},{"not_picked":["Perfected Strike","Warcry"],"picked":"Headbutt","floor":20},{"not_picked":["Shrug It Off","Clothesline"],"picked":"Disarm","floor":21}],"player_experience":154972,"relics_obtained":[{"floor":6,"key":"Red Skull"},{"floor":9,"key":"Vajra"},{"floor":13,"key":"Du-Vu Doll"}],"event_choices":[{"event_name":"Golden Idol","player_choice":"Take Damage","floor":5,"damage_taken":0},{"event_name":"Golden Shrine","player_choice":"Desecrate","floor":7,"damage_taken":0},{"event_name":"Upgrade Shrine","player_choice":"Upgraded","floor":14,"damage_taken":0}],"is_beta":false,"boss_relics":[{"not_picked":["White Beast Statue","Snecko Eye"],"picked":"Astrolabe"}],"items_purged_floors":[3,11,19],"is_endless":false,"potions_floor_spawned":[4,12,13,20],"killed_by":"Slaver and Parasite","ascension_level":1}