{"gold_per_floor":[119,294,294,305,83,111,111,137,161,161,181,209,225,242,242,242],"floor_reached":16,"playtime":835,"items_purged":["Doubt"],"score":156,"play_id":"ef9c5d79-cd1c-47a7-99a1-aa204287a8f5","local_time":"20191012031957","is_ascension_mode":true,"campfire_choices":[{"data":"Fire Breathing","floor":7.0,"key":"SMITH"},{"floor":10,"key":"REST"},{"floor":15,"key":"REST"}],"neow_cost":"NONE","seed_source_timestamp":95706103731000,"circlet_count":0,"master_deck":["Strike_R+1","Strike_R","Strike_R","Strike_R+1","Defend_R","Defend_R","Defend_R","Defend_R","Bash","Fire Breathing+1","Corruption","Cleave","Dark Embrace","Reaper","Inflame","Reaper","Inflame"],"special_seed":0,"relics":["Burning Blood","Vajra","Smiling Mask","Whetstone","Omamori","Dream Catcher"],"potions_floor_usage":[8,12,16,16],"damage_taken":[{"damage":6.0,"enemies":"Cultist","floor":1.0,"turns":3.0},{"damage":4.0,"enemies":"Jaw Worm","floor":4.0,"turns":4.0},{"damage":50.0,"enemies":"Lagavulin","floor":6.0,"turns":8.0},{"damage":29,"enemies":"3 Sentries","floor":8,"turns":7},{"damage":5,"enemies":"2 Louse","floor":11,"turns":2},{"damage":35,"enemies":"Lagavulin","floor":12,"turns":5},{"damage":9,"enemies":"Exordium Wildlife","floor":13,"turns":3},{"damage":9,"enemies":"Red Slaver","floor":14,"turns":3},{"damage":70,"enemies":"The Guardian","floor":16,"turns":10}],"seed_played":"-422989392342253730","potions_obtained":[{"floor":0.0,"key":"SteroidPotion"},{"floor":0.0,"key":"Swift Potion"},{"floor":0.0,"key":"BloodPotion"},{"floor":4.0,"key":"Dexterity Potion"},{"floor":11,"key":"Fire Potion"}],"is_trial":false,"path_per_floor":["M","?","?","M","$","E","R","E","T","R","M","E","M","M","R","B"],"character_chosen":"IRONCLAD","items_purchased":["Vajra"],"campfire_rested":2,"item_purchase_floors":[5],"current_hp_per_floor":[72,72,72,74,74,30,30,7,7,31,32,10,11,8,32,0],"gold":242,"neow_bonus":"THREE_SMALL_POTIONS","is_prod":false,"is_daily":false,"chose_seed":false,"campfire_upgraded":1,"win_rate":0,"timestamp":1570843197,"path_taken":["M","?","?","M","$","E","R","E","T","R","M","E","M","?","R","BOSS"],"build_version":"2019-07-17","purchased_purges":1,"victory":false,"max_hp_per_floor":[80,80,80,80,80,80,80,80,80,80,80,80,80,80,80,80],"card_choices":[{"not_picked":["True Grit","Heavy Blade"],"picked":"Fire Breathing","floor":1.0},{"not_picked":["Anger","Carnage"],"picked":"Cleave","floor":4.0},{"not_picked":["Cleave","Rupture"],"picked":"Dark Embrace","floor":6.0},{"not_picked":["Shockwave","Thunderclap"],"picked":"Reaper","floor":8},{"not_picked":["True Grit","Thunderclap","Cleave"],"picked":"SKIP","floor":11},{"not_picked":["Cleave","Thunderclap","Twin Strike"],"picked":"SKIP","floor":12},{"not_picked":["Dual Wield","Uppercut"],"picked":"Inflame","floor":13},{"not_picked":["Pommel Strike","Body Slam"],"picked":"Reaper","floor":14},{"not_picked":["Body Slam","Armaments"],"picked":"Inflame","floor":15}],"player_experience":250181,"relics_obtained":[{"floor":6.0,"key":"Smiling Mask"},{"floor":8,"key":"Whetstone"},{"floor":9,"key":"Omamori"},{"floor":12,"key":"Dream Catcher"}],"event_choices":[{"damage_healed":0.0,"max_hp_gain":0.0,"max_hp_loss":0.0,"gold_gain":175.0,"event_name":"Liars Game","player_choice":"AGREE","floor":2.0,"gold_loss":0.0,"damage_taken":0.0,"cards_obtained":["Doubt"]},{"damage_healed":0.0,"max_hp_gain":0.0,"max_hp_loss":0.0,"gold_gain":0.0,"cards_transformed":["Strike_R"],"event_name":"Transmorgrifier","player_choice":"Transformed","floor":3.0,"gold_loss":0.0,"damage_taken":0.0,"cards_obtained":["Corruption"]}],"is_beta":false,"boss_relics":[],"items_purged_floors":[5],"is_endless":false,"potions_floor_spawned":[1,4,6,11],"killed_by":"The Guardian","ascension_level":6}