{"gold_per_floor":[117,67,77,5,15,15,46,46,73,73,85,85,96,96,96,197,197,213,213,213,231,243,243,258,258],"floor_reached":25,"playtime":1692,"items_purged":[],"score":233,"play_id":"b0d9e563-46aa-4b4c-b51f-5ca34997b744","local_time":"20190930153238","is_ascension_mode":true,"campfire_choices":[{"data":"Armaments","floor":6,"key":"SMITH"},{"data":"Dark Embrace","floor":8,"key":"SMITH"},{"data":"Body Slam","floor":15,"key":"SMITH"},{"data":"Seeing Red","floor":23,"key":"SMITH"}],"neow_cost":"PERCENT_DAMAGE","seed_source_timestamp":13846032885300,"circlet_count":0,"master_deck":["Strike_R+1","Bash","Dual Wield","Armaments+1","Dropkick+1","Dropkick","Metallicize","Shrug It Off","Body Slam+1","Warcry","Limit Break","Battle Trance+1","Seeing Red+1","Headbutt+1","Headbutt+1","Power Through"],"relics":["Burning Blood","Centennial Puzzle","Empty Cage"],"potions_floor_usage":[5,13,21,24,24],"damage_taken":[{"damage":0,"enemies":"2 Louse","floor":1,"turns":2},{"damage":2,"enemies":"Jaw Worm","floor":3,"turns":6},{"damage":3,"enemies":"Small Slimes","floor":5,"turns":3},{"damage":30,"enemies":"Lagavulin","floor":7,"turns":8},{"damage":8,"enemies":"2 Fungi Beasts","floor":11,"turns":6},{"damage":0,"enemies":"3 Louse","floor":13,"turns":6},{"damage":34,"enemies":"The Guardian","floor":16,"turns":9},{"damage":20,"enemies":"2 Thieves","floor":18,"turns":4},{"damage":24,"enemies":"Spheric Guardian","floor":21,"turns":6},{"damage":14,"enemies":"Centurion and Healer","floor":22,"turns":2},{"damage":37,"enemies":"Snecko","floor":24,"turns":6},{"damage":10,"enemies":"3 Cultists","floor":25,"turns":2}],"seed_played":"-694358349921143076","potions_obtained":[{"floor":1,"key":"Energy Potion"},{"floor":7,"key":"Regen Potion"},{"floor":16,"key":"Explosive Potion"},{"floor":18,"key":"SpeedPotion"},{"floor":21,"key":"AttackPotion"}],"is_trial":false,"path_per_floor":["M","?","M","$","M","R","E","R","T","?","M","?","M","?","R","B",null,"M","?","?","M","M","R","M","M"],"character_chosen":"IRONCLAD","items_purchased":["Dropkick"],"campfire_rested":0,"item_purchase_floors":[4],"current_hp_per_floor":[62,62,66,66,69,69,45,45,45,38,36,36,57,41,41,13,80,66,66,66,48,40,40,9,0],"gold":258,"neow_bonus":"TRANSFORM_TWO_CARDS","is_prod":false,"is_daily":false,"chose_seed":false,"campfire_upgraded":4,"win_rate":0,"timestamp":1569875558,"path_taken":["M","?","M","$","M","R","E","R","T","?","M","?","?","?","R","BOSS","M","?","?","M","?","R","M","M"],"build_version":"2019-07-17","purchased_purges":0,"victory":false,"max_hp_per_floor":[80,80,80,80,80,80,80,80,80,80,80,80,80,80,80,80,80,80,80,80,80,80,80,80,80],"card_choices":[{"not_picked":["Flame Barrier","Iron Wave"],"picked":"Armaments","floor":1},{"not_picked":["Warcry","Combust"],"picked":"Dropkick","floor":3},{"not_picked":["Clash","Combust"],"picked":"Metallicize","floor":5},{"not_picked":["Exhume","Hemokinesis"],"picked":"Shrug It Off","floor":7},{"not_picked":["Heavy Blade","Cleave"],"picked":"Body Slam","floor":11},{"not_picked":["Exhume","Body Slam"],"picked":"Warcry","floor":13},{"not_picked":["Bludgeon","Immolate"],"picked":"Limit Break","floor":16},{"not_picked":["Clash","Pommel Strike"],"picked":"Battle Trance+1","floor":18},{"not_picked":["Wild Strike","Heavy Blade"],"picked":"Headbutt+1","floor":21},{"not_picked":["Heavy Blade","Pommel Strike"],"picked":"Headbutt+1","floor":22},{"not_picked":["Dual Wield","Perfected Strike"],"picked":"Power Through","floor":24}],"player_experience":232694,"relics_obtained":[{"floor":7,"key":"Centennial Puzzle"}],"event_choices":[{"cards_removed":["Strike_R"],"damage_healed":0,"gold_gain":0,"player_choice":"Card Removal","damage_taken":0,"max_hp_gain":0,"max_hp_loss":0,"event_name":"The Cleric","floor":2,"gold_loss":50},{"cards_removed":["Strike_R"],"damage_healed":0,"gold_gain":0,"player_choice":"Card Removal","damage_taken":7,"max_hp_gain":0,"max_hp_loss":0,"event_name":"Golden Wing","floor":10,"gold_loss":0},{"cards_removed":["Strike_R"],"damage_healed":0,"gold_gain":0,"player_choice":"Forget","damage_taken":0,"max_hp_gain":0,"max_hp_loss":0,"event_name":"Living Wall","floor":12,"gold_loss":0},{"damage_healed":0,"gold_gain":0,"player_choice":"Entered Light","damage_taken":16,"max_hp_gain":0,"max_hp_loss":0,"event_name":"Shining Light","floor":14,"gold_loss":0,"cards_upgraded":["Strike_R","Dropkick"]},{"cards_removed":["Defend_R"],"damage_healed":0,"gold_gain":0,"player_choice":"Elegance","damage_taken":0,"max_hp_gain":0,"max_hp_loss":0,"event_name":"Back to Basics","floor":19,"gold_loss":0},{"damage_healed":0,"gold_gain":0,"cards_transformed":["Dark Embrace"],"player_choice":"Transformed","damage_taken":0,"max_hp_gain":0,"max_hp_loss":0,"event_name":"Transmorgrifier","floor":20,"gold_loss":0,"cards_obtained":["Seeing Red"]}],"is_beta":false,"boss_relics":[{"not_picked":["Calling Bell","Ectoplasm"],"picked":"Empty Cage"}],"items_purged_floors":[],"is_endless":false,"potions_floor_spawned":[1,7,16,18,21],"killed_by":"3 Cultists","ascension_level":3}