{"gold_per_floor":[110,60,86,96,96,125,136,136,187,213,226,241,255,273,273,378,378,391,6,6,6,17,17,48,65,65,65,14,31,131,131],"floor_reached":31,"playtime":1034,"items_purged":[],"score":270,"play_id":"e2a6ee3d-01b6-4cab-a0fc-f614840754ee","local_time":"20190406173533","is_ascension_mode":true,"campfire_choices":[{"data":"Forethought","floor":8,"key":"SMITH"},{"floor":15,"key":"REST"},{"data":"Strike_R","floor":23,"key":"PURGE"}],"neow_cost":"NONE","seed_source_timestamp":1206763026040000,"circlet_count":0,"master_deck":["Strike_R","Strike_R","Defend_R+1","Defend_R","Defend_R","Defend_R+1","Bash","Forethought+1","Cleave","Second Wind","Flex","Dropkick","Armaments","Pommel Strike","Thunderclap","Flex","Limit Break+1","Clash","Shockwave","Power Through","Second Wind","Shrug It Off+1","Doubt","Shame","Shockwave+1"],"relics":["Burning Blood","Pen Nib","Pocketwatch","War Paint","Odd Mushroom","Cursed Key","Peace Pipe","Enchiridion","Mercury Hourglass","Orichalcum","Frozen Egg 2"],"potions_floor_usage":[6,12,14,18,29],"damage_taken":[{"damage":12,"enemies":"Small Slimes","floor":1,"turns":3},{"damage":11,"enemies":"Jaw Worm","floor":4,"turns":5},{"damage":37,"enemies":"Lagavulin","floor":6,"turns":8},{"damage":1,"enemies":"2 Louse","floor":7,"turns":2},{"damage":22,"enemies":"The Mushroom Lair","floor":10,"turns":4},{"damage":14,"enemies":"Blue Slaver","floor":11,"turns":5},{"damage":0,"enemies":"2 Fungi Beasts","floor":12,"turns":3},{"damage":10,"enemies":"Looter","floor":13,"turns":3},{"damage":7,"enemies":"Exordium Thugs","floor":14,"turns":2},{"damage":7,"enemies":"Hexaghost","floor":16,"turns":12},{"damage":1,"enemies":"Chosen","floor":18,"turns":4},{"damage":23,"enemies":"3 Byrds","floor":22,"turns":6},{"damage":28,"enemies":"Gremlin Leader","floor":24,"turns":6},{"damage":14,"enemies":"Cultist and Chosen","floor":25,"turns":5},{"damage":10,"enemies":"Shelled Parasite and Fungi","floor":29,"turns":5},{"damage":17,"enemies":"Snake Plant","floor":31,"turns":2}],"seed_played":"-228369113242482790","potions_obtained":[{"floor":1,"key":"Block Potion"},{"floor":7,"key":"Swift Potion"},{"floor":13,"key":"SkillPotion"},{"floor":14,"key":"Weak Potion"},{"floor":22,"key":"Dexterity Potion"},{"floor":29,"key":"SteroidPotion"}],"is_trial":false,"path_per_floor":["M","?","T","M","?","E","M","R","T","?","M","M","M","M","R","B",null,"M","$","?","?","M","R","E","M","T","T","$","M","?","M"],"character_chosen":"IRONCLAD","items_purchased":["Peace Pipe","Shockwave","Dexterity Potion"],"campfire_rested":1,"item_purchase_floors":[19,19,28],"current_hp_per_floor":[74,74,74,69,62,31,36,36,36,20,12,18,14,13,37,36,80,80,80,64,64,47,47,25,17,17,17,17,13,13,0],"gold":131,"neow_bonus":"RANDOM_COLORLESS","is_prod":false,"is_daily":false,"chose_seed":false,"campfire_upgraded":1,"win_rate":0,"timestamp":1554561333,"path_taken":["M","?","?","M","?","E","M","R","T","?","M","?","M","M","R","BOSS","M","$","?","?","?","R","E","M","T","?","$","M","?","M"],"build_version":"2019-01-23","purchased_purges":0,"victory":false,"max_hp_per_floor":[80,80,80,80,80,80,80,80,80,80,80,80,80,80,80,80,80,80,80,80,80,80,80,80,80,80,80,80,80,80,80],"card_choices":[{"not_picked":["Havoc","Warcry"],"picked":"Cleave","floor":1},{"not_picked":["Heavy Blade","Pummel"],"picked":"Second Wind","floor":4},{"not_picked":["Anger","Body Slam"],"picked":"Flex","floor":6},{"not_picked":["Shrug It Off","Pommel Strike"],"picked":"Dropkick","floor":7},{"not_picked":["Perfected Strike","Bloodletting"],"picked":"Armaments","floor":10},{"not_picked":["Limit Break","Sever Soul"],"picked":"Pommel Strike","floor":11},{"not_picked":["Flex","Cleave"],"picked":"Thunderclap","floor":12},{"not_picked":["Twin Strike","True Grit"],"picked":"Flex","floor":13},{"not_picked":["Feed","Fire Breathing","Twin Strike"],"picked":"SKIP","floor":14},{"not_picked":["Feed","Fiend Fire"],"picked":"Limit Break","floor":16},{"not_picked":["Flex+1","Cleave"],"picked":"Clash","floor":18},{"not_picked":["Warcry","Sentinel"],"picked":"Power Through","floor":22},{"not_picked":["Berserk","True Grit"],"picked":"Second Wind","floor":24},{"not_picked":["Body Slam","True Grit"],"picked":"Shrug It Off+1","floor":25},{"not_picked":["Twin Strike","Burning Pact"],"picked":"Shockwave+1","floor":29}],"player_experience":254165,"relics_obtained":[{"floor":3,"key":"Pen Nib"},{"floor":6,"key":"Pocketwatch"},{"floor":9,"key":"War Paint"},{"floor":10,"key":"Odd Mushroom"},{"floor":20,"key":"Enchiridion"},{"floor":24,"key":"Mercury Hourglass"},{"floor":26,"key":"Orichalcum"},{"floor":27,"key":"Frozen Egg 2"}],"event_choices":[{"cards_removed":["Strike_R"],"damage_healed":0,"gold_gain":0,"player_choice":"Card Removal","damage_taken":0,"max_hp_gain":0,"max_hp_loss":0,"event_name":"The Cleric","floor":2,"gold_loss":50},{"cards_removed":["Strike_R"],"damage_healed":0,"gold_gain":0,"player_choice":"Card Removal","damage_taken":7,"max_hp_gain":0,"max_hp_loss":0,"event_name":"Golden Wing","floor":5,"gold_loss":0},{"damage_healed":0,"gold_gain":0,"player_choice":"Fought Mushrooms","damage_taken":0,"max_hp_gain":0,"max_hp_loss":0,"event_name":"Mushrooms","floor":10,"gold_loss":0},{"damage_healed":0,"gold_gain":0,"player_choice":"Obtained Book","damage_taken":16,"max_hp_gain":0,"max_hp_loss":0,"event_name":"Cursed Tome","floor":20,"gold_loss":0},{"damage_healed":0,"gold_gain":0,"player_choice":"Forge","damage_taken":0,"max_hp_gain":0,"max_hp_loss":0,"event_name":"Accursed Blacksmith","floor":21,"gold_loss":0,"cards_upgraded":["Limit Break"]},{"damage_healed":0,"gold_gain":100,"player_choice":"Pray","damage_taken":0,"max_hp_gain":0,"max_hp_loss":0,"event_name":"Golden Shrine","floor":30,"gold_loss":0}],"is_beta":false,"boss_relics":[{"not_picked":["Snecko Eye","Runic Dome"],"picked":"Cursed Key"}],"items_purged_floors":[],"is_endless":false,"potions_floor_spawned":[1,7,13,14,22,29],"killed_by":"Snake Plant","ascension_level":1}