{"gold_per_floor":[114,114,15,35,54,54,88,88,111,111,125,125,157,157,157,255,255,269,19,19,37,37,71,71,100,168,182,2,2,36,48,48,144,144,156,10,1009,1019,1029,1029,1063,1063,1090,1102,1135,1135,1149,1149,1149,1149],"floor_reached":50,"playtime":1940,"items_purged":["Strike_B"],"score":882,"play_id":"c6282a3d-8365-4712-b228-edbb21c523ff","local_time":"20190614213508","is_ascension_mode":true,"campfire_choices":[{"data":"Rip and Tear","floor":6,"key":"SMITH"},{"data":"Go for the Eyes","floor":10,"key":"SMITH"},{"data":"Zap","floor":12,"key":"SMITH"},{"data":"Melter","floor":15,"key":"SMITH"},{"data":"Conserve Battery","floor":24,"key":"SMITH"},{"floor":32,"key":"REST"},{"data":"Echo Form","floor":40,"key":"SMITH"},{"floor":42,"key":"REST"},{"floor":46,"key":"REST"},{"floor":49,"key":"RECALL"}],"neow_cost":"NONE","seed_source_timestamp":214935080383345,"circlet_count":0,"master_deck":["Strike_B","Defend_B","Defend_B","Defend_B","Defend_B","Zap+1","Dualcast","Ball Lightning","Rip and Tear+1","Conserve Battery+1","Melter+1","Go for the Eyes+1","Cold Snap","Beam Cell+1","Echo Form+1","Ball Lightning+1","Compile Driver+1","Sunder+1","Leap","Cold Snap+1","Conserve Battery+1","Creative AI","Inflame+1","Force Field+1"],"relics":["Cracked Core","Omamori","Anchor","Smiling Mask","Molten Egg 2","Nuclear Battery","Sling","Blue Candle","Orichalcum","The Courier","Membership Card","Strawberry","Snecko Eye","PrismaticShard","PreservedInsect","Ornamental Fan","Pen Nib"],"potions_floor_usage":[18,20,25,27,30,33,45,45,50],"damage_taken":[{"damage":7,"enemies":"Jaw Worm","floor":1,"turns":3},{"damage":0,"enemies":"Cultist","floor":4,"turns":3},{"damage":0,"enemies":"2 Louse","floor":5,"turns":2},{"damage":16,"enemies":"Gremlin Nob","floor":7,"turns":3},{"damage":0,"enemies":"2 Fungi Beasts","floor":11,"turns":3},{"damage":4,"enemies":"Lagavulin","floor":13,"turns":5},{"damage":20,"enemies":"Hexaghost","floor":16,"turns":8},{"damage":5,"enemies":"3 Byrds","floor":18,"turns":4},{"damage":0,"enemies":"Spheric Guardian","floor":21,"turns":1},{"damage":0,"enemies":"Gremlin Leader","floor":23,"turns":5},{"damage":4,"enemies":"Book of Stabbing","floor":25,"turns":3},{"damage":7,"enemies":"Snake Plant","floor":27,"turns":2},{"damage":25,"enemies":"Slavers","floor":30,"turns":4},{"damage":15,"enemies":"Centurion and Healer","floor":31,"turns":6},{"damage":10,"enemies":"Champ","floor":33,"turns":8},{"damage":0,"enemies":"Orb Walker","floor":35,"turns":3},{"damage":0,"enemies":"3 Darklings","floor":38,"turns":4},{"damage":11,"enemies":"Writhing Mass","floor":39,"turns":6},{"damage":16,"enemies":"Reptomancer","floor":41,"turns":5},{"damage":0,"enemies":"Transient","floor":44,"turns":5},{"damage":34,"enemies":"Nemesis","floor":45,"turns":7},{"damage":13,"enemies":"Jaw Worm Horde","floor":47,"turns":5},{"damage":54,"enemies":"Time Eater","floor":50,"turns":7}],"seed_played":"5427796274134749213","potions_obtained":[{"floor":4,"key":"SkillPotion"},{"floor":5,"key":"EssenceOfSteel"},{"floor":18,"key":"Block Potion"},{"floor":20,"key":"Fruit Juice"},{"floor":20,"key":"Dexterity Potion"},{"floor":27,"key":"FearPotion"},{"floor":30,"key":"Strength Potion"},{"floor":35,"key":"SpeedPotion"},{"floor":45,"key":"PowerPotion"},{"floor":47,"key":"Poison Potion"}],"is_trial":false,"path_per_floor":["M","?","$","M","M","R","E","?","T","R","M","R","E","?","R","B",null,"M","$","?","M","$","E","R","E","T","M","$","$","E","M","R","B",null,"M","$","?","M","M","R","E","R","T","M","E","R","M","?","R","B"],"character_chosen":"DEFECT","items_purchased":["Conserve Battery","Explosive Potion","Sling","Membership Card","Leap","PrismaticShard","PreservedInsect"],"campfire_rested":3,"item_purchase_floors":[3,3,19,28,28,36,36],"current_hp_per_floor":[61,61,61,61,61,61,45,38,38,38,38,38,34,34,34,14,60,55,55,60,60,60,60,60,56,56,49,49,49,31,16,42,32,73,73,73,73,73,62,62,46,72,72,72,38,64,51,51,51,0],"gold":1149,"neow_bonus":"RANDOM_COMMON_RELIC","is_prod":false,"is_daily":false,"chose_seed":false,"campfire_upgraded":6,"win_rate":0,"timestamp":1560544508,"path_taken":["M","?","$","?","M","R","E","?","T","R","M","R","E","?","R","BOSS","M","$","?","M","?","E","R","E","T","?","?","$","E","M","R","BOSS","M","$","?","M","M","R","E","R","T","M","E","R","M","?","R","BOSS"],"build_version":"2019-01-23","purchased_purges":1,"victory":false,"max_hp_per_floor":[75,75,75,75,75,75,75,75,75,75,75,75,75,75,75,75,75,75,75,80,80,80,80,80,80,80,80,80,80,87,87,87,87,87,87,87,87,87,87,87,87,87,87,87,87,87,87,83,83,83],"card_choices":[{"not_picked":["Barrage","Streamline"],"picked":"Ball Lightning","floor":1},{"not_picked":["Auto Shields","Beam Cell"],"picked":"Melter","floor":4},{"not_picked":["Conserve Battery","Chaos","Beam Cell"],"picked":"SKIP","floor":5},{"not_picked":["Conserve Battery","Chaos","Beam Cell"],"picked":"SKIP","floor":5},{"not_picked":["Coolheaded","Reprogram"],"picked":"Go for the Eyes","floor":7},{"not_picked":["Rip and Tear","Double Energy"],"picked":"Cold Snap","floor":11},{"not_picked":["Tempest","Redo"],"picked":"Beam Cell","floor":13},{"not_picked":["Buffer","Thunder Strike+1"],"picked":"Echo Form","floor":16},{"not_picked":["Barrage+1","Stack"],"picked":"Ball Lightning+1","floor":18},{"not_picked":["Genetic Algorithm+1","Reprogram+1"],"picked":"Compile Driver+1","floor":21},{"not_picked":["Compile Driver+1","Chaos"],"picked":"Sunder+1","floor":23},{"not_picked":["White Noise","Scrape+1","Static Discharge"],"picked":"SKIP","floor":25},{"not_picked":["Steam Power","Aggregate+1","Barrage+1"],"picked":"SKIP","floor":27},{"not_picked":["Tempest","Hyperbeam+1"],"picked":"Cold Snap+1","floor":30},{"not_picked":["Ball Lightning+1","Turbo+1"],"picked":"Conserve Battery+1","floor":31},{"not_picked":["Echo Form","Core Surge+1"],"picked":"Creative AI","floor":33},{"not_picked":["Melter+1","Barrage+1","Storm"],"picked":"SKIP","floor":35},{"not_picked":["Good Instincts+1","Flex+1"],"picked":"Inflame+1","floor":38},{"not_picked":["Force Field","Good Instincts","Perfected Strike+1"],"picked":"SKIP","floor":39},{"not_picked":["Wild Strike+1","Turbo","Backstab+1"],"picked":"SKIP","floor":41},{"not_picked":["Steam+1","Thunderclap+1","Swift Strike+1"],"picked":"SKIP","floor":44},{"not_picked":["Sadistic Nature","Ball Lightning+1"],"picked":"Force Field+1","floor":45},{"not_picked":["Havoc+1","Sweeping Beam+1","Dramatic Entrance+1"],"picked":"SKIP","floor":47}],"player_experience":1601720,"relics_obtained":[{"floor":7,"key":"Anchor"},{"floor":9,"key":"Smiling Mask"},{"floor":13,"key":"Molten Egg 2"},{"floor":23,"key":"Blue Candle"},{"floor":25,"key":"Orichalcum"},{"floor":26,"key":"The Courier"},{"floor":30,"key":"Strawberry"},{"floor":41,"key":"Ornamental Fan"},{"floor":45,"key":"Pen Nib"}],"event_choices":[{"damage_healed":0,"gold_gain":0,"player_choice":"1 cards matched","damage_taken":0,"max_hp_gain":0,"max_hp_loss":0,"event_name":"Match and Keep!","floor":2,"gold_loss":0,"cards_obtained":["Rip and Tear"]},{"cards_removed":["Strike_B"],"damage_healed":0,"gold_gain":0,"player_choice":"Card Removal","damage_taken":7,"max_hp_gain":0,"max_hp_loss":0,"event_name":"Golden Wing","floor":8,"gold_loss":0},{"cards_removed":["Strike_B"],"damage_healed":0,"gold_gain":0,"player_choice":"Card Removal","damage_taken":0,"max_hp_gain":0,"max_hp_loss":0,"event_name":"Wheel of Change","floor":14,"gold_loss":0},{"damage_healed":0,"gold_gain":0,"player_choice":"Got Potions","damage_taken":0,"max_hp_gain":0,"max_hp_loss":0,"event_name":"Lab","floor":20,"gold_loss":0},{"damage_healed":0,"gold_gain":999,"player_choice":"Gold","damage_taken":0,"max_hp_gain":0,"max_hp_loss":0,"event_name":"MindBloom","floor":37,"gold_loss":0,"cards_obtained":["Normality","Normality"]},{"damage_healed":0,"gold_gain":0,"player_choice":"Max HP","damage_taken":0,"max_hp_gain":0,"max_hp_loss":4,"event_name":"Winding Halls","floor":48,"gold_loss":0}],"is_beta":false,"boss_relics":[{"not_picked":["Runic Pyramid","Eternal Feather"],"picked":"Nuclear Battery"},{"not_picked":["Runic Dome","Tiny House"],"picked":"Snecko Eye"}],"items_purged_floors":[19],"is_endless":false,"potions_floor_spawned":[4,5,11,18,23,27,30,35,45,47],"killed_by":"Time Eater","ascension_level":9}