{"gold_per_floor":[119,129,142,160,160,160,194,210,237,237,264,264,283,340,340,449,449,462,94,94,94,111,111,145,145,213,240,240,120,138,166,166,267,288,305,527,527,294,316,347,362,362],"floor_reached":42,"playtime":1432,"items_purged":["Strike_R","Strike_R","Hemokinesis"],"score":577,"play_id":"84d891b1-fd38-4b56-85e8-d546af875f40","local_time":"20190929112520","is_ascension_mode":true,"campfire_choices":[{"data":"Strike_R","floor":6,"key":"PURGE"},{"data":"Inflame","floor":12,"key":"SMITH"},{"data":"Strike_R","floor":15,"key":"PURGE"},{"data":"Double Tap","floor":23,"key":"SMITH"},{"floor":25,"key":"REST"},{"data":"Strike_R","floor":32,"key":"PURGE"}],"neow_cost":"PERCENT_DAMAGE","seed_source_timestamp":66086856819400,"circlet_count":0,"master_deck":["Defend_R","Defend_R","Bash","Cleave","Rampage","Inflame+1","Metallicize","Double Tap+1","Bludgeon","Metallicize+1","Flash of Steel","Evolve+1","Juggernaut+1","Limit Break+1","Ghostly Armor","Sword Boomerang","Sword Boomerang+1"],"relics":["Burning Blood","Peace Pipe","CeramicFish","Smiling Mask","Akabeko","Tiny Chest","Busted Crown","Membership Card","Torii","Frozen Egg 2","Mercury Hourglass","Ornamental Fan","Juzu Bracelet","Red Mask","Astrolabe","Oddly Smooth Stone","Blood Vial","Calipers"],"potions_floor_usage":[11,11,14,14,16,22,33,33,40],"damage_taken":[{"damage":5,"enemies":"Cultist","floor":1,"turns":4},{"damage":4,"enemies":"Jaw Worm","floor":2,"turns":4},{"damage":3,"enemies":"Small Slimes","floor":3,"turns":2},{"damage":5,"enemies":"Looter","floor":4,"turns":3},{"damage":14,"enemies":"Gremlin Nob","floor":7,"turns":4},{"damage":4,"enemies":"2 Fungi Beasts","floor":8,"turns":4},{"damage":9,"enemies":"Exordium Thugs","floor":11,"turns":6},{"damage":9,"enemies":"Large Slime","floor":13,"turns":4},{"damage":6,"enemies":"3 Sentries","floor":14,"turns":4},{"damage":3,"enemies":"Slime Boss","floor":16,"turns":6},{"damage":17,"enemies":"Shell Parasite","floor":18,"turns":4},{"damage":7,"enemies":"Spheric Guardian","floor":22,"turns":3},{"damage":39,"enemies":"Book of Stabbing","floor":24,"turns":5},{"damage":11,"enemies":"Gremlin Leader","floor":27,"turns":4},{"damage":1,"enemies":"Snecko","floor":30,"turns":3},{"damage":17,"enemies":"Masked Bandits","floor":31,"turns":3},{"damage":25,"enemies":"Collector","floor":33,"turns":6},{"damage":22,"enemies":"Orb Walker","floor":35,"turns":4},{"damage":0,"enemies":"3 Shapes","floor":39,"turns":4},{"damage":42,"enemies":"Reptomancer","floor":40,"turns":5},{"damage":10,"enemies":"Sphere and 2 Shapes","floor":41,"turns":5},{"damage":52,"enemies":"2 Orb Walkers","floor":42,"turns":3}],"seed_played":"9073446267753912179","potions_obtained":[{"floor":3,"key":"Dexterity Potion"},{"floor":4,"key":"Dexterity Potion"},{"floor":7,"key":"HeartOfIron"},{"floor":10,"key":"Regen Potion"},{"floor":11,"key":"Regen Potion"},{"floor":14,"key":"FearPotion"},{"floor":16,"key":"SkillPotion"},{"floor":22,"key":"DuplicationPotion"},{"floor":27,"key":"SpeedPotion"},{"floor":33,"key":"Explosive Potion"},{"floor":35,"key":"Ancient Potion"}],"is_trial":false,"path_per_floor":["M","M","M","M","?","R","E","M","T","?","M","R","M","E","R","B",null,"M","$","T","?","M","R","E","R","T","E","?","$","M","?","R","B",null,"M","?","?","$","M","E","M","?"],"character_chosen":"IRONCLAD","items_purchased":["Membership Card","Torii","BloodPotion","Metallicize+1","Flash of Steel","Oddly Smooth Stone","Ghostly Armor","Sword Boomerang","Blood Vial"],"campfire_rested":1,"item_purchase_floors":[19,19,19,29,29,38,38,38,38],"current_hp_per_floor":[57,59,62,63,38,38,30,32,32,32,44,44,41,53,53,56,80,69,69,69,69,68,68,35,59,59,54,54,54,59,48,48,45,80,64,64,64,64,72,38,36,0],"gold":362,"neow_bonus":"ONE_RARE_RELIC","is_prod":false,"is_daily":false,"chose_seed":false,"campfire_upgraded":2,"win_rate":0,"timestamp":1569752720,"path_taken":["M","?","M","M","?","R","E","M","T","?","M","R","M","E","R","BOSS","M","$","?","?","M","R","E","R","T","E","?","$","M","?","R","BOSS","M","?","?","$","M","E","M","?"],"build_version":"2019-09-27","purchased_purges":3,"victory":false,"max_hp_per_floor":[80,80,80,80,80,80,80,80,80,80,80,80,80,80,80,80,80,80,80,80,80,80,80,80,80,80,80,80,80,80,80,80,80,80,80,80,80,80,80,80,80,80],"card_choices":[{"not_picked":["Perfected Strike","True Grit"],"picked":"Hemokinesis","floor":1},{"not_picked":["Sever Soul","Infernal Blade"],"picked":"Anger","floor":2},{"not_picked":["Iron Wave","Wild Strike"],"picked":"Cleave","floor":3},{"not_picked":["Iron Wave","Power Through"],"picked":"Rampage","floor":4},{"not_picked":["Reckless Charge","Dual Wield"],"picked":"Inflame","floor":7},{"not_picked":["Clothesline","Anger","Thunderclap"],"picked":"SKIP","floor":8},{"not_picked":["Cleave","Warcry"],"picked":"Metallicize","floor":11},{"not_picked":["Perfected Strike","Carnage"],"picked":"Seeing Red","floor":13},{"not_picked":["Seeing Red","Flex","Bludgeon"],"picked":"SKIP","floor":14},{"not_picked":["Bludgeon","Exhume"],"picked":"Double Tap","floor":16},{"not_picked":["Clash"],"picked":"SKIP","floor":18},{"not_picked":["Iron Wave"],"picked":"SKIP","floor":22},{"not_picked":[],"picked":"Bludgeon","floor":24},{"not_picked":["Flex+1"],"picked":"SKIP","floor":27},{"not_picked":["Carnage"],"picked":"SKIP","floor":30},{"not_picked":["Perfected Strike"],"picked":"SKIP","floor":35},{"not_picked":[],"picked":"Sword Boomerang+1","floor":39},{"not_picked":["Clothesline"],"picked":"SKIP","floor":40},{"not_picked":["Combust+1"],"picked":"SKIP","floor":41}],"player_experience":1581772,"relics_obtained":[{"floor":7,"key":"Smiling Mask"},{"floor":9,"key":"Akabeko"},{"floor":14,"key":"Tiny Chest"},{"floor":20,"key":"Frozen Egg 2"},{"floor":24,"key":"Mercury Hourglass"},{"floor":26,"key":"Ornamental Fan"},{"floor":27,"key":"Juzu Bracelet"},{"floor":31,"key":"Red Mask"},{"floor":40,"key":"Calipers"}],"event_choices":[{"damage_healed":0,"gold_gain":0,"player_choice":"Success","damage_taken":25,"relics_obtained":["CeramicFish"],"max_hp_gain":0,"max_hp_loss":0,"event_name":"Scrap Ooze","floor":5,"gold_loss":0},{"damage_healed":0,"gold_gain":0,"player_choice":"Got Potions","damage_taken":0,"max_hp_gain":0,"max_hp_loss":0,"event_name":"Lab","floor":10,"gold_loss":0},{"damage_healed":0,"gold_gain":0,"player_choice":"Ignored","damage_taken":0,"max_hp_gain":0,"max_hp_loss":0,"event_name":"Ghosts","floor":21,"gold_loss":0},{"damage_healed":0,"gold_gain":0,"player_choice":"Ignored","damage_taken":0,"max_hp_gain":0,"max_hp_loss":0,"event_name":"Beggar","floor":28,"gold_loss":0},{"damage_healed":0,"gold_gain":0,"player_choice":"Fought Bandits","damage_taken":0,"max_hp_gain":0,"max_hp_loss":0,"event_name":"Masked Bandits","floor":31,"gold_loss":0},{"damage_healed":0,"gold_gain":222,"player_choice":"Wore Mask","damage_taken":0,"max_hp_gain":0,"max_hp_loss":0,"event_name":"Tomb of Lord Red Mask","floor":36,"gold_loss":0},{"cards_removed":["Defend_R"],"damage_healed":0,"gold_gain":0,"player_choice":"Removed Skill","damage_taken":0,"max_hp_gain":0,"max_hp_loss":0,"event_name":"Falling","floor":37,"gold_loss":0},{"damage_healed":0,"gold_gain":0,"player_choice":"Fight","damage_taken":0,"max_hp_gain":0,"max_hp_loss":0,"event_name":"Mysterious Sphere","floor":42,"gold_loss":0}],"is_beta":true,"boss_relics":[{"not_picked":["Mark of Pain","SlaversCollar"],"picked":"Busted Crown"},{"not_picked":["Fusion Hammer","SacredBark"],"picked":"Astrolabe"}],"items_purged_floors":[19,29,38],"is_endless":false,"potions_floor_spawned":[3,4,7,11,14,16,22,27,33,35],"killed_by":"2 Orb Walkers","ascension_level":1}