{"gold_per_floor":[112,112,112,123,123,123,155,155,155,155,174,185,210,170,170,275,275,293,308,308,321,321,349,349,349],"floor_reached":25,"playtime":889,"items_purged":[],"score":349,"play_id":"e6a92488-c61d-4a30-9987-4b292b7cc33d","local_time":"20190817150447","is_ascension_mode":true,"campfire_choices":[{"data":"Beam Cell","floor":6,"key":"SMITH"},{"data":"Zap","floor":8,"key":"SMITH"},{"data":"Recycle","floor":10,"key":"SMITH"},{"data":"Defragment","floor":15,"key":"SMITH"},{"floor":24,"key":"REST"}],"neow_cost":"NONE","seed_source_timestamp":194518616118600,"circlet_count":0,"master_deck":["Strike_B","Strike_B","Strike_B","Strike_B","Defend_B","Defend_B+1","Defend_B+1","Zap+1","Dualcast","Cold Snap","Beam Cell+1","Recycle+1","Echo Form","Streamline","Defragment+1","Multi-Cast","Conserve Battery+1","Capacitor+1","Decay","Coolheaded"],"relics":["Cracked Core","Boot","Sundial","Letter Opener","Ornamental Fan","Sozu","Art of War"],"potions_floor_usage":[16,16,23],"damage_taken":[{"damage":2,"enemies":"2 Louse","floor":1,"turns":2},{"damage":0,"enemies":"Jaw Worm","floor":4,"turns":4},{"damage":10,"enemies":"Lagavulin","floor":7,"turns":5},{"damage":0,"enemies":"Cultist","floor":11,"turns":2},{"damage":2,"enemies":"2 Fungi Beasts","floor":12,"turns":3},{"damage":12,"enemies":"Gremlin Nob","floor":13,"turns":4},{"damage":0,"enemies":"The Guardian","floor":16,"turns":9},{"damage":22,"enemies":"Spheric Guardian","floor":18,"turns":4},{"damage":9,"enemies":"3 Byrds","floor":19,"turns":4},{"damage":8,"enemies":"Sentry and Sphere","floor":21,"turns":4},{"damage":22,"enemies":"Book of Stabbing","floor":23,"turns":5},{"damage":51,"enemies":"Gremlin Leader","floor":25,"turns":8}],"seed_played":"-3247070219461146949","potions_obtained":[{"floor":4,"key":"Energy Potion"},{"floor":13,"key":"GamblersBrew"},{"floor":14,"key":"PowerPotion"}],"is_trial":false,"path_per_floor":["M","?","?","M","?","R","E","R","T","R","M","M","E","?","R","B",null,"M","M","?","M","?","E","R","E"],"character_chosen":"DEFECT","items_purchased":[],"campfire_rested":1,"item_purchase_floors":[],"current_hp_per_floor":[73,78,62,62,62,62,52,52,52,52,52,50,38,38,38,38,70,48,39,39,31,31,9,33,0],"gold":349,"neow_bonus":"RANDOM_COMMON_RELIC","is_prod":false,"is_daily":false,"chose_seed":false,"campfire_upgraded":4,"win_rate":0,"timestamp":1566050687,"path_taken":["M","?","?","M","?","R","E","R","T","R","M","?","E","?","R","BOSS","M","?","?","M","?","E","R","E"],"build_version":"2019-07-17","purchased_purges":0,"victory":false,"max_hp_per_floor":[75,80,80,80,80,80,80,80,80,80,80,80,80,80,80,80,80,80,80,80,80,80,80,80,80],"card_choices":[{"not_picked":["Stack","Rebound"],"picked":"Cold Snap","floor":1},{"not_picked":["Coolheaded","Stack"],"picked":"Beam Cell","floor":4},{"not_picked":["White Noise","Loop"],"picked":"Recycle","floor":7},{"not_picked":["White Noise","Beam Cell"],"picked":"Echo Form","floor":11},{"not_picked":["Steam","Conserve Battery"],"picked":"Streamline","floor":12},{"not_picked":["Hello World","Redo"],"picked":"Defragment","floor":13},{"not_picked":["Creative AI","Reboot"],"picked":"Multi-Cast","floor":16},{"not_picked":["Streamline","Blizzard","Redo"],"picked":"SKIP","floor":18},{"not_picked":["Gash","Barrage"],"picked":"Conserve Battery+1","floor":19},{"not_picked":["Cold Snap","Hologram"],"picked":"Capacitor+1","floor":21},{"not_picked":["Leap","Storm+1"],"picked":"Coolheaded","floor":23}],"player_experience":1805102,"relics_obtained":[{"floor":7,"key":"Sundial"},{"floor":9,"key":"Letter Opener"},{"floor":13,"key":"Ornamental Fan"},{"floor":23,"key":"Art of War"}],"event_choices":[{"damage_healed":0,"gold_gain":0,"player_choice":"Donut","damage_taken":0,"max_hp_gain":5,"max_hp_loss":0,"event_name":"Big Fish","floor":2,"gold_loss":0},{"damage_healed":0,"gold_gain":0,"player_choice":"Entered Light","damage_taken":16,"max_hp_gain":0,"max_hp_loss":0,"event_name":"Shining Light","floor":3,"gold_loss":0,"cards_upgraded":["Defend_B","Defend_B"]},{"cards_removed":["Defend_B"],"damage_healed":0,"gold_gain":0,"player_choice":"Purged","damage_taken":0,"max_hp_gain":0,"max_hp_loss":0,"event_name":"Purifier","floor":5,"gold_loss":0},{"damage_healed":0,"gold_gain":0,"player_choice":"Bought 3 Potions","damage_taken":0,"max_hp_gain":0,"max_hp_loss":0,"event_name":"The Woman in Blue","floor":14,"gold_loss":0},{"damage_healed":0,"gold_gain":0,"player_choice":"Ignored","damage_taken":0,"max_hp_gain":0,"max_hp_loss":0,"event_name":"Ghosts","floor":20,"gold_loss":0},{"damage_healed":0,"gold_gain":0,"player_choice":"Smashed Altar","damage_taken":0,"max_hp_gain":0,"max_hp_loss":0,"event_name":"Forgotten Altar","floor":22,"gold_loss":0,"cards_obtained":["Decay"]}],"is_beta":false,"boss_relics":[{"not_picked":["Pandora\u0027s Box","Ectoplasm"],"picked":"Sozu"}],"items_purged_floors":[],"is_endless":false,"potions_floor_spawned":[4,13,21,23],"killed_by":"Gremlin Leader","ascension_level":5}