{"gold_per_floor":[119,131,16,30,46,46,78,78,78,92,102,134,149,224,224,321,321,339,358,61,160,130,130,150,2,26,58,58,75,75,92,92,192,192,209,209,228,27,37,37,70,70,70,81,10,29,29,0,0,0],"floor_reached":50,"playtime":3230,"items_purged":["Strike_G","Strike_G"],"score":767,"play_id":"4d1e13d6-71f6-4251-a91c-d2c6f62ab678","local_time":"20191019114444","is_ascension_mode":true,"campfire_choices":[{"data":"Neutralize","floor":6.0,"key":"SMITH"},{"data":"Wraith Form v2","floor":8.0,"key":"SMITH"},{"floor":15.0,"key":"REST"},{"data":"Noxious Fumes","floor":23.0,"key":"SMITH"},{"floor":28,"key":"REST"},{"data":"Night Terror","floor":30,"key":"SMITH"},{"data":"Well Laid Plans","floor":32,"key":"SMITH"},{"data":"PiercingWail","floor":40,"key":"SMITH"},{"data":"After Image","floor":42,"key":"SMITH"},{"floor":47,"key":"REST"},{"floor":49,"key":"RECALL"}],"neow_cost":"TEN_PERCENT_HP_LOSS","seed_source_timestamp":0,"circlet_count":0,"master_deck":["Strike_G","Strike_G","Strike_G","Defend_G","Defend_G","Defend_G","Defend_G","Defend_G","Survivor","Neutralize+1","Wraith Form v2+1","Backflip","Terror","Endless Agony","Poisoned Stab","Cloak And Dagger","After Image+1","Noxious Fumes+1","Poisoned Stab","Well Laid Plans+1","PiercingWail+1","Night Terror+1","Leg Sweep","Backflip","Dodge and Roll","PiercingWail","Acrobatics","Adrenaline","Poisoned Stab+1","Predator","Deadly Poison+1","Acrobatics+1","Caltrops","Concentrate+1"],"special_seed":0,"relics":["Ring of the Snake","PreservedInsect","Ancient Tea Set","Letter Opener","Orrery","The Specimen","Regal Pillow","Art of War","Busted Crown","Frozen Eye","Prayer Wheel","Red Mask"],"potions_floor_usage":[27,50],"damage_taken":[{"damage":4.0,"enemies":"Cultist","floor":1.0,"turns":3.0},{"damage":3.0,"enemies":"Small Slimes","floor":2.0,"turns":5.0},{"damage":0.0,"enemies":"Jaw Worm","floor":4.0,"turns":5.0},{"damage":1.0,"enemies":"Red Slaver","floor":5.0,"turns":4.0},{"damage":16.0,"enemies":"Lagavulin","floor":7.0,"turns":8.0},{"damage":11.0,"enemies":"Exordium Thugs","floor":10.0,"turns":6.0},{"damage":0.0,"enemies":"Blue Slaver","floor":11.0,"turns":5.0},{"damage":0.0,"enemies":"3 Sentries","floor":12.0,"turns":6.0},{"damage":3.0,"enemies":"Large Slime","floor":13.0,"turns":6.0},{"damage":14.0,"enemies":"The Guardian","floor":16.0,"turns":11.0},{"damage":12.0,"enemies":"Spheric Guardian","floor":18.0,"turns":7.0},{"damage":16.0,"enemies":"Chosen","floor":19.0,"turns":7.0},{"damage":0.0,"enemies":"Snecko","floor":24.0,"turns":8.0},{"damage":37,"enemies":"Slavers","floor":27,"turns":7},{"damage":3,"enemies":"3 Cultists","floor":29,"turns":6},{"damage":0,"enemies":"Chosen and Byrds","floor":31,"turns":8},{"damage":15,"enemies":"Champ","floor":33,"turns":16},{"damage":3,"enemies":"3 Darklings","floor":35,"turns":9},{"damage":0,"enemies":"3 Shapes","floor":37,"turns":6},{"damage":0,"enemies":"3 Darklings","floor":39,"turns":6},{"damage":17,"enemies":"Giant Head","floor":41,"turns":8},{"damage":10,"enemies":"Transient","floor":44,"turns":5},{"damage":3,"enemies":"Sphere and 2 Shapes","floor":46,"turns":5},{"damage":56,"enemies":"Awakened One","floor":50,"turns":5}],"seed_played":"6180894148739482728","potions_obtained":[{"floor":1.0,"key":"Poison Potion"},{"floor":7.0,"key":"Swift Potion"},{"floor":11.0,"key":"SkillPotion"},{"floor":13.0,"key":"FearPotion"},{"floor":22.0,"key":"FairyPotion"},{"floor":22.0,"key":"FearPotion"},{"floor":24.0,"key":"Energy Potion"},{"floor":27,"key":"Swift Potion"},{"floor":29,"key":"LiquidBronze"},{"floor":39,"key":"Block Potion"}],"is_trial":false,"path_per_floor":["M","M","$","M","M","R","E","R","T","M","M","E","M","?","R","B",null,"M","M","$","?","?","R","M","$","T","E","R","M","R","M","R","B",null,"M","?","M","$","M","R","E","R","T","M","$","M","R","?","R","B"],"character_chosen":"THE_SILENT","items_purchased":["Endless Agony","The Specimen","Energy Potion","Frozen Eye","Caltrops"],"campfire_rested":3,"item_purchase_floors":[3,20,25,38,45],"current_hp_per_floor":[59,56,56,56,55,55,39,39,39,28,28,28,25,19,37,23,53,41,25,25,25,25,25,25,25,25,6,39,36,36,36,36,21,53,50,50,50,50,50,50,33,33,33,23,23,20,53,53,53,0],"gold":0,"neow_bonus":"THREE_RARE_CARDS","is_prod":false,"is_daily":false,"chose_seed":false,"campfire_upgraded":7,"win_rate":0,"timestamp":1571510684,"path_taken":["M","M","$","M","M","R","E","R","T","?","M","E","M","?","R","BOSS","M","M","$","?","?","R","?","$","T","E","R","M","R","M","R","BOSS","M","?","M","$","M","R","E","R","T","M","$","M","R","?","R","BOSS"],"build_version":"2019-07-17","purchased_purges":2,"victory":false,"max_hp_per_floor":[63,63,63,63,63,63,63,63,63,63,63,63,63,63,63,63,63,63,63,63,63,63,63,63,63,63,63,63,63,63,63,63,63,63,63,60,60,60,60,60,60,60,60,60,60,60,60,60,60,60],"card_choices":[{"not_picked":["Bullet Time","Storm of Steel"],"picked":"Wraith Form v2","floor":0.0},{"not_picked":["Bouncing Flask","Outmaneuver"],"picked":"Backflip","floor":1.0},{"not_picked":["Deflect","Flying Knee"],"picked":"Terror","floor":2.0},{"not_picked":["Prepared","Accuracy"],"picked":"Poisoned Stab","floor":4.0},{"not_picked":["Concentrate","Prepared"],"picked":"Cloak And Dagger","floor":5.0},{"not_picked":["Flying Knee","Bane"],"picked":"After Image","floor":7.0},{"not_picked":["Dagger Spray","Distraction"],"picked":"Noxious Fumes","floor":10.0},{"not_picked":["Blade Dance","Accuracy"],"picked":"Poisoned Stab","floor":11.0},{"not_picked":["Infinite Blades","Dash"],"picked":"Well Laid Plans","floor":12.0},{"not_picked":["Escape Plan","Acrobatics"],"picked":"PiercingWail","floor":13.0},{"not_picked":["Tools of the Trade","Wraith Form v2"],"picked":"Night Terror","floor":16.0},{"not_picked":["Choke","Slice"],"picked":"Leg Sweep","floor":17.0},{"not_picked":["Calculated Gamble","Outmaneuver"],"picked":"Backflip","floor":17.0},{"not_picked":["Acrobatics","All Out Attack"],"picked":"Dodge and Roll","floor":18.0},{"not_picked":["Underhanded Strike","Dodge and Roll"],"picked":"PiercingWail","floor":19.0},{"not_picked":["Reflex","Bane+1"],"picked":"Acrobatics","floor":24.0},{"not_picked":["Prepared","Bane+1"],"picked":"Adrenaline","floor":27},{"not_picked":["Heel Hook","Bane","Underhanded Strike"],"picked":"SKIP","floor":29},{"not_picked":["Quick Slash","Dodge and Roll","Acrobatics"],"picked":"SKIP","floor":31},{"not_picked":["Slice+1"],"picked":"SKIP","floor":35},{"not_picked":[],"picked":"Poisoned Stab+1","floor":37},{"not_picked":["Prepared"],"picked":"SKIP","floor":39},{"not_picked":[],"picked":"Predator","floor":41},{"not_picked":[],"picked":"Deadly Poison+1","floor":44},{"not_picked":[],"picked":"Acrobatics+1","floor":44},{"not_picked":[],"picked":"Concentrate+1","floor":46},{"not_picked":["Deadly Poison"],"picked":"SKIP","floor":46}],"player_experience":384976,"relics_obtained":[{"floor":7.0,"key":"PreservedInsect"},{"floor":9.0,"key":"Ancient Tea Set"},{"floor":12.0,"key":"Letter Opener"},{"floor":26.0,"key":"Regal Pillow"},{"floor":27,"key":"Art of War"},{"floor":41,"key":"Prayer Wheel"}],"event_choices":[{"damage_healed":0.0,"max_hp_gain":0.0,"max_hp_loss":0.0,"gold_gain":75.0,"event_name":"FaceTrader","player_choice":"Touch","floor":14.0,"gold_loss":0.0,"damage_taken":6.0},{"damage_healed":0.0,"max_hp_gain":0.0,"max_hp_loss":0.0,"gold_gain":99.0,"event_name":"Nest","player_choice":"Stole From Cult","floor":21.0,"gold_loss":0.0,"damage_taken":0.0},{"damage_healed":0.0,"max_hp_gain":0.0,"max_hp_loss":0.0,"gold_gain":0.0,"event_name":"The Woman in Blue","player_choice":"Bought 2 Potions","floor":22.0,"gold_loss":0.0,"damage_taken":0.0},{"damage_healed":0,"gold_gain":0,"player_choice":"Max HP","damage_taken":0,"max_hp_gain":0,"max_hp_loss":3,"event_name":"Winding Halls","floor":36,"gold_loss":0},{"damage_healed":0,"gold_gain":0,"player_choice":"Paid","damage_taken":0,"relics_obtained":["Red Mask"],"max_hp_gain":0,"max_hp_loss":0,"event_name":"Tomb of Lord Red Mask","floor":48,"gold_loss":29}],"is_beta":false,"boss_relics":[{"not_picked":["Eternal Feather","Black Star"],"picked":"Orrery"},{"not_picked":["Lizard Tail","Pandora\u0027s Box"],"picked":"Busted Crown"}],"items_purged_floors":[3,25],"is_endless":false,"potions_floor_spawned":[1,7,11,13,24,27,29,39,44],"killed_by":"Awakened One","ascension_level":9}