{"gold_per_floor":[114,114,114,127,1,34,44,44,44,72,72,22,50,68,68,171,171,188,188,188,68,68,95,20,20,44,73,73,105,32,54,66,181,193,223,252,539,225,447,479,8,8,8,41,55,86,86,96,96],"floor_reached":49,"playtime":2347,"items_purged":["Strike_R","Strike_R","Thunderclap"],"score":757,"play_id":"6a83f582-cb44-46af-b1c1-555dd81c2e87","local_time":"20190726211322","is_ascension_mode":true,"campfire_choices":[{"data":"True Grit","floor":8,"key":"SMITH"},{"data":"Disarm","floor":11,"key":"SMITH"},{"data":"Body Slam","floor":15,"key":"SMITH"},{"data":"Battle Trance","floor":25,"key":"SMITH"},{"data":"Heavy Blade","floor":28,"key":"SMITH"},{"data":"Metallicize","floor":32,"key":"SMITH"},{"floor":47,"key":"RECALL"}],"neow_cost":"TEN_PERCENT_HP_LOSS","seed_source_timestamp":689358035566726,"circlet_count":0,"master_deck":["Defend_R","Defend_R","Defend_R+1","Defend_R","Bash+1","Disarm+1","Cleave","True Grit+1","Clothesline","Brutality","Body Slam+1","Rupture","Barricade","Armaments+1","Flame Barrier","Wild Strike","Shrug It Off","Battle Trance+1","Heavy Blade+1","Metallicize+1","Feed","Entrench","Shrug It Off","Fiend Fire","Entrench+1","Sword Boomerang+1","Disarm"],"relics":["Burning Blood","Nunchaku","Oddly Smooth Stone","Blue Candle","Juzu Bracelet","Odd Mushroom","Velvet Choker","Bronze Scales","Red Skull","Red Mask","MawBank","Omamori","Runic Cube","PreservedInsect","Boot","Vajra","Pear","Regal Pillow","Centennial Puzzle"],"potions_floor_usage":[13,18,29,45,45,45,45,46],"damage_taken":[{"damage":6,"enemies":"Cultist","floor":1,"turns":4},{"damage":4,"enemies":"Small Slimes","floor":4,"turns":4},{"damage":13,"enemies":"3 Sentries","floor":6,"turns":8},{"damage":1,"enemies":"Jaw Worm","floor":7,"turns":3},{"damage":8,"enemies":"Gremlin Nob","floor":10,"turns":4},{"damage":6,"enemies":"The Mushroom Lair","floor":13,"turns":2},{"damage":13,"enemies":"Red Slaver","floor":14,"turns":4},{"damage":8,"enemies":"Hexaghost","floor":16,"turns":10},{"damage":15,"enemies":"Shell Parasite","floor":18,"turns":7},{"damage":4,"enemies":"Book of Stabbing","floor":23,"turns":7},{"damage":18,"enemies":"Masked Bandits","floor":27,"turns":4},{"damage":24,"enemies":"Gremlin Leader","floor":29,"turns":4},{"damage":0,"enemies":"Spheric Guardian","floor":31,"turns":5},{"damage":5,"enemies":"Automaton","floor":33,"turns":9},{"damage":12,"enemies":"Orb Walker","floor":35,"turns":5},{"damage":8,"enemies":"3 Shapes","floor":36,"turns":4},{"damage":18,"enemies":"Reptomancer","floor":40,"turns":8},{"damage":13,"enemies":"Giant Head","floor":44,"turns":7},{"damage":22,"enemies":"Transient","floor":45,"turns":5},{"damage":22,"enemies":"Reptomancer","floor":46,"turns":6},{"damage":4,"enemies":"Writhing Mass","floor":48,"turns":7}],"seed_played":"-5095204322080287504","potions_obtained":[{"floor":6,"key":"FearPotion"},{"floor":7,"key":"Block Potion"},{"floor":14,"key":"Block Potion"},{"floor":18,"key":"GamblersBrew"},{"floor":31,"key":"BloodPotion"},{"floor":36,"key":"Dexterity Potion"}],"is_trial":false,"path_per_floor":["M","?","?","M","$","E","M","R","T","E","R","$","?","M","R","B",null,"M","?","?","$","?","E","$","R","T","?","R","E","?","M","R","B",null,"M","M","?","$","?","E","$","?","T","E","M","E","R","M","R"],"character_chosen":"IRONCLAD","items_purchased":["Cleave","True Grit","Thunderclap","Body Slam","EntropicBrew","Shrug It Off","PreservedInsect","Entrench","Vajra","Shrug It Off","Fiend Fire"],"campfire_rested":0,"item_purchase_floors":[5,5,5,12,21,21,38,38,41,41,41],"current_hp_per_floor":[72,69,55,57,57,50,55,55,55,53,53,53,53,46,46,44,72,63,63,63,63,63,65,65,65,65,53,53,35,35,41,41,42,72,66,67,67,67,67,55,55,55,65,58,63,47,47,49,49],"gold":96,"neow_bonus":"ONE_RARE_RELIC","is_prod":false,"is_daily":false,"chose_seed":false,"campfire_upgraded":6,"win_rate":0,"timestamp":1564172002,"path_taken":["M","?","?","M","$","E","M","R","T","E","R","$","?","M","R","BOSS","M","?","?","$","?","E","?","R","T","?","R","E","?","M","R","BOSS","M","M","?","$","?","E","$","?","T","E","M","E","R","M","R"],"build_version":"2019-07-17","purchased_purges":3,"victory":false,"max_hp_per_floor":[72,72,72,72,72,72,72,72,72,72,72,72,72,72,72,72,72,72,72,72,72,72,72,72,72,72,72,72,72,72,72,72,72,72,72,75,75,75,75,75,75,75,85,85,85,85,85,85,85],"card_choices":[{"not_picked":["Armaments","Wild Strike"],"picked":"Disarm","floor":1},{"not_picked":["Blood for Blood","Rupture","Corruption"],"picked":"SKIP","floor":4},{"not_picked":["Iron Wave","Flex"],"picked":"Clothesline","floor":6},{"not_picked":["Clothesline","Armaments"],"picked":"Iron Wave","floor":7},{"not_picked":["Thunderclap","Iron Wave"],"picked":"Brutality","floor":10},{"not_picked":["Cleave","Clash"],"picked":"Rupture","floor":13},{"not_picked":["Headbutt","Havoc","Flex"],"picked":"SKIP","floor":14},{"not_picked":["Dark Embrace","Juggernaut"],"picked":"Barricade","floor":16},{"not_picked":["Perfected Strike","Inflame"],"picked":"Armaments+1","floor":18},{"not_picked":["Pummel+1","Twin Strike+1"],"picked":"Heavy Blade","floor":23},{"not_picked":["Seeing Red+1","Cleave","Clash+1"],"picked":"SKIP","floor":29},{"not_picked":["Twin Strike","Clash+1"],"picked":"Metallicize","floor":31},{"not_picked":["Exhume","Fiend Fire"],"picked":"Feed","floor":33},{"not_picked":["Clash","Thunderclap+1","Power Through"],"picked":"SKIP","floor":35},{"not_picked":["Heavy Blade+1","Iron Wave","Clothesline+1"],"picked":"SKIP","floor":36},{"not_picked":["Heavy Blade+1","Iron Wave","Clothesline+1"],"picked":"SKIP","floor":36},{"not_picked":["True Grit","Anger","Bloodletting+1"],"picked":"SKIP","floor":40},{"not_picked":["Flex","Reckless Charge+1","Thunderclap+1"],"picked":"SKIP","floor":44},{"not_picked":["Pummel+1","True Grit"],"picked":"Entrench+1","floor":45},{"not_picked":["Whirlwind+1","Reckless Charge+1"],"picked":"Sword Boomerang+1","floor":46},{"not_picked":["Pommel Strike+1","Sentinel"],"picked":"Disarm","floor":48}],"player_experience":1752795,"relics_obtained":[{"floor":6,"key":"Blue Candle"},{"floor":10,"key":"Juzu Bracelet"},{"floor":13,"key":"Odd Mushroom"},{"floor":23,"key":"Bronze Scales"},{"floor":26,"key":"Red Skull"},{"floor":27,"key":"Red Mask"},{"floor":29,"key":"MawBank"},{"floor":40,"key":"Boot"},{"floor":43,"key":"Pear"},{"floor":44,"key":"Regal Pillow"},{"floor":46,"key":"Centennial Puzzle"}],"event_choices":[{"damage_healed":0,"gold_gain":0,"player_choice":"Success","damage_taken":3,"relics_obtained":["Oddly Smooth Stone"],"max_hp_gain":0,"max_hp_loss":0,"event_name":"Scrap Ooze","floor":2,"gold_loss":0},{"damage_healed":0,"gold_gain":0,"player_choice":"Entered Light","damage_taken":14,"max_hp_gain":0,"max_hp_loss":0,"event_name":"Shining Light","floor":3,"gold_loss":0,"cards_upgraded":["Defend_R","Bash"]},{"damage_healed":0,"gold_gain":0,"player_choice":"Fought Mushrooms","damage_taken":0,"max_hp_gain":0,"max_hp_loss":0,"event_name":"Mushrooms","floor":13,"gold_loss":0},{"cards_removed":["Strike_R"],"damage_healed":0,"gold_gain":0,"player_choice":"Purged","damage_taken":0,"max_hp_gain":0,"max_hp_loss":0,"event_name":"Purifier","floor":19,"gold_loss":0},{"damage_healed":0,"gold_gain":0,"cards_transformed":["Strike_R","Strike_R"],"player_choice":"Became Test Subject","damage_taken":0,"max_hp_gain":0,"max_hp_loss":0,"event_name":"Drug Dealer","floor":20,"gold_loss":0,"cards_obtained":["Flame Barrier","Wild Strike"]},{"damage_healed":0,"gold_gain":0,"player_choice":"Read","damage_taken":0,"max_hp_gain":0,"max_hp_loss":0,"event_name":"The Library","floor":22,"gold_loss":0,"cards_obtained":["Battle Trance"]},{"damage_healed":0,"gold_gain":0,"player_choice":"Fought Bandits","damage_taken":0,"max_hp_gain":0,"max_hp_loss":0,"event_name":"Masked Bandits","floor":27,"gold_loss":0},{"damage_healed":0,"gold_gain":0,"player_choice":"Obtained Relic","damage_taken":0,"relics_obtained":["Omamori"],"max_hp_gain":0,"max_hp_loss":0,"event_name":"Addict","floor":30,"gold_loss":85},{"damage_healed":0,"gold_gain":275,"player_choice":"Desecrate","damage_taken":0,"max_hp_gain":0,"max_hp_loss":0,"event_name":"Golden Shrine","floor":37,"gold_loss":0,"cards_obtained":["Regret"]},{"damage_healed":0,"gold_gain":222,"player_choice":"Wore Mask","damage_taken":0,"max_hp_gain":0,"max_hp_loss":0,"event_name":"Tomb of Lord Red Mask","floor":39,"gold_loss":0},{"cards_removed":["Iron Wave"],"damage_healed":0,"gold_gain":0,"player_choice":"Removed Attack","damage_taken":0,"max_hp_gain":0,"max_hp_loss":0,"event_name":"Falling","floor":42,"gold_loss":0}],"is_beta":false,"boss_relics":[{"not_picked":["Empty Cage","Lizard Tail"],"picked":"Velvet Choker"},{"not_picked":["Tiny House","White Beast Statue"],"picked":"Runic Cube"}],"items_purged_floors":[24,38,41],"is_endless":false,"potions_floor_spawned":[6,7,14,18,31,35,36,44],"ascension_level":2}