{"gold_per_floor":[109,128,140,157,2,2,29,29,29,43,55,87,103,135,135,234,234,250,31,31,44,44,44,79,79,79,79,98,110,137,137,137,236,236,250,250,266,266,277,277,302,322,345,386,386,412,412,437,437,437,437,437,129,161,161],"floor_reached":56,"playtime":2486,"items_purged":["Zap","Hello World"],"score":1630,"play_id":"484c1374-2f08-49b5-a4fb-d96f7f66a9f1","local_time":"20190929150036","is_ascension_mode":true,"campfire_choices":[{"data":"Doom and Gloom","floor":6,"key":"SMITH"},{"data":"Buffer","floor":15,"key":"SMITH"},{"data":"Capacitor","floor":23,"key":"SMITH"},{"data":"Tempest","floor":27,"key":"SMITH"},{"data":"Barrage","floor":32,"key":"SMITH"},{"data":"Biased Cognition","floor":40,"key":"SMITH"},{"floor":49,"key":"RECALL"},{"data":"Biased Cognition","floor":52,"key":"SMITH"}],"neow_cost":"NONE","seed_source_timestamp":77920677567000,"circlet_count":0,"master_deck":["Dualcast","Doom and Gloom+1","Lockon","Glacier","Undo","Capacitor+1","Barrage+1","Buffer+1","Genetic Algorithm","Biased Cognition+1","Undo","Steam Power","Tempest+1","Auto Shields","Rip and Tear","Lockon","Compile Driver+1","Tempest+1","Skim","Biased Cognition+1","Thunder Strike","Go for the Eyes+1","Capacitor+1","Coolheaded+1","Reinforced Body","Compile Driver+1"],"relics":["Velvet Choker","Chemical X","Prayer Wheel","Gremlin Horn","Symbiotic Virus","InkBottle","Pandora\u0027s Box","Orichalcum","Enchiridion","Nunchaku","Blue Candle","Nuclear Battery","Sundial","CeramicFish","Smiling Mask","Dream Catcher","Bottled Tornado","Turnip"],"potions_floor_usage":[7,12,24,33,55,55,55],"damage_taken":[{"damage":0,"enemies":"Jaw Worm","floor":1,"turns":3},{"damage":0,"enemies":"Cultist","floor":2,"turns":3},{"damage":0,"enemies":"2 Louse","floor":3,"turns":1},{"damage":0,"enemies":"Blue Slaver","floor":4,"turns":3},{"damage":0,"enemies":"Gremlin Nob","floor":7,"turns":3},{"damage":0,"enemies":"Large Slime","floor":10,"turns":3},{"damage":0,"enemies":"3 Louse","floor":11,"turns":2},{"damage":0,"enemies":"3 Sentries","floor":12,"turns":4},{"damage":0,"enemies":"Lots of Slimes","floor":13,"turns":2},{"damage":17,"enemies":"Gremlin Nob","floor":14,"turns":4},{"damage":0,"enemies":"Slime Boss","floor":16,"turns":6},{"damage":0,"enemies":"3 Byrds","floor":18,"turns":3},{"damage":0,"enemies":"Chosen","floor":21,"turns":5},{"damage":8,"enemies":"Book of Stabbing","floor":24,"turns":4},{"damage":1,"enemies":"3 Cultists","floor":28,"turns":4},{"damage":0,"enemies":"Snake Plant","floor":29,"turns":3},{"damage":3,"enemies":"Slavers","floor":30,"turns":3},{"damage":0,"enemies":"Collector","floor":33,"turns":4},{"damage":0,"enemies":"Orb Walker","floor":35,"turns":2},{"damage":0,"enemies":"3 Shapes","floor":37,"turns":3},{"damage":0,"enemies":"Transient","floor":39,"turns":5},{"damage":7,"enemies":"Giant Head","floor":41,"turns":6},{"damage":7,"enemies":"3 Darklings","floor":42,"turns":4},{"damage":0,"enemies":"Reptomancer","floor":44,"turns":4},{"damage":0,"enemies":"Jaw Worm Horde","floor":48,"turns":2},{"damage":0,"enemies":"Donu and Deca","floor":50,"turns":8},{"damage":0,"enemies":"Shield and Spear","floor":54,"turns":4},{"damage":49,"enemies":"The Heart","floor":55,"turns":10}],"seed_played":"7994172167615086823","potions_obtained":[{"floor":1,"key":"Fire Potion"},{"floor":4,"key":"SneckoOil"},{"floor":7,"key":"Energy Potion"},{"floor":11,"key":"Block Potion"},{"floor":12,"key":"Fire Potion"},{"floor":14,"key":"FearPotion"},{"floor":18,"key":"Strength Potion"},{"floor":28,"key":"FocusPotion"},{"floor":39,"key":"FearPotion"},{"floor":41,"key":"Ancient Potion"},{"floor":48,"key":"GamblersBrew"},{"floor":54,"key":"PowerPotion"}],"is_trial":false,"path_per_floor":["M","M","M","M","$","R","E","?","T","M","M","E","M","E","R","B",null,"M","$","?","M","?","R","E","?","T","R","M","M","E","?","R","B",null,"M","?","M","?","M","R","E","M","T","E","?","T","?","M","R","B",null,"R","$","E","B",null],"character_chosen":"DEFECT","items_purchased":["Chemical X","Orichalcum","Bottled Tornado"],"campfire_rested":0,"item_purchase_floors":[5,19,53],"current_hp_per_floor":[75,75,75,75,75,75,75,75,75,75,75,75,75,58,58,58,75,75,75,59,66,66,66,58,58,58,58,64,64,68,68,68,75,75,75,75,75,75,75,75,75,68,68,75,75,75,71,71,71,71,71,71,71,71,22],"gold":161,"neow_bonus":"BOSS_RELIC","is_prod":false,"is_daily":false,"chose_seed":false,"campfire_upgraded":7,"win_rate":0,"timestamp":1569765636,"path_taken":["M","M","M","M","$","R","E","?","T","?","M","E","M","E","R","BOSS","M","$","?","M","?","R","E","?","T","R","M","M","E","?","R","BOSS","M","?","M","?","?","R","E","M","T","E","?","?","?","M","R","BOSS","R","$","E","BOSS"],"build_version":"2019-09-27","purchased_purges":2,"victory":true,"max_hp_per_floor":[75,75,75,75,75,75,75,75,75,75,75,75,75,75,75,75,75,75,75,75,75,75,75,75,75,75,75,75,75,75,75,75,75,75,75,75,75,75,75,75,75,75,75,75,75,75,71,71,71,71,71,71,71,71,71],"card_choices":[{"not_picked":["Defragment","Coolheaded"],"picked":"Doom and Gloom","floor":1},{"not_picked":["Barrage","Steam Power"],"picked":"Lockon","floor":2},{"not_picked":["Streamline","Go for the Eyes"],"picked":"Glacier","floor":3},{"not_picked":["FTL","Coolheaded"],"picked":"Undo","floor":4},{"not_picked":["Leap","Cold Snap"],"picked":"Capacitor","floor":7},{"not_picked":["Conserve Battery","Turbo"],"picked":"Barrage","floor":10},{"not_picked":["Redo","Hyperbeam","Sweeping Beam"],"picked":"SKIP","floor":10},{"not_picked":["Steam","Sunder","Melter"],"picked":"SKIP","floor":11},{"not_picked":["Ball Lightning","Rebound","Redo"],"picked":"SKIP","floor":11},{"not_picked":["Beam Cell","Redo"],"picked":"Buffer","floor":12},{"not_picked":["Fusion","Go for the Eyes"],"picked":"Genetic Algorithm","floor":13},{"not_picked":["Redo","Auto Shields","Rebound"],"picked":"SKIP","floor":13},{"not_picked":["White Noise","Barrage","Cold Snap"],"picked":"SKIP","floor":14},{"not_picked":["Creative AI","Thunder Strike"],"picked":"Biased Cognition","floor":16},{"not_picked":["Glacier","Steam Power+1"],"picked":"Compile Driver+1","floor":18},{"not_picked":["Beam Cell+1","Cold Snap","Static Discharge"],"picked":"SKIP","floor":18},{"not_picked":["Barrage","Sunder","Streamline+1"],"picked":"SKIP","floor":21},{"not_picked":["Rip and Tear+1","Lockon","BootSequence+1"],"picked":"SKIP","floor":21},{"not_picked":["Streamline","Redo"],"picked":"Tempest+1","floor":24},{"not_picked":["Chill","Beam Cell"],"picked":"Skim","floor":28},{"not_picked":["Hologram+1","Ball Lightning+1","Go for the Eyes+1"],"picked":"SKIP","floor":28},{"not_picked":["Skim","Recycle","Beam Cell"],"picked":"SKIP","floor":29},{"not_picked":["Hologram","Stack","Scrape+1"],"picked":"SKIP","floor":29},{"not_picked":["Leap","Cold Snap","Turbo"],"picked":"SKIP","floor":30},{"not_picked":["Fission","Reboot"],"picked":"Thunder Strike","floor":33},{"not_picked":["Leap","Darkness+1"],"picked":"Go for the Eyes+1","floor":35},{"not_picked":["Conserve Battery","Stack","Steam Power"],"picked":"SKIP","floor":35},{"not_picked":["Creative AI","Conserve Battery","Sweeping Beam+1"],"picked":"SKIP","floor":37},{"not_picked":["White Noise","Force Field","Gash+1"],"picked":"SKIP","floor":37},{"not_picked":["Cold Snap+1","Lockon+1","White Noise+1"],"picked":"SKIP","floor":39},{"not_picked":["Rebound+1","Gash","Leap+1"],"picked":"SKIP","floor":39},{"not_picked":["Leap+1","Go for the Eyes"],"picked":"Capacitor+1","floor":41},{"not_picked":["Hologram+1","Barrage","Compile Driver"],"picked":"SKIP","floor":42},{"not_picked":["Conserve Battery","Sweeping Beam","Hello World"],"picked":"SKIP","floor":42},{"not_picked":["Static Discharge","Barrage+1"],"picked":"Coolheaded+1","floor":44},{"not_picked":["Multi-Cast","Cold Snap"],"picked":"Reinforced Body","floor":48},{"not_picked":["Skim","Beam Cell","Cold Snap+1"],"picked":"SKIP","floor":48},{"not_picked":["Hologram","Redo+1"],"picked":"Compile Driver+1","floor":54}],"player_experience":1586468,"relics_obtained":[{"floor":7,"key":"Prayer Wheel"},{"floor":9,"key":"Gremlin Horn"},{"floor":12,"key":"Symbiotic Virus"},{"floor":14,"key":"InkBottle"},{"floor":20,"key":"Enchiridion"},{"floor":24,"key":"Nunchaku"},{"floor":30,"key":"Blue Candle"},{"floor":41,"key":"Sundial"},{"floor":43,"key":"CeramicFish"},{"floor":44,"key":"Smiling Mask"},{"floor":46,"key":"Dream Catcher"},{"floor":54,"key":"Turnip"}],"event_choices":[{"damage_healed":0,"gold_gain":0,"player_choice":"Ignored","damage_taken":0,"max_hp_gain":0,"max_hp_loss":0,"event_name":"NoteForYourself","floor":8,"gold_loss":0},{"damage_healed":0,"gold_gain":0,"player_choice":"Obtained Book","damage_taken":16,"max_hp_gain":0,"max_hp_loss":0,"event_name":"Cursed Tome","floor":20,"gold_loss":0},{"damage_healed":0,"gold_gain":0,"player_choice":"Ignored","damage_taken":0,"max_hp_gain":0,"max_hp_loss":0,"event_name":"Vampires","floor":22,"gold_loss":0},{"damage_healed":0,"gold_gain":0,"player_choice":"Ignored","damage_taken":0,"max_hp_gain":0,"max_hp_loss":0,"event_name":"Ghosts","floor":25,"gold_loss":0},{"damage_healed":0,"gold_gain":0,"player_choice":"Read","damage_taken":0,"max_hp_gain":0,"max_hp_loss":0,"event_name":"The Library","floor":31,"gold_loss":0,"cards_obtained":["Biased Cognition"]},{"damage_healed":0,"gold_gain":0,"player_choice":"Ignored","damage_taken":0,"max_hp_gain":0,"max_hp_loss":0,"event_name":"Tomb of Lord Red Mask","floor":36,"gold_loss":0},{"damage_healed":0,"gold_gain":0,"cards_transformed":["Stack"],"player_choice":"Transformed","damage_taken":0,"max_hp_gain":0,"max_hp_loss":0,"event_name":"Transmorgrifier","floor":38,"gold_loss":0,"cards_obtained":["Hello World"]},{"cards_removed":["Self Repair"],"damage_healed":0,"gold_gain":0,"player_choice":"Removed Power","damage_taken":0,"max_hp_gain":0,"max_hp_loss":0,"event_name":"Falling","floor":45,"gold_loss":0},{"damage_healed":0,"gold_gain":0,"player_choice":"Max HP","damage_taken":0,"max_hp_gain":0,"max_hp_loss":4,"event_name":"Winding Halls","floor":47,"gold_loss":0}],"is_beta":true,"boss_relics":[{"not_picked":["Sozu","Empty Cage"],"picked":"Pandora\u0027s Box"},{"not_picked":["Calling Bell","SacredBark"],"picked":"Nuclear Battery"}],"items_purged_floors":[19,53],"is_endless":false,"potions_floor_spawned":[1,4,7,11,12,14,18,28,29,39,41,48,54],"ascension_level":1}