{"gold_per_floor":[112,16,16,16,26,26,1,29,98,110,122,134,161,192,204,317,329,351,373,385,397,422,434,471,483,495,521,547,26,40,40,40,140,140,157,207,217,217,61,87,0,0,53,53,71,85,116,135,135,135,135,135,8,33,33],"floor_reached":56,"playtime":2474,"items_purged":["Strike_G"],"score":1350,"play_id":"1c185e45-cae3-4de8-9c88-4802cac8b658","local_time":"20190707174655","is_ascension_mode":false,"campfire_choices":[{"data":"Cloak And Dagger","floor":6.0,"key":"SMITH"},{"data":"Choke","floor":15.0,"key":"SMITH"},{"data":"Burst","floor":23.0,"key":"SMITH"},{"floor":25.0,"key":"REST"},{"data":"Blade Dance","floor":32.0,"key":"SMITH"},{"floor":42,"key":"RECALL"},{"data":"Neutralize","floor":49,"key":"SMITH"},{"data":"Survivor","floor":52,"key":"SMITH"}],"neow_cost":"NONE","seed_source_timestamp":0,"circlet_count":0,"master_deck":["Strike_G","Strike_G","Strike_G+1","Strike_G","Defend_G+1","Defend_G","Defend_G","Defend_G","Defend_G","Survivor+1","Neutralize+1","Burst+1","Choke+1","Swift Strike","Cloak And Dagger+1","Blade Dance+1","Dagger Throw","Glass Knife","Prepared+1","PiercingWail+1","Necronomicurse","Choke+1","Backflip+1","Reflex+1","Calculated Gamble+1","Envenom+1","Leg Sweep+1","Malaise+1","Prepared+1","Backflip+1","Trip+1","Crippling Poison+1","Blur+1","Cloak And Dagger+1","Backflip+1","Well Laid Plans+1","Backflip+1"],"special_seed":0,"relics":["Ring of the Serpent","Kunai","MawBank","Tiny Chest","Mercury Hourglass","Philosopher\u0027s Stone","Necronomicon","Turnip","Frozen Egg 2","Toxic Egg 2","Nunchaku","PreservedInsect","Juzu Bracelet","Red Mask","Darkstone Periapt","Orichalcum"],"potions_floor_usage":[36,50,54],"damage_taken":[{"damage":0.0,"enemies":"2 Louse","floor":1.0,"turns":4.0},{"damage":0.0,"enemies":"Jaw Worm","floor":5.0,"turns":2.0},{"damage":12.0,"enemies":"Gremlin Nob","floor":8.0,"turns":4.0},{"damage":0.0,"enemies":"Small Slimes","floor":13.0,"turns":2.0},{"damage":0.0,"enemies":"Looter","floor":14.0,"turns":2.0},{"damage":0.0,"enemies":"Slime Boss","floor":16.0,"turns":7.0},{"damage":2.0,"enemies":"Chosen","floor":18.0,"turns":4.0},{"damage":0.0,"enemies":"3 Byrds","floor":19.0,"turns":3.0},{"damage":6.0,"enemies":"Sentry and Sphere","floor":22.0,"turns":4.0},{"damage":30.0,"enemies":"Gremlin Leader","floor":24.0,"turns":3.0},{"damage":0.0,"enemies":"Snake Plant","floor":27.0,"turns":3.0},{"damage":0.0,"enemies":"Cultist and Chosen","floor":28.0,"turns":3.0},{"damage":0.0,"enemies":"Centurion and Healer","floor":30.0,"turns":3.0},{"damage":5.0,"enemies":"Automaton","floor":33.0,"turns":11.0},{"damage":0,"enemies":"3 Shapes","floor":35,"turns":3},{"damage":10,"enemies":"2 Orb Walkers","floor":36,"turns":3},{"damage":3,"enemies":"Orb Walker","floor":37,"turns":3},{"damage":0,"enemies":"Giant Head","floor":40,"turns":5},{"damage":3,"enemies":"3 Darklings","floor":45,"turns":4},{"damage":0,"enemies":"Jaw Worm Horde","floor":46,"turns":4},{"damage":0,"enemies":"Reptomancer","floor":47,"turns":2},{"damage":0,"enemies":"Maw","floor":48,"turns":6},{"damage":24,"enemies":"Time Eater","floor":50,"turns":11},{"damage":2,"enemies":"Shield and Spear","floor":54,"turns":4},{"damage":22,"enemies":"The Heart","floor":55,"turns":11}],"seed_played":"8012208416012738167","potions_obtained":[{"floor":5.0,"key":"Strength Potion"},{"floor":8.0,"key":"AttackPotion"},{"floor":19.0,"key":"EntropicBrew"},{"floor":27.0,"key":"Ancient Potion"},{"floor":30.0,"key":"Weak Potion"},{"floor":40,"key":"GhostInAJar"}],"is_trial":false,"path_per_floor":["M","$","?","?","M","R","$","E","T","$","?","T","M","M","R","B",null,"M","M","?","?","M","R","E","R","T","M","M","$","M","?","R","B",null,"M","?","M","?","$","E","?","R","T","$","M","M","E","M","R","B",null,"R","$","E","B",null],"character_chosen":"THE_SILENT","items_purchased":["Swift Strike","Blade Dance","Toxic Egg 2","Calculated Gamble+1","Envenom+1","PreservedInsect","Backflip+1","Well Laid Plans+1"],"campfire_rested":1,"item_purchase_floors":[2,7,29,29,29,39,53,53],"current_hp_per_floor":[70,70,56,49,49,49,49,37,37,37,42,42,42,42,42,42,75,73,73,57,57,51,51,21,43,43,43,43,43,43,43,43,38,75,75,65,62,62,62,62,62,62,62,62,59,59,59,59,59,35,75,75,75,73,51],"gold":33,"neow_bonus":"ONE_RANDOM_RARE_CARD","is_prod":false,"is_daily":false,"chose_seed":false,"campfire_upgraded":6,"win_rate":0,"timestamp":1562518015,"path_taken":["M","$","?","?","M","R","$","E","T","?","?","?","M","M","R","BOSS","M","M","?","?","M","R","E","R","T","M","?","$","M","?","R","BOSS","M","?","M","?","$","E","?","R","T","$","M","M","E","M","R","BOSS","R","$","E","BOSS"],"build_version":"2019-07-05","purchased_purges":1,"victory":true,"max_hp_per_floor":[70,70,70,70,70,70,70,70,70,70,75,75,75,75,75,75,75,75,75,75,75,75,75,75,75,75,75,75,75,75,75,75,75,75,75,75,75,75,75,75,75,75,75,75,75,75,75,75,75,75,75,75,75,75,75],"card_choices":[{"not_picked":["Quick Slash","Slice"],"picked":"Choke","floor":1.0},{"not_picked":["Setup","Sucker Punch"],"picked":"Cloak And Dagger","floor":5.0},{"not_picked":["Tactician","Escape Plan"],"picked":"Dagger Throw","floor":8.0},{"not_picked":["Caltrops","Underhanded Strike","Bane"],"picked":"SKIP","floor":13.0},{"not_picked":["Deadly Poison","Crippling Poison","Bane"],"picked":"SKIP","floor":14.0},{"not_picked":["Envenom","Burst"],"picked":"Glass Knife","floor":16.0},{"not_picked":["Slice","Underhanded Strike+1"],"picked":"Prepared+1","floor":18.0},{"not_picked":["Prepared","All Out Attack+1"],"picked":"PiercingWail+1","floor":19.0},{"not_picked":["Tactician+1","Prepared+1"],"picked":"Backflip+1","floor":22.0},{"not_picked":["Sucker Punch+1","Concentrate"],"picked":"Reflex+1","floor":24.0},{"not_picked":["Prepared","All Out Attack","Deflect"],"picked":"SKIP","floor":27.0},{"not_picked":["Bouncing Flask","Dodge and Roll","Sucker Punch"],"picked":"SKIP","floor":28.0},{"not_picked":["Predator","Dagger Spray"],"picked":"Leg Sweep+1","floor":30.0},{"not_picked":["Night Terror+1","Corpse Explosion+1"],"picked":"Malaise+1","floor":33.0},{"not_picked":["Bouncing Flask+1","Sucker Punch+1","Choke+1"],"picked":"SKIP","floor":35},{"not_picked":["Finisher","Terror+1"],"picked":"Prepared+1","floor":36},{"not_picked":["Blade Dance+1","Sucker Punch+1"],"picked":"Backflip+1","floor":37},{"not_picked":["Impatience+1","Discovery+1"],"picked":"Trip+1","floor":38},{"not_picked":["Venomology+1","Quick Slash"],"picked":"Crippling Poison+1","floor":40},{"not_picked":["Tactician+1","Sucker Punch"],"picked":"Blur+1","floor":45},{"not_picked":["Heel Hook","PiercingWail+1","Dash+1"],"picked":"SKIP","floor":46},{"not_picked":["Outmaneuver+1","PiercingWail+1","Phantasmal Killer+1"],"picked":"SKIP","floor":47},{"not_picked":["Accuracy+1","Backstab+1"],"picked":"Cloak And Dagger+1","floor":48},{"not_picked":["Deflect+1","Heel Hook"],"picked":"Backflip+1","floor":54}],"player_experience":1680842,"relics_obtained":[{"floor":8.0,"key":"MawBank"},{"floor":9.0,"key":"Tiny Chest"},{"floor":12.0,"key":"Mercury Hourglass"},{"floor":20.0,"key":"Necronomicon"},{"floor":24.0,"key":"Turnip"},{"floor":26.0,"key":"Frozen Egg 2"},{"floor":36,"key":"Nunchaku"},{"floor":40,"key":"Juzu Bracelet"},{"floor":47,"key":"Darkstone Periapt"},{"floor":54,"key":"Orichalcum"}],"event_choices":[{"damage_healed":0.0,"max_hp_gain":0.0,"max_hp_loss":0.0,"gold_gain":0.0,"event_name":"Shining Light","player_choice":"Entered Light","floor":3.0,"gold_loss":0.0,"damage_taken":14.0,"cards_upgraded":["Defend_G","Strike_G"]},{"damage_healed":0.0,"max_hp_gain":0.0,"max_hp_loss":0.0,"gold_gain":0.0,"event_name":"Scrap Ooze","player_choice":"Success","floor":4.0,"gold_loss":0.0,"damage_taken":7.0,"relics_obtained":["Kunai"]},{"damage_healed":0.0,"max_hp_gain":5.0,"max_hp_loss":0.0,"gold_gain":0.0,"event_name":"Big Fish","player_choice":"Donut","floor":11.0,"gold_loss":0.0,"damage_taken":0.0},{"damage_healed":0.0,"max_hp_gain":0.0,"max_hp_loss":0.0,"gold_gain":0.0,"event_name":"Cursed Tome","player_choice":"Obtained Book","floor":20.0,"gold_loss":0.0,"damage_taken":16.0},{"damage_healed":0.0,"max_hp_gain":0.0,"max_hp_loss":0.0,"gold_gain":0.0,"event_name":"Duplicator","player_choice":"Copied","floor":21.0,"gold_loss":0.0,"damage_taken":0.0,"cards_obtained":["Choke"]},{"damage_healed":0,"gold_gain":0,"player_choice":"Fight","damage_taken":0,"max_hp_gain":0,"max_hp_loss":0,"event_name":"Mysterious Sphere","floor":36,"gold_loss":0},{"damage_healed":0,"gold_gain":0,"player_choice":"Memory 1","damage_taken":0,"max_hp_gain":0,"max_hp_loss":0,"event_name":"SensoryStone","floor":38,"gold_loss":0},{"damage_healed":0,"gold_gain":0,"player_choice":"Paid","damage_taken":0,"relics_obtained":["Red Mask"],"max_hp_gain":0,"max_hp_loss":0,"event_name":"Tomb of Lord Red Mask","floor":41,"gold_loss":87}],"is_beta":false,"boss_relics":[{"not_picked":["Ectoplasm","White Beast Statue"],"picked":"Philosopher\u0027s Stone"},{"not_picked":["Fusion Hammer","Pandora\u0027s Box"],"picked":"Ring of the Serpent"}],"items_purged_floors":[29],"is_endless":false,"potions_floor_spawned":[5,8,19,27,30,40,45,47],"ascension_level":0}