{"gold_per_floor":[15,31,44,58,23,57,57,85,153,153,228,242,242,232,232,310,310,330,380,380,62,62,62,77,97,97,97,113,123,23,33,33,106,106,116,116,116,129,142,142,157,187,187,187,201,201,220,237,237,237],"floor_reached":51,"playtime":4276,"items_purged":["Strike_B","Defend_B"],"score":1157,"play_id":"2bf11af5-f0f7-4bc2-a273-ded4ca3160b5","local_time":"20191026205808","is_ascension_mode":true,"campfire_choices":[{"floor":10.0,"key":"REST"},{"floor":13.0,"key":"REST"},{"data":"Creative AI","floor":15.0,"key":"SMITH"},{"floor":23.0,"key":"REST"},{"data":"Aggregate","floor":27.0,"key":"SMITH"},{"data":"Go for the Eyes","floor":32.0,"key":"SMITH"},{"data":"Loop","floor":40.0,"key":"SMITH"},{"data":"Static Discharge","floor":44,"key":"SMITH"},{"data":"Force Field","floor":46,"key":"SMITH"},{"data":"Reinforced Body","floor":49,"key":"SMITH"}],"neow_cost":"NO_GOLD","seed_source_timestamp":1167464895960600,"circlet_count":0,"master_deck":["AscendersBane","Defend_B","Defend_B","Defend_B","Creative AI+1","Aggregate+1","Static Discharge+1","Loop+1","Force Field+1","Reinforced Body+1","Steam","Go for the Eyes+1","Cold Snap","Biased Cognition+1","Core Surge","Static Discharge+1","Rip and Tear","Defragment+1","Coolheaded+1","Capacitor+1","Leap+1","Creative AI+1","Seek+1","Glacier+1","Defragment+1","Coolheaded+1","Core Surge","Coolheaded+1"],"special_seed":0,"relics":["Cracked Core","Bottled Lightning","Bird Faced Urn","Frozen Egg 2","Lizard Tail","Enchiridion","Toxic Egg 2","Philosopher\u0027s Stone","Ancient Tea Set","Cables"],"potions_floor_usage":[42,50],"damage_taken":[{"damage":4.0,"enemies":"Jaw Worm","floor":1.0,"turns":3.0},{"damage":10.0,"enemies":"Small Slimes","floor":2.0,"turns":3.0},{"damage":0.0,"enemies":"2 Louse","floor":3.0,"turns":2.0},{"damage":12.0,"enemies":"2 Fungi Beasts","floor":4.0,"turns":4.0},{"damage":13.0,"enemies":"Lagavulin","floor":6.0,"turns":7.0},{"damage":28.0,"enemies":"Gremlin Nob","floor":8.0,"turns":5.0},{"damage":18.0,"enemies":"Gremlin Gang","floor":12.0,"turns":5.0},{"damage":5.0,"enemies":"Exordium Thugs","floor":14.0,"turns":4.0},{"damage":32.0,"enemies":"The Guardian","floor":16.0,"turns":12.0},{"damage":40.0,"enemies":"Shell Parasite","floor":18.0,"turns":6.0},{"damage":15.0,"enemies":"Chosen","floor":24.0,"turns":6.0},{"damage":11.0,"enemies":"Sentry and Sphere","floor":25.0,"turns":4.0},{"damage":21.0,"enemies":"Snake Plant","floor":28.0,"turns":6.0},{"damage":12.0,"enemies":"3 Cultists","floor":29.0,"turns":4.0},{"damage":10.0,"enemies":"Snecko","floor":31.0,"turns":6.0},{"damage":38.0,"enemies":"Automaton","floor":33.0,"turns":12.0},{"damage":24.0,"enemies":"3 Darklings","floor":35.0,"turns":5.0},{"damage":0.0,"enemies":"Orb Walker","floor":38.0,"turns":4.0},{"damage":3.0,"enemies":"Transient","floor":39.0,"turns":5.0},{"damage":7.0,"enemies":"3 Darklings","floor":41.0,"turns":2.0},{"damage":12,"enemies":"Reptomancer","floor":42,"turns":6},{"damage":6,"enemies":"Jaw Worm Horde","floor":45,"turns":3},{"damage":10,"enemies":"Maw","floor":47,"turns":8},{"damage":20,"enemies":"Sphere and 2 Shapes","floor":48,"turns":4},{"damage":12,"enemies":"Time Eater","floor":50,"turns":8}],"seed_played":"-5916802137272056658","potions_obtained":[{"floor":2.0,"key":"Poison Potion"},{"floor":3.0,"key":"GamblersBrew"},{"floor":6.0,"key":"Block Potion"},{"floor":8.0,"key":"LiquidBronze"},{"floor":28.0,"key":"Regen Potion"},{"floor":33.0,"key":"PowerPotion"},{"floor":47,"key":"Explosive Potion"},{"floor":48,"key":"Swift Potion"}],"is_trial":false,"path_per_floor":["M","M","M","M","?","E","$","E","T","R","?","M","R","M","R","B",null,"M","?","?","$","?","R","M","M","T","R","M","M","$","M","R","B",null,"M","$","?","M","M","R","M","E","T","R","M","R","M","M","R","B",null],"character_chosen":"DEFECT","items_purchased":["Core Surge","Ancient Potion"],"campfire_rested":3,"item_purchase_floors":[21,21],"current_hp_per_floor":[60,50,50,38,55,42,42,14,14,35,24,10,31,30,30,20,58,36,36,15,15,15,36,39,42,42,42,53,53,53,59,59,43,64,58,58,58,70,71,71,68,71,71,71,71,71,71,61,61,71],"gold":237,"neow_bonus":"TRANSFORM_TWO_CARDS","is_prod":false,"is_daily":false,"chose_seed":false,"campfire_upgraded":7,"win_rate":0,"timestamp":1572116288,"path_taken":["M","M","M","M","?","E","$","E","T","R","?","M","R","M","R","BOSS","M","?","?","$","?","R","M","M","T","R","M","M","$","M","R","BOSS","M","$","?","M","M","R","M","E","T","R","M","R","?","M","R","BOSS"],"build_version":"2019-07-17","purchased_purges":2,"victory":true,"max_hp_per_floor":[71,71,71,71,71,71,71,71,71,71,71,71,71,71,71,71,71,71,71,71,71,71,71,71,71,71,71,71,71,71,71,71,71,71,71,71,71,71,71,71,71,71,71,71,71,71,71,71,71,71],"card_choices":[{"not_picked":["Rebound","Undo"],"picked":"Static Discharge","floor":1.0},{"not_picked":["Steam","Redo","Coolheaded"],"picked":"SKIP","floor":2.0},{"not_picked":["Reinforced Body","Heatsinks"],"picked":"Loop","floor":3.0},{"not_picked":["Turbo","Redo"],"picked":"Force Field","floor":4.0},{"not_picked":["Auto Shields","Conserve Battery"],"picked":"Reinforced Body","floor":6.0},{"not_picked":["Machine Learning","Gash"],"picked":"Steam","floor":8.0},{"not_picked":["Conserve Battery","Meteor Strike"],"picked":"Go for the Eyes","floor":12.0},{"not_picked":["Leap","Double Energy"],"picked":"Cold Snap","floor":14.0},{"not_picked":["Hyperbeam","Rainbow"],"picked":"Biased Cognition+1","floor":16.0},{"not_picked":["Compile Driver","Turbo","Rebound"],"picked":"SKIP","floor":18.0},{"not_picked":["Coolheaded","Skim"],"picked":"Defragment+1","floor":24.0},{"not_picked":["Melter","Barrage"],"picked":"Coolheaded+1","floor":25.0},{"not_picked":["Ball Lightning","Cold Snap"],"picked":"Capacitor+1","floor":28.0},{"not_picked":["Darkness+1","Redo+1"],"picked":"Leap+1","floor":29.0},{"not_picked":["Reprogram+1","Cold Snap"],"picked":"Creative AI+1","floor":31.0},{"not_picked":["Meteor Strike","Reboot+1"],"picked":"Seek+1","floor":33.0},{"not_picked":["Go for the Eyes+1","Leap+1"],"picked":"Glacier+1","floor":35.0},{"not_picked":["Sweeping Beam","Scrape"],"picked":"Defragment+1","floor":38.0},{"not_picked":["Gash","Reinforced Body+1","Streamline"],"picked":"SKIP","floor":39.0},{"not_picked":["Steam+1","Lockon","Scrape"],"picked":"SKIP","floor":41.0},{"not_picked":["Aggregate+1","Ball Lightning"],"picked":"Coolheaded+1","floor":42},{"not_picked":["Auto Shields+1","Barrage","Lockon"],"picked":"SKIP","floor":45},{"not_picked":["FTL+1","Stack+1"],"picked":"Core Surge","floor":47},{"not_picked":["Conserve Battery+1","Stack+1"],"picked":"Coolheaded+1","floor":48}],"player_experience":357040,"relics_obtained":[{"floor":6.0,"key":"Bottled Lightning"},{"floor":8.0,"key":"Bird Faced Urn"},{"floor":9.0,"key":"Frozen Egg 2"},{"floor":20.0,"key":"Enchiridion"},{"floor":26.0,"key":"Toxic Egg 2"},{"floor":42,"key":"Ancient Tea Set"},{"floor":43,"key":"Cables"}],"event_choices":[{"damage_healed":17.0,"max_hp_gain":0.0,"max_hp_loss":0.0,"gold_gain":0.0,"event_name":"The Cleric","player_choice":"Healed","floor":5.0,"gold_loss":35.0,"damage_taken":0.0},{"damage_healed":0.0,"max_hp_gain":0.0,"max_hp_loss":0.0,"gold_gain":75.0,"event_name":"World of Goop","player_choice":"Gather Gold","floor":11.0,"gold_loss":0.0,"damage_taken":11.0},{"damage_healed":0.0,"max_hp_gain":0.0,"max_hp_loss":0.0,"gold_gain":50.0,"event_name":"Nest","player_choice":"Stole From Cult","floor":19.0,"gold_loss":0.0,"damage_taken":0.0},{"damage_healed":0.0,"max_hp_gain":0.0,"max_hp_loss":0.0,"gold_gain":0.0,"event_name":"Cursed Tome","player_choice":"Obtained Book","floor":20.0,"gold_loss":0.0,"damage_taken":21.0},{"damage_healed":0.0,"max_hp_gain":0.0,"max_hp_loss":0.0,"gold_gain":0.0,"cards_transformed":["Strike_B","Zap"],"event_name":"Drug Dealer","player_choice":"Became Test Subject","floor":22.0,"gold_loss":0.0,"damage_taken":0.0,"cards_obtained":["Static Discharge","Rip and Tear"]},{"cards_removed":["Dualcast"],"damage_healed":0.0,"max_hp_gain":0.0,"max_hp_loss":0.0,"gold_gain":0.0,"event_name":"Bonfire Elementals","player_choice":"Offered Basic","floor":37.0,"gold_loss":0.0,"damage_taken":0.0}],"is_beta":false,"boss_relics":[{"not_picked":["Astrolabe","Busted Crown"],"picked":"Lizard Tail"},{"not_picked":["Eternal Feather","White Beast Statue"],"picked":"Philosopher\u0027s Stone"}],"items_purged_floors":[21,30],"is_endless":false,"potions_floor_spawned":[2,3,6,8,28,31,33,38,41,47,48],"ascension_level":16}