{"gold_per_floor":[112,132,6,6,16,16,44,44,120,148,166,201,201,212,212,309,309,320,72,85,96,114,114,141,141,141,141,141,174,274,288,288,388,388,407,9,9,23,34,34,64,64,91,178,201,225,569,592,604,616,628,640,228,254,254],"floor_reached":56,"playtime":3000,"items_purged":["Strike_R","Strike_R","Strike_R","Strike_R"],"score":1272,"play_id":"50849f95-e37c-4f66-bc12-de14e4e17cc1","local_time":"20190916185332","is_ascension_mode":false,"campfire_choices":[{"data":"Flex","floor":6.0,"key":"SMITH"},{"data":"True Grit","floor":8.0,"key":"SMITH"},{"data":"Immolate","floor":13.0,"key":"SMITH"},{"data":"Bash","floor":15.0,"key":"SMITH"},{"data":"Offering","floor":23.0,"key":"SMITH"},{"data":"Double Tap","floor":28.0,"key":"SMITH"},{"floor":32.0,"key":"RECALL"},{"data":"Dual Wield","floor":40.0,"key":"SMITH"},{"data":"Ghostly Armor","floor":42,"key":"SMITH"},{"data":"Inflame","floor":49,"key":"SMITH"},{"data":"Master of Strategy","floor":52,"key":"SMITH"}],"neow_cost":"NONE","seed_source_timestamp":0,"circlet_count":0,"master_deck":["Strike_R","Defend_R","Defend_R","Defend_R","Defend_R","Bash+1","Armaments+1","Sword Boomerang+1","Flex+1","True Grit+1","Immolate+1","Offering+1","Ghostly Armor+1","Double Tap+1","Bloodletting+1","Warcry+1","Dual Wield+1","Master of Strategy+1","True Grit+1","Shrug It Off+1","Heavy Blade+1","Pommel Strike+1","Inflame+1","Feel No Pain+1","Discovery","Juggernaut","Exhume"],"special_seed":0,"relics":["Burning Blood","Bag of Preparation","Meat on the Bone","HornCleat","Black Star","TheAbacus","Gremlin Horn","Singing Bowl","Pear","Nilry\u0027s Codex","Red Mask","Coffee Dripper","Membership Card","TungstenRod","Letter Opener","Art of War","MawBank","Old Coin","Paper Frog","Bronze Scales","Cauldron","Happy Flower","Champion Belt","Eternal Feather"],"potions_floor_usage":[41,50,50,55,55,55,55,55],"damage_taken":[{"damage":0.0,"enemies":"Small Slimes","floor":1.0,"turns":3.0},{"damage":0.0,"enemies":"2 Louse","floor":2.0,"turns":3.0},{"damage":1.0,"enemies":"Cultist","floor":5.0,"turns":3.0},{"damage":18.0,"enemies":"Lagavulin","floor":7.0,"turns":7.0},{"damage":6.0,"enemies":"Gremlin Nob","floor":10.0,"turns":4.0},{"damage":0.0,"enemies":"Looter","floor":11.0,"turns":2.0},{"damage":13.0,"enemies":"3 Sentries","floor":12.0,"turns":3.0},{"damage":0.0,"enemies":"Blue Slaver","floor":14.0,"turns":3.0},{"damage":41.0,"enemies":"The Guardian","floor":16.0,"turns":12.0},{"damage":12.0,"enemies":"Spheric Guardian","floor":18.0,"turns":5.0},{"damage":0.0,"enemies":"2 Thieves","floor":20.0,"turns":1.0},{"damage":25.0,"enemies":"Shelled Parasite and Fungi","floor":21.0,"turns":5.0},{"damage":0.0,"enemies":"Snake Plant","floor":22.0,"turns":2.0},{"damage":13.0,"enemies":"Book of Stabbing","floor":24.0,"turns":3.0},{"damage":6.0,"enemies":"Masked Bandits","floor":29.0,"turns":1.0},{"damage":6.0,"enemies":"Cultist and Chosen","floor":31.0,"turns":3.0},{"damage":49.0,"enemies":"Champ","floor":33.0,"turns":11.0},{"damage":0.0,"enemies":"3 Shapes","floor":35.0,"turns":3.0},{"damage":7.0,"enemies":"Orb Walker","floor":38.0,"turns":2.0},{"damage":27.0,"enemies":"Transient","floor":39.0,"turns":5.0},{"damage":28,"enemies":"Nemesis","floor":41,"turns":9},{"damage":7,"enemies":"4 Shapes","floor":45,"turns":1},{"damage":0,"enemies":"Jaw Worm Horde","floor":46,"turns":1},{"damage":53,"enemies":"Giant Head","floor":47,"turns":7},{"damage":21,"enemies":"Spire Growth","floor":48,"turns":3},{"damage":26,"enemies":"Donu and Deca","floor":50,"turns":6},{"damage":23,"enemies":"Shield and Spear","floor":54,"turns":7},{"damage":63,"enemies":"The Heart","floor":55,"turns":6}],"seed_played":"-375037828010133772","potions_obtained":[{"floor":2.0,"key":"SkillPotion"},{"floor":12.0,"key":"Swift Potion"},{"floor":16.0,"key":"Fire Potion"},{"floor":18.0,"key":"SteroidPotion"},{"floor":21.0,"key":"Regen Potion"},{"floor":33.0,"key":"SpeedPotion"},{"floor":35.0,"key":"BloodPotion"},{"floor":38.0,"key":"Block Potion"},{"floor":45,"key":"Strength Potion"},{"floor":48,"key":"Poison Potion"},{"floor":53,"key":"EntropicBrew"},{"floor":53,"key":"EssenceOfSteel"},{"floor":53,"key":"Poison Potion"}],"is_trial":false,"path_per_floor":["M","M","$","?","M","R","E","R","T","E","M","E","R","M","R","B",null,"M","$","M","M","M","R","E","?","T","?","R","?","?","M","R","B",null,"M","$","?","M","M","R","E","R","T","?","M","M","E","M","R","B",null,"R","$","E","B",null],"character_chosen":"IRONCLAD","items_purchased":["SteroidPotion","TheAbacus","Membership Card","TungstenRod","Dual Wield","Bronze Scales","Cauldron","Happy Flower","Discovery","Juggernaut"],"campfire_rested":0,"item_purchase_floors":[3,19,36,36,36,53,53,53,53,53],"current_hp_per_floor":[88,88,88,70,75,75,63,63,63,63,69,62,62,68,68,45,88,82,82,88,69,75,75,70,52,62,46,46,60,60,62,62,48,111,113,113,108,107,86,86,78,78,78,68,67,73,38,35,35,56,119,119,119,102,57],"gold":254,"neow_bonus":"TEN_PERCENT_HP_BONUS","is_prod":false,"is_daily":false,"chose_seed":false,"campfire_upgraded":10,"win_rate":0,"timestamp":1568656412,"path_taken":["M","M","$","?","M","R","E","R","T","E","M","E","R","M","R","BOSS","M","$","M","M","M","R","E","?","T","?","R","?","?","?","R","BOSS","M","$","?","M","M","R","E","R","T","?","M","?","E","M","R","BOSS","R","$","E","BOSS"],"build_version":"2019-09-12","purchased_purges":4,"victory":true,"max_hp_per_floor":[88,88,88,88,88,88,88,88,88,88,88,88,88,88,88,88,88,88,88,88,88,88,88,90,95,105,105,105,107,107,109,109,111,111,113,113,117,117,117,117,119,119,119,119,119,119,119,119,119,119,119,119,119,119,119],"card_choices":[{"not_picked":["Wild Strike","Heavy Blade"],"picked":"Armaments","floor":1.0},{"not_picked":["Havoc","Rage"],"picked":"Sword Boomerang","floor":2.0},{"not_picked":["Searing Blow","Pommel Strike"],"picked":"Flex","floor":5.0},{"not_picked":["Fire Breathing","Clash"],"picked":"True Grit","floor":7.0},{"not_picked":["Anger","Feel No Pain"],"picked":"Immolate","floor":10.0},{"not_picked":["Entrench","Corruption","Warcry"],"picked":"SKIP","floor":11.0},{"not_picked":["Clash","Second Wind"],"picked":"Offering","floor":12.0},{"not_picked":["Armaments","Uppercut"],"picked":"Ghostly Armor","floor":14.0},{"not_picked":["Bludgeon","Demon Form"],"picked":"Double Tap","floor":16.0},{"not_picked":["Heavy Blade","Thunderclap+1","Body Slam+1"],"picked":"SKIP","floor":18.0},{"not_picked":["Sword Boomerang","Armaments+1"],"picked":"Bloodletting+1","floor":20.0},{"not_picked":["Sever Soul","Warcry+1","Sentinel"],"picked":"SKIP","floor":21.0},{"not_picked":["Flex","Twin Strike+1"],"picked":"Warcry+1","floor":22.0},{"not_picked":["Anger","Reckless Charge+1","Heavy Blade"],"picked":"Singing Bowl","floor":24.0},{"not_picked":["Perfected Strike+1","Iron Wave","Warcry"],"picked":"Singing Bowl","floor":29.0},{"not_picked":["Blood for Blood","Heavy Blade","Iron Wave"],"picked":"Singing Bowl","floor":31.0},{"not_picked":["Double Tap","Fiend Fire","Bludgeon"],"picked":"Singing Bowl","floor":33.0},{"not_picked":["True Grit","Perfected Strike+1","Cleave"],"picked":"Singing Bowl","floor":35.0},{"not_picked":["Finesse","Transmutation"],"picked":"Master of Strategy","floor":37.0},{"not_picked":["PanicButton","Discovery","Panacea"],"picked":"Singing Bowl","floor":37.0},{"not_picked":["Good Instincts","Bandage Up","Apotheosis"],"picked":"Singing Bowl","floor":37.0},{"not_picked":["Body Slam+1","Warcry"],"picked":"True Grit+1","floor":38.0},{"not_picked":["Ghostly Armor","Anger+1"],"picked":"Shrug It Off+1","floor":39.0},{"not_picked":["Pummel","Combust","Body Slam"],"picked":"Singing Bowl","floor":41},{"not_picked":["Twin Strike+1","Sever Soul"],"picked":"Heavy Blade+1","floor":45},{"not_picked":["Flex","Cleave+1"],"picked":"Pommel Strike+1","floor":46},{"not_picked":["Blood for Blood+1","Warcry"],"picked":"Inflame","floor":47},{"not_picked":["Heavy Blade+1","Anger"],"picked":"Feel No Pain+1","floor":48},{"not_picked":["Pummel","Evolve+1"],"picked":"Exhume","floor":54}],"player_experience":1503916,"relics_obtained":[{"floor":7.0,"key":"Bag of Preparation"},{"floor":10.0,"key":"Meat on the Bone"},{"floor":12.0,"key":"HornCleat"},{"floor":24.0,"key":"Gremlin Horn"},{"floor":24.0,"key":"Singing Bowl"},{"floor":26.0,"key":"Pear"},{"floor":27.0,"key":"Nilry\u0027s Codex"},{"floor":29.0,"key":"Red Mask"},{"floor":41,"key":"Letter Opener"},{"floor":41,"key":"Art of War"},{"floor":43,"key":"MawBank"},{"floor":47,"key":"Old Coin"},{"floor":47,"key":"Paper Frog"},{"floor":54,"key":"Champion Belt"},{"floor":54,"key":"Eternal Feather"}],"event_choices":[{"damage_healed":0.0,"max_hp_gain":0.0,"max_hp_loss":0.0,"gold_gain":0.0,"event_name":"Shining Light","player_choice":"Entered Light","floor":4.0,"gold_loss":0.0,"damage_taken":18.0,"cards_upgraded":["Armaments","Sword Boomerang"]},{"damage_healed":0.0,"max_hp_gain":5.0,"max_hp_loss":0.0,"gold_gain":0.0,"event_name":"Forgotten Altar","player_choice":"Shed Blood","floor":25.0,"gold_loss":0.0,"damage_taken":23.0},{"damage_healed":0.0,"max_hp_gain":0.0,"max_hp_loss":0.0,"gold_gain":0.0,"event_name":"Cursed Tome","player_choice":"Obtained Book","floor":27.0,"gold_loss":0.0,"damage_taken":16.0},{"damage_healed":0.0,"max_hp_gain":0.0,"max_hp_loss":0.0,"gold_gain":0.0,"event_name":"Masked Bandits","player_choice":"Fought Bandits","floor":29.0,"gold_loss":0.0,"damage_taken":0.0},{"damage_healed":0.0,"max_hp_gain":0.0,"max_hp_loss":0.0,"gold_gain":100.0,"event_name":"Golden Shrine","player_choice":"Pray","floor":30.0,"gold_loss":0.0,"damage_taken":0.0},{"damage_healed":0.0,"max_hp_gain":0.0,"max_hp_loss":0.0,"gold_gain":0.0,"event_name":"SensoryStone","player_choice":"Memory 3","floor":37.0,"gold_loss":0.0,"damage_taken":10.0},{"damage_healed":0,"gold_gain":75,"player_choice":"Touch","damage_taken":11,"max_hp_gain":0,"max_hp_loss":0,"event_name":"FaceTrader","floor":44,"gold_loss":0}],"is_beta":true,"boss_relics":[{"not_picked":["SacredBark","Ectoplasm"],"picked":"Black Star"},{"not_picked":["Black Blood","Pandora\u0027s Box"],"picked":"Coffee Dripper"}],"items_purged_floors":[3,19,36,53],"is_endless":false,"potions_floor_spawned":[2,12,16,18,21,22,29,33,35,38,45,48],"ascension_level":0}