{"gold_per_floor":[117,117,134,134,147,147,177,177,177,177,102,102,113,132,132,231,231,242,253,271,291,303,203,203,203,203,203,236,236,236],"floor_reached":30,"playtime":1494,"items_purged":["Strike_R","Strike_R"],"score":240,"play_id":"588bbc22-df90-4f3e-ae6a-d2ce0f4d51d0","local_time":"20190925000559","is_ascension_mode":false,"campfire_choices":[{"data":"Evolve","floor":6,"key":"SMITH"},{"data":"Thunderclap","floor":8,"key":"SMITH"},{"data":"Heavy Blade","floor":10,"key":"SMITH"},{"data":"Bash","floor":12,"key":"SMITH"},{"data":"Twin Strike","floor":15,"key":"SMITH"},{"floor":24,"key":"REST"},{"floor":27,"key":"REST"},{"floor":29,"key":"REST"}],"neow_cost":"NONE","seed_source_timestamp":6637795854900,"circlet_count":0,"master_deck":["Strike_R","Strike_R","Defend_R","Defend_R","Defend_R","Defend_R","Bash+1","Thunderclap+1","Twin Strike+1","Evolve+1","Heavy Blade+1","Anger","Demon Form","Twin Strike","Uppercut","Shrug It Off","Sword Boomerang","RitualDagger","Disarm"],"relics":["Black Blood"],"potions_floor_usage":[16,22,28,30],"damage_taken":[{"damage":2,"enemies":"Small Slimes","floor":1,"turns":4},{"damage":15,"enemies":"Jaw Worm","floor":3,"turns":4},{"damage":5,"enemies":"2 Louse","floor":5,"turns":2},{"damage":30,"enemies":"The Mushroom Lair","floor":7,"turns":5},{"damage":11,"enemies":"Blue Slaver","floor":13,"turns":4},{"damage":3,"enemies":"Red Slaver","floor":14,"turns":4},{"damage":34,"enemies":"Hexaghost","floor":16,"turns":6},{"damage":21,"enemies":"3 Byrds","floor":18,"turns":7},{"damage":10,"enemies":"Chosen","floor":19,"turns":4},{"damage":44,"enemies":"Snake Plant","floor":20,"turns":5},{"damage":23,"enemies":"Snecko","floor":21,"turns":5},{"damage":35,"enemies":"Centurion and Healer","floor":22,"turns":5},{"damage":37,"enemies":"Gremlin Leader","floor":28,"turns":5},{"damage":100,"enemies":"Slavers","floor":30,"turns":6}],"seed_played":"8438828490607761778","potions_obtained":[{"floor":1,"key":"Regen Potion"},{"floor":13,"key":"PowerPotion"},{"floor":14,"key":"BloodPotion"},{"floor":16,"key":"EssenceOfSteel"},{"floor":18,"key":"Strength Potion"}],"is_trial":false,"path_per_floor":["M","?","M","?","M","R","?","R","T","R","$","R","M","M","R","B",null,"M","M","M","M","M","$","R","?","T","R","E","R","E"],"character_chosen":"IRONCLAD","items_purchased":[],"campfire_rested":3,"item_purchase_floors":[],"current_hp_per_floor":[88,93,84,84,85,85,61,61,61,61,61,61,56,59,59,31,93,82,82,48,35,24,24,51,45,45,72,45,72,0],"gold":236,"neow_bonus":"TEN_PERCENT_HP_BONUS","is_prod":false,"is_daily":false,"chose_seed":false,"campfire_upgraded":5,"win_rate":0,"timestamp":1569362759,"path_taken":["M","?","M","?","M","R","?","R","T","R","?","R","M","M","R","BOSS","M","M","M","M","M","?","R","?","T","R","E","R","E"],"build_version":"2019-07-17","purchased_purges":2,"victory":false,"max_hp_per_floor":[88,93,93,93,93,93,93,93,93,93,93,93,93,93,93,93,93,93,93,93,93,93,93,93,93,93,93,93,93,93],"card_choices":[{"not_picked":["Searing Blow","Anger"],"picked":"Thunderclap","floor":1},{"not_picked":["Headbutt","Clothesline"],"picked":"Twin Strike","floor":3},{"not_picked":["Twin Strike","Rage"],"picked":"Evolve","floor":5},{"not_picked":["Pommel Strike","Infernal Blade"],"picked":"Heavy Blade","floor":7},{"not_picked":["Thunderclap","Combust"],"picked":"Anger","floor":13},{"not_picked":["Armaments","Headbutt","Iron Wave"],"picked":"SKIP","floor":14},{"not_picked":["Barricade","Juggernaut"],"picked":"Demon Form","floor":16},{"not_picked":["Sever Soul","Warcry"],"picked":"Twin Strike","floor":18},{"not_picked":["Armaments+1","Clash"],"picked":"Uppercut","floor":19},{"not_picked":["Cleave","Spot Weakness"],"picked":"Shrug It Off","floor":20},{"not_picked":["Body Slam","Havoc","Rupture"],"picked":"SKIP","floor":21},{"not_picked":["Thunderclap","Berserk"],"picked":"Sword Boomerang","floor":22},{"not_picked":["Headbutt","Warcry"],"picked":"Disarm","floor":28}],"player_experience":164471,"relics_obtained":[],"event_choices":[{"damage_healed":0,"gold_gain":0,"player_choice":"Donut","damage_taken":0,"max_hp_gain":5,"max_hp_loss":0,"event_name":"Big Fish","floor":2,"gold_loss":0},{"cards_removed":["Strike_R"],"damage_healed":0,"gold_gain":0,"player_choice":"Forget","damage_taken":0,"max_hp_gain":0,"max_hp_loss":0,"event_name":"Living Wall","floor":4,"gold_loss":0},{"damage_healed":0,"gold_gain":0,"player_choice":"Fought Mushrooms","damage_taken":0,"max_hp_gain":0,"max_hp_loss":0,"event_name":"Mushrooms","floor":7,"gold_loss":0},{"damage_healed":0,"gold_gain":0,"player_choice":"Joined the Cult","damage_taken":6,"max_hp_gain":0,"max_hp_loss":0,"event_name":"Nest","floor":25,"gold_loss":0,"cards_obtained":["RitualDagger"]}],"is_beta":false,"boss_relics":[{"not_picked":["Coffee Dripper","Runic Pyramid"],"picked":"Black Blood"}],"items_purged_floors":[11,23],"is_endless":false,"potions_floor_spawned":[1,13,14,16,18],"killed_by":"Slavers","ascension_level":0}