{"gold_per_floor":[114,189,199,124,141,174,174,74,99,99,126,140,152,122,122,223,223,240,251,98,113,31,31,43,71,71,71,90,116,116,136,136,237,237,248,123,141,141,157,189,189,199,250,350,350,361,390,188,188,188],"floor_reached":51,"playtime":2947,"items_purged":["Strike_R","Strike_R","Defend_R","Defend_R"],"score":1025,"play_id":"82759bea-4d6e-4352-931e-c9bd769b05d9","local_time":"20191027025223","is_ascension_mode":true,"campfire_choices":[{"data":"Pommel Strike","floor":7,"key":"SMITH"},{"data":"Bash","floor":10,"key":"SMITH"},{"data":"Strike_R","floor":15,"key":"SMITH"},{"data":"Offering","floor":23,"key":"SMITH"},{"data":"Finesse","floor":30,"key":"SMITH"},{"floor":32,"key":"REST"},{"data":"Seeing Red","floor":41,"key":"SMITH"},{"data":"Dropkick","floor":45,"key":"SMITH"},{"data":"Defend_R","floor":49,"key":"SMITH"}],"neow_cost":"NONE","seed_source_timestamp":1190185334053600,"circlet_count":0,"master_deck":["Defend_R","Defend_R+1","Bash+1","Pommel Strike+1","Offering+1","Burning Pact+1","Thunderclap+1","Flex+1","Finesse+1","Warcry+1","Seeing Red+1","Dropkick+1"],"relics":["Burning Blood","Regal Pillow","Anchor","Centennial Puzzle","Astrolabe","Bag of Preparation","Mercury Hourglass","Dream Catcher","Dodecahedron","Vajra","Orrery","Du-Vu Doll","Happy Flower","Thread and Needle","PreservedInsect"],"potions_floor_usage":[6,11,16,16,16,33,50],"damage_taken":[{"damage":0,"enemies":"Small Slimes","floor":1,"turns":3},{"damage":1,"enemies":"Cultist","floor":3,"turns":3},{"damage":0,"enemies":"Jaw Worm","floor":5,"turns":5},{"damage":33,"enemies":"3 Sentries","floor":6,"turns":13},{"damage":19,"enemies":"Lagavulin","floor":11,"turns":6},{"damage":2,"enemies":"Blue Slaver","floor":12,"turns":2},{"damage":12,"enemies":"Exordium Thugs","floor":13,"turns":3},{"damage":50,"enemies":"Slime Boss","floor":16,"turns":8},{"damage":6,"enemies":"Shell Parasite","floor":18,"turns":2},{"damage":24,"enemies":"3 Byrds","floor":19,"turns":4},{"damage":6,"enemies":"Shelled Parasite and Fungi","floor":21,"turns":1},{"damage":6,"enemies":"3 Cultists","floor":24,"turns":1},{"damage":6,"enemies":"Gremlin Leader","floor":25,"turns":3},{"damage":6,"enemies":"Snake Plant","floor":28,"turns":1},{"damage":23,"enemies":"Book of Stabbing","floor":29,"turns":3},{"damage":6,"enemies":"Centurion and Healer","floor":31,"turns":1},{"damage":52,"enemies":"Champ","floor":33,"turns":5},{"damage":6,"enemies":"3 Shapes","floor":35,"turns":1},{"damage":6,"enemies":"Orb Walker","floor":37,"turns":1},{"damage":6,"enemies":"Sphere and 2 Shapes","floor":39,"turns":1},{"damage":6,"enemies":"Reptomancer","floor":40,"turns":1},{"damage":6,"enemies":"Writhing Mass","floor":42,"turns":1},{"damage":6,"enemies":"Mind Bloom Boss Battle","floor":44,"turns":1},{"damage":6,"enemies":"Jaw Worm Horde","floor":46,"turns":1},{"damage":6,"enemies":"Giant Head","floor":47,"turns":1},{"damage":6,"enemies":"Awakened One","floor":50,"turns":2}],"seed_played":"7782347338441170408","potions_obtained":[{"floor":3,"key":"AttackPotion"},{"floor":6,"key":"EssenceOfSteel"},{"floor":11,"key":"Strength Potion"},{"floor":13,"key":"BloodPotion"},{"floor":14,"key":"Strength Potion"},{"floor":19,"key":"LiquidBronze"},{"floor":21,"key":"PowerPotion"},{"floor":25,"key":"SpeedPotion"},{"floor":31,"key":"BloodPotion"},{"floor":42,"key":"PowerPotion"}],"is_trial":false,"path_per_floor":["M","?","M","$","M","E","R","$","T","R","E","M","M","?","R","B",null,"M","M","$","M","$","R","M","E","T","T","M","E","R","M","R","B",null,"M","$","M","?","M","E","R","M","T","?","R","M","E","$","R","B",null],"character_chosen":"IRONCLAD","items_purchased":["Bag of Preparation","Finesse","Energy Potion"],"campfire_rested":1,"item_purchase_floors":[20,22,48],"current_hp_per_floor":[80,69,74,74,80,53,53,53,53,53,40,44,38,38,38,14,80,80,62,62,62,62,62,62,62,62,62,62,45,45,45,80,34,80,80,80,80,80,80,80,80,80,80,80,80,80,80,80,80,80],"gold":188,"neow_bonus":"THREE_CARDS","is_prod":false,"is_daily":false,"chose_seed":false,"campfire_upgraded":8,"win_rate":0,"timestamp":1572137543,"path_taken":["M","?","M","$","M","E","R","$","T","R","E","M","M","?","R","BOSS","M","M","$","?","$","R","M","E","T","?","M","E","R","M","R","BOSS","M","$","M","?","M","E","R","M","T","?","R","M","E","$","R","BOSS"],"build_version":"2019-07-17","purchased_purges":4,"victory":true,"max_hp_per_floor":[80,80,80,80,80,80,80,80,80,80,80,80,80,80,80,80,80,80,80,80,80,80,80,80,80,80,80,80,80,80,80,80,80,80,80,80,80,80,80,80,80,80,80,80,80,80,80,80,80,80],"card_choices":[{"not_picked":["Warcry","Sword Boomerang","Clash"],"picked":"SKIP","floor":1},{"not_picked":["Shrug It Off","Clash","Wild Strike"],"picked":"SKIP","floor":3},{"not_picked":["Headbutt","Havoc","Thunderclap"],"picked":"SKIP","floor":5},{"not_picked":["Limit Break","Pummel"],"picked":"Pommel Strike","floor":6},{"not_picked":["Power Through","Reckless Charge"],"picked":"Offering","floor":11},{"not_picked":["True Grit","Clash","Shockwave"],"picked":"SKIP","floor":12},{"not_picked":["Infernal Blade","Thunderclap","Havoc"],"picked":"SKIP","floor":13},{"not_picked":["Iron Wave","Evolve","Havoc"],"picked":"SKIP","floor":18},{"not_picked":["Clothesline+1","Cleave","Twin Strike+1"],"picked":"SKIP","floor":19},{"not_picked":["Wild Strike","Body Slam","Second Wind"],"picked":"SKIP","floor":21},{"not_picked":["Rage+1","Whirlwind+1","Battle Trance+1"],"picked":"SKIP","floor":24},{"not_picked":["Clash","Sever Soul","Twin Strike"],"picked":"SKIP","floor":25},{"not_picked":["Whirlwind+1","Twin Strike+1","Demon Form"],"picked":"SKIP","floor":28},{"not_picked":["Perfected Strike","True Grit"],"picked":"Warcry+1","floor":29},{"not_picked":["Thunderclap","Fire Breathing","Clothesline"],"picked":"SKIP","floor":31},{"not_picked":["Reckless Charge+1","Iron Wave"],"picked":"Seeing Red","floor":32},{"not_picked":["Blood for Blood","Rupture"],"picked":"Dropkick","floor":34},{"not_picked":["Heavy Blade","Cleave","Shrug It Off"],"picked":"SKIP","floor":35},{"not_picked":["Brutality","Entrench+1","Rupture"],"picked":"SKIP","floor":37},{"not_picked":["Body Slam+1","Armaments+1","Spot Weakness"],"picked":"SKIP","floor":39},{"not_picked":["Entrench+1","Cleave","Anger+1"],"picked":"SKIP","floor":40},{"not_picked":["Clothesline+1","Clash","Metallicize+1"],"picked":"SKIP","floor":42},{"not_picked":["Havoc","Anger","Shrug It Off"],"picked":"SKIP","floor":46},{"not_picked":["Clash","Reckless Charge","Juggernaut"],"picked":"SKIP","floor":47}],"player_experience":364952,"relics_obtained":[{"floor":6,"key":"Regal Pillow"},{"floor":9,"key":"Anchor"},{"floor":11,"key":"Centennial Puzzle"},{"floor":25,"key":"Mercury Hourglass"},{"floor":26,"key":"Dream Catcher"},{"floor":27,"key":"Dodecahedron"},{"floor":29,"key":"Vajra"},{"floor":40,"key":"Du-Vu Doll"},{"floor":43,"key":"Happy Flower"},{"floor":44,"key":"Thread and Needle"},{"floor":47,"key":"PreservedInsect"}],"event_choices":[{"damage_healed":0,"gold_gain":75,"player_choice":"Gather Gold","damage_taken":11,"max_hp_gain":0,"max_hp_loss":0,"event_name":"World of Goop","floor":2,"gold_loss":0},{"damage_healed":0,"gold_gain":0,"player_choice":"Bought 2 Potions","damage_taken":0,"max_hp_gain":0,"max_hp_loss":0,"event_name":"The Woman in Blue","floor":14,"gold_loss":0},{"damage_healed":0,"gold_gain":0,"player_choice":"Ignored","damage_taken":0,"max_hp_gain":0,"max_hp_loss":0,"event_name":"Tomb of Lord Red Mask","floor":38,"gold_loss":0},{"damage_healed":0,"gold_gain":0,"player_choice":"Fight","damage_taken":0,"max_hp_gain":0,"max_hp_loss":0,"event_name":"MindBloom","floor":44,"gold_loss":0}],"is_beta":false,"boss_relics":[{"not_picked":["Coffee Dripper","Busted Crown"],"picked":"Astrolabe"},{"not_picked":["Tiny House","Runic Pyramid"],"picked":"Orrery"}],"items_purged_floors":[4,8,36,48],"is_endless":false,"potions_floor_spawned":[3,6,11,13,19,21,25,29,31,42,44,47],"ascension_level":1}