{"gold_per_floor":[117,133,146,146,146,146,169,129,159,6,21,59,72,112,112,232,232,246,246,266,282,282,282,317,317,317,242,260,260,291,309,309,413,413,430,442,459,459],"floor_reached":38,"playtime":3271,"items_purged":["Strike_B"],"score":634,"play_id":"c272cf88-adbe-4f94-87f3-93937ce243f6","local_time":"20191008185201","is_ascension_mode":true,"campfire_choices":[{"data":"Zap","floor":6.0,"key":"SMITH"},{"floor":15.0,"key":"REST"},{"data":"Fission","floor":23.0,"key":"SMITH"},{"floor":25.0,"key":"REST"},{"floor":32.0,"key":"REST"}],"neow_cost":"NONE","seed_source_timestamp":343503053197000,"circlet_count":0,"master_deck":["Strike_B+1","Defend_B","Defend_B+1","Defend_B","Defend_B","Zap+1","Dualcast","Heatsinks","Coolheaded","Doom and Gloom","Coolheaded","Rip and Tear","Loop+1","Sunder","Core Surge","BootSequence","Steam","Fission+1","Leap+1","Darkness","Consume","Gash","Creative AI","Cold Snap+1"],"special_seed":0,"relics":["Cracked Core","Bloody Idol","Tiny Chest","Bottled Flame","Potion Belt","Nuclear Battery","Regal Pillow","Strawberry","Mercury Hourglass","Torii","Empty Cage"],"potions_floor_usage":[38],"damage_taken":[{"damage":0.0,"enemies":"Small Slimes","floor":1.0,"turns":2.0},{"damage":3.0,"enemies":"2 Louse","floor":2.0,"turns":3.0},{"damage":0.0,"enemies":"Jaw Worm","floor":3.0,"turns":4.0},{"damage":0.0,"enemies":"2 Fungi Beasts","floor":7.0,"turns":2.0},{"damage":14.0,"enemies":"Lots of Slimes","floor":11.0,"turns":3.0},{"damage":8.0,"enemies":"3 Sentries","floor":12.0,"turns":6.0},{"damage":0.0,"enemies":"Blue Slaver","floor":13.0,"turns":3.0},{"damage":1.0,"enemies":"Lagavulin","floor":14.0,"turns":7.0},{"damage":34.0,"enemies":"Slime Boss","floor":16.0,"turns":6.0},{"damage":0.0,"enemies":"3 Byrds","floor":18.0,"turns":3.0},{"damage":10.0,"enemies":"Shell Parasite","floor":20.0,"turns":5.0},{"damage":13.0,"enemies":"Centurion and Healer","floor":21.0,"turns":10.0},{"damage":47.0,"enemies":"Gremlin Leader","floor":24.0,"turns":6.0},{"damage":37.0,"enemies":"3 Cultists","floor":28.0,"turns":6.0},{"damage":6.0,"enemies":"Book of Stabbing","floor":30.0,"turns":5.0},{"damage":9.0,"enemies":"Snake Plant","floor":31.0,"turns":4.0},{"damage":54.0,"enemies":"Champ","floor":33.0,"turns":11.0},{"damage":40.0,"enemies":"3 Darklings","floor":35.0,"turns":5.0},{"damage":1,"enemies":"3 Shapes","floor":36,"turns":4},{"damage":31,"enemies":"Sphere and 2 Shapes","floor":37,"turns":8},{"damage":14,"enemies":"Maw","floor":38,"turns":11}],"seed_played":"732036604421173497","potions_obtained":[{"floor":2.0,"key":"GamblersBrew"},{"floor":3.0,"key":"FocusPotion"},{"floor":7.0,"key":"EntropicBrew"},{"floor":13.0,"key":"GamblersBrew"},{"floor":21.0,"key":"Swift Potion"},{"floor":28.0,"key":"Dexterity Potion"},{"floor":30.0,"key":"FocusPotion"},{"floor":36,"key":"Ancient Potion"}],"is_trial":false,"path_per_floor":["M","M","M","?","?","R","M","?","T","$","M","E","M","E","R","B",null,"M","?","M","M","T","R","E","R","T","$","M","?","E","M","R","B",null,"M","M","M","M"],"character_chosen":"DEFECT","items_purchased":["Rip and Tear","Loop"],"campfire_rested":3,"item_purchase_floors":[10,10],"current_hp_per_floor":[75,72,72,52,36,36,36,36,36,36,22,14,14,22,46,12,65,65,65,60,52,52,52,17,58,58,58,26,26,25,21,62,13,70,35,39,13,0],"gold":459,"neow_bonus":"TEN_PERCENT_HP_BONUS","is_prod":false,"is_daily":false,"chose_seed":false,"campfire_upgraded":2,"win_rate":0,"timestamp":1570553521,"path_taken":["M","M","M","?","?","R","M","?","T","$","M","E","M","E","R","BOSS","M","?","M","M","?","R","E","R","T","$","M","?","E","M","R","BOSS","M","M","?","M"],"build_version":"2019-07-17","purchased_purges":1,"victory":false,"max_hp_per_floor":[82,82,82,82,82,82,82,82,82,82,82,82,82,82,82,82,82,82,82,82,82,82,82,89,89,89,89,89,89,89,89,89,89,89,89,89,89,89],"card_choices":[{"not_picked":["Gash","Redo"],"picked":"Heatsinks","floor":1.0},{"not_picked":["Rebound","Undo"],"picked":"Coolheaded","floor":2.0},{"not_picked":["Consume","Steam"],"picked":"Doom and Gloom","floor":3.0},{"not_picked":["Beam Cell","Barrage"],"picked":"Coolheaded","floor":7.0},{"not_picked":["Compile Driver","Redo"],"picked":"Sunder","floor":11.0},{"not_picked":["Coolheaded","Beam Cell"],"picked":"Core Surge","floor":12.0},{"not_picked":["Fusion","Melter"],"picked":"BootSequence","floor":13.0},{"not_picked":["Leap","Sweeping Beam"],"picked":"Steam","floor":14.0},{"not_picked":["All For One","Hyperbeam"],"picked":"Fission","floor":16.0},{"not_picked":["Steam","Barrage","Turbo"],"picked":"SKIP","floor":18.0},{"not_picked":["Leap","Streamline","Beam Cell"],"picked":"SKIP","floor":20.0},{"not_picked":["Coolheaded","Ball Lightning"],"picked":"Leap+1","floor":21.0},{"not_picked":["Streamline","Consume"],"picked":"Darkness","floor":24.0},{"not_picked":["Doom and Gloom","Reprogram","Steam"],"picked":"SKIP","floor":28.0},{"not_picked":["Redo","Sunder"],"picked":"Consume","floor":30.0},{"not_picked":["Conserve Battery","Turbo"],"picked":"Gash","floor":31.0},{"not_picked":["Meteor Strike","Multi-Cast"],"picked":"Creative AI","floor":33.0},{"not_picked":["Stack","Tempest","Hologram"],"picked":"SKIP","floor":35.0},{"not_picked":["Heatsinks","Doom and Gloom","Leap"],"picked":"SKIP","floor":36},{"not_picked":["Aggregate","Ball Lightning"],"picked":"Cold Snap+1","floor":37}],"player_experience":208493,"relics_obtained":[{"floor":9.0,"key":"Tiny Chest"},{"floor":12.0,"key":"Bottled Flame"},{"floor":14.0,"key":"Potion Belt"},{"floor":22.0,"key":"Regal Pillow"},{"floor":24.0,"key":"Strawberry"},{"floor":26.0,"key":"Mercury Hourglass"},{"floor":30.0,"key":"Torii"}],"event_choices":[{"damage_healed":0.0,"max_hp_gain":0.0,"max_hp_loss":0.0,"gold_gain":0.0,"event_name":"Golden Idol","player_choice":"Take Damage","floor":4.0,"gold_loss":0.0,"damage_taken":20.0,"relics_obtained":["Golden Idol"]},{"damage_healed":0.0,"max_hp_gain":0.0,"max_hp_loss":0.0,"gold_gain":0.0,"event_name":"Shining Light","player_choice":"Entered Light","floor":5.0,"gold_loss":0.0,"damage_taken":16.0,"cards_upgraded":["Strike_B","Defend_B"]},{"damage_healed":0.0,"max_hp_gain":0.0,"max_hp_loss":0.0,"gold_gain":0.0,"event_name":"World of Goop","player_choice":"Left Gold","floor":8.0,"gold_loss":40.0,"damage_taken":0.0},{"damage_healed":0.0,"max_hp_gain":0.0,"max_hp_loss":0.0,"gold_gain":0.0,"event_name":"Forgotten Altar","player_choice":"Gave Idol","floor":19.0,"relics_lost":["Golden Idol"],"gold_loss":0.0,"damage_taken":0.0,"relics_obtained":["Bloody Idol"]},{"damage_healed":0.0,"max_hp_gain":0.0,"max_hp_loss":0.0,"gold_gain":0.0,"event_name":"Upgrade Shrine","player_choice":"Upgraded","floor":29.0,"gold_loss":0.0,"damage_taken":0.0,"cards_upgraded":["Loop"]}],"is_beta":false,"boss_relics":[{"not_picked":["Runic Dome","Coffee Dripper"],"picked":"Nuclear Battery"},{"not_picked":["Black Star","Runic Pyramid"],"picked":"Empty Cage"}],"items_purged_floors":[27],"is_endless":false,"potions_floor_spawned":[2,3,7,13,21,28,30,36],"killed_by":"Maw","ascension_level":8}