{"gold_per_floor":[111,111,31,45,20,47,47,80,152,25,25,25,37,37,37,139,139,155,0,16,16,16,50,50,66,89,109,109,137,3,17,17,117,117,137,0,0,52,52,52,87,87,87,20,34,359,4,19,19,19],"floor_reached":51,"playtime":2225,"items_purged":["Strike_R","Strike_R"],"score":897,"play_id":"9393506a-a4a5-4ea6-a185-303ce2057e32","local_time":"20190724225518","is_ascension_mode":false,"campfire_choices":[{"data":"True Grit","floor":7,"key":"SMITH"},{"data":"Feel No Pain","floor":15,"key":"SMITH"},{"data":"Feed","floor":24,"key":"SMITH"},{"floor":28,"key":"REST"},{"data":"Offering","floor":32,"key":"SMITH"},{"floor":40,"key":"REST"},{"floor":42,"key":"REST"},{"floor":49,"key":"REST"}],"neow_cost":"NONE","seed_source_timestamp":522783791606831,"circlet_count":0,"master_deck":["Defend_R","Defend_R","Defend_R","Defend_R","Bash+1","Feel No Pain+1","Uppercut+1","Flame Barrier","True Grit+1","Twin Strike+1","Fiend Fire+1","Offering+1","Armaments+1","Feed+1","Reckless Charge+1","Dual Wield","Rage","Metallicize","Berserk","Limit Break","Inflame","Pommel Strike+1"],"relics":["Burning Blood","Boot","Red Skull","Letter Opener","Strawberry","Black Star","Blood Vial","Art of War","Orichalcum","Vajra","Regal Pillow","Empty Cage","Red Mask","Champion Belt","Potion Belt","Smiling Mask","Bottled Lightning","Old Coin","Membership Card","Bottled Tornado"],"potions_floor_usage":[8,8,16,29,33,38,41,41,50,50],"damage_taken":[{"damage":5,"enemies":"Small Slimes","floor":1,"turns":3},{"damage":2,"enemies":"Cultist","floor":4,"turns":4},{"damage":25,"enemies":"Gremlin Nob","floor":6,"turns":5},{"damage":16,"enemies":"3 Sentries","floor":8,"turns":11},{"damage":0,"enemies":"2 Louse","floor":13,"turns":3},{"damage":27,"enemies":"Hexaghost","floor":16,"turns":6},{"damage":6,"enemies":"3 Byrds","floor":18,"turns":5},{"damage":8,"enemies":"Shell Parasite","floor":20,"turns":2},{"damage":45,"enemies":"Slavers","floor":23,"turns":8},{"damage":14,"enemies":"3 Cultists","floor":25,"turns":4},{"damage":17,"enemies":"Snake Plant","floor":27,"turns":3},{"damage":24,"enemies":"Book of Stabbing","floor":29,"turns":5},{"damage":6,"enemies":"Cultist and Chosen","floor":31,"turns":5},{"damage":46,"enemies":"Champ","floor":33,"turns":11},{"damage":20,"enemies":"3 Shapes","floor":35,"turns":3},{"damage":41,"enemies":"2 Orb Walkers","floor":38,"turns":8},{"damage":55,"enemies":"Reptomancer","floor":41,"turns":13},{"damage":30,"enemies":"3 Darklings","floor":45,"turns":5},{"damage":26,"enemies":"Giant Head","floor":46,"turns":11},{"damage":27,"enemies":"Spire Growth","floor":48,"turns":6},{"damage":66,"enemies":"Time Eater","floor":50,"turns":14}],"seed_played":"6942112098591365842","potions_obtained":[{"floor":1,"key":"Regen Potion"},{"floor":4,"key":"Block Potion"},{"floor":23,"key":"Strength Potion"},{"floor":25,"key":"Swift Potion"},{"floor":29,"key":"Explosive Potion"},{"floor":33,"key":"Poison Potion"},{"floor":35,"key":"Weak Potion"},{"floor":38,"key":"SteroidPotion"}],"is_trial":false,"path_per_floor":["M","?","$","M","$","E","R","E","T","$","?","?","M","?","R","B",null,"M","$","M","?","?","E","R","M","T","M","R","E","$","M","R","B",null,"M","?","?","?","$","R","E","R","T","$","M","E","$","M","R","B",null],"character_chosen":"IRONCLAD","items_purchased":["Uppercut","True Grit","Strength Potion","Feed","Metallicize","Inflame","Membership Card","Bottled Tornado","FearPotion"],"campfire_rested":4,"item_purchase_floors":[3,5,10,19,30,44,47,47,47],"current_hp_per_floor":[80,80,80,80,80,61,61,66,66,66,66,50,56,51,51,30,87,87,87,85,85,85,49,49,47,47,38,66,50,50,52,52,14,94,84,84,84,51,51,95,48,92,92,92,74,56,56,41,87,29],"gold":19,"neow_bonus":"UPGRADE_CARD","is_prod":false,"is_daily":false,"chose_seed":false,"campfire_upgraded":4,"win_rate":0,"timestamp":1564005318,"path_taken":["M","?","?","M","$","E","R","E","T","$","?","?","M","?","R","BOSS","M","$","M","?","?","E","R","M","T","M","R","E","$","M","R","BOSS","M","?","?","?","$","R","E","R","T","$","M","E","$","M","R","BOSS"],"build_version":"2019-07-17","purchased_purges":2,"victory":true,"max_hp_per_floor":[80,80,80,80,80,80,80,80,80,80,80,80,80,87,87,87,87,87,87,87,87,87,90,90,94,94,94,94,94,94,94,94,94,94,98,98,98,98,98,98,98,98,98,98,102,102,102,106,106,106],"card_choices":[{"not_picked":["Power Through","Flex"],"picked":"Feel No Pain","floor":1},{"not_picked":["Warcry","Intimidate"],"picked":"Flame Barrier","floor":4},{"not_picked":["Cleave","Shrug It Off"],"picked":"Twin Strike","floor":6},{"not_picked":["Fire Breathing","Seeing Red"],"picked":"Fiend Fire","floor":8},{"not_picked":["True Grit","Havoc"],"picked":"Reckless Charge","floor":13},{"not_picked":["Reaper","Feed"],"picked":"Offering","floor":16},{"not_picked":["Burning Pact","Ghostly Armor"],"picked":"Armaments+1","floor":18},{"not_picked":["Inflame","Wild Strike"],"picked":"Reckless Charge+1","floor":20},{"not_picked":["Second Wind+1","Twin Strike+1"],"picked":"Dual Wield","floor":23},{"not_picked":["Dropkick","Thunderclap"],"picked":"Rage","floor":25},{"not_picked":["Power Through+1","Headbutt","Intimidate"],"picked":"SKIP","floor":27},{"not_picked":["Flex","Flame Barrier","Combust"],"picked":"SKIP","floor":29},{"not_picked":["Twin Strike+1","Sword Boomerang","True Grit"],"picked":"SKIP","floor":31},{"not_picked":["Fiend Fire","Bludgeon"],"picked":"Berserk","floor":33},{"not_picked":["Cleave+1","Headbutt","Clothesline+1"],"picked":"SKIP","floor":35},{"not_picked":["Reckless Charge","Bloodletting+1"],"picked":"Limit Break","floor":41},{"not_picked":["Iron Wave","Blood for Blood","Wild Strike+1"],"picked":"SKIP","floor":45},{"not_picked":["Havoc+1","Clothesline"],"picked":"Pommel Strike+1","floor":46},{"not_picked":["Sever Soul","Armaments+1","Havoc"],"picked":"SKIP","floor":48}],"player_experience":1734197,"relics_obtained":[{"floor":6,"key":"Boot"},{"floor":8,"key":"Red Skull"},{"floor":9,"key":"Letter Opener"},{"floor":23,"key":"Blood Vial"},{"floor":23,"key":"Art of War"},{"floor":26,"key":"Orichalcum"},{"floor":29,"key":"Vajra"},{"floor":29,"key":"Regal Pillow"},{"floor":38,"key":"Champion Belt"},{"floor":41,"key":"Potion Belt"},{"floor":41,"key":"Smiling Mask"},{"floor":46,"key":"Bottled Lightning"},{"floor":46,"key":"Old Coin"}],"event_choices":[{"cards_removed":["Strike_R"],"damage_healed":0,"gold_gain":0,"player_choice":"Purged","damage_taken":0,"max_hp_gain":0,"max_hp_loss":0,"event_name":"Purifier","floor":2,"gold_loss":0},{"damage_healed":0,"gold_gain":0,"player_choice":"Grow","damage_taken":0,"max_hp_gain":0,"max_hp_loss":0,"event_name":"Living Wall","floor":11,"gold_loss":0,"cards_upgraded":["Uppercut"]},{"damage_healed":0,"gold_gain":0,"player_choice":"Entered Light","damage_taken":16,"max_hp_gain":0,"max_hp_loss":0,"event_name":"Shining Light","floor":12,"gold_loss":0,"cards_upgraded":["Fiend Fire","Twin Strike"]},{"damage_healed":0,"gold_gain":0,"player_choice":"Success","damage_taken":12,"relics_obtained":["Strawberry"],"max_hp_gain":0,"max_hp_loss":0,"event_name":"Scrap Ooze","floor":14,"gold_loss":0},{"damage_healed":0,"gold_gain":0,"player_choice":"Ignored","damage_taken":0,"max_hp_gain":0,"max_hp_loss":0,"event_name":"Cursed Tome","floor":21,"gold_loss":0},{"damage_healed":0,"gold_gain":0,"player_choice":"Ignored","damage_taken":0,"max_hp_gain":0,"max_hp_loss":0,"event_name":"Ghosts","floor":22,"gold_loss":0},{"damage_healed":0,"gold_gain":0,"player_choice":"Paid","damage_taken":0,"relics_obtained":["Red Mask"],"max_hp_gain":0,"max_hp_loss":0,"event_name":"Tomb of Lord Red Mask","floor":36,"gold_loss":137},{"cards_removed":["Reckless Charge"],"damage_healed":0,"gold_gain":0,"player_choice":"Removed Attack","damage_taken":0,"max_hp_gain":0,"max_hp_loss":0,"event_name":"Falling","floor":37,"gold_loss":0},{"damage_healed":0,"gold_gain":0,"player_choice":"Fight","damage_taken":0,"max_hp_gain":0,"max_hp_loss":0,"event_name":"Mysterious Sphere","floor":38,"gold_loss":0}],"is_beta":false,"boss_relics":[{"not_picked":["Sozu","Lizard Tail"],"picked":"Black Star"},{"not_picked":["Eternal Feather","Busted Crown"],"picked":"Empty Cage"}],"items_purged_floors":[10,30],"is_endless":false,"potions_floor_spawned":[1,4,23,25,29,33,35,38],"ascension_level":0}