{"gold_per_floor":[110,128,140,140,155,155,186,186,263,292,12,12,46,61,61,165,165,181,200,200,213,224,239,239,273,273,273,306,326,361,378,378,473,473,484,498,517,617,636,636,662,32,32,32,45,76,126,126,126,126],"floor_reached":51,"playtime":5434,"items_purged":["Defend_B"],"score":1018,"play_id":"98924014-cafd-4582-8b50-41a529c8000c","local_time":"20190925220231","is_ascension_mode":true,"campfire_choices":[{"data":"Zap","floor":6.0,"key":"SMITH"},{"data":"Genetic Algorithm","floor":8.0,"key":"SMITH"},{"data":"Defragment","floor":15,"key":"SMITH"},{"data":"Biased Cognition","floor":24,"key":"SMITH"},{"data":"BootSequence","floor":27,"key":"SMITH"},{"floor":32,"key":"REST"},{"data":"Fission","floor":40,"key":"SMITH"},{"data":"Secret Technique","floor":44,"key":"SMITH"},{"floor":49,"key":"REST"}],"neow_cost":"NONE","seed_source_timestamp":7252130009300,"circlet_count":0,"master_deck":["Defend_B","Defend_B","Defend_B+1","Zap+1","Dualcast+1","Genetic Algorithm+1","Ball Lightning","BootSequence+1","Rebound","Static Discharge","Rip and Tear","Capacitor","Defragment+1","Storm","Biased Cognition+1","Barrage","Capacitor","Conserve Battery","Creative AI","Storm+1","Cold Snap+1","Hologram","Undo+1","Double Energy","Force Field","Fission+1","Echo Form+1","Sweeping Beam+1","Machine Learning+1","Hologram+1","Turbo+1","Capacitor","BootSequence","Self Repair","Secret Technique+1","Glacier","Compile Driver","Heatsinks","Go for the Eyes","Madness","Madness"],"special_seed":0,"relics":["FrozenCore","Torii","Oddly Smooth Stone","Mummified Hand","Girya","ClockworkSouvenir","War Paint","Boot","Letter Opener","Blue Candle","Red Mask","Astrolabe","FossilizedHelix","DataDisk","Bottled Tornado","Ornamental Fan","Meat on the Bone","Emotion Chip"],"potions_floor_usage":[10,13,25,30,37,46,50],"damage_taken":[{"damage":4.0,"enemies":"Small Slimes","floor":1.0,"turns":4.0},{"damage":2.0,"enemies":"Jaw Worm","floor":2.0,"turns":3.0},{"damage":0.0,"enemies":"2 Louse","floor":3.0,"turns":2.0},{"damage":1.0,"enemies":"Large Slime","floor":5.0,"turns":5.0},{"damage":33.0,"enemies":"Gremlin Nob","floor":7.0,"turns":4.0},{"damage":6,"enemies":"Lagavulin","floor":10,"turns":6},{"damage":0,"enemies":"Gremlin Nob","floor":13,"turns":3},{"damage":1,"enemies":"Looter","floor":14,"turns":3},{"damage":8,"enemies":"Hexaghost","floor":16,"turns":8},{"damage":15,"enemies":"3 Byrds","floor":18,"turns":3},{"damage":0,"enemies":"Chosen","floor":19,"turns":4},{"damage":1,"enemies":"Centurion and Healer","floor":21,"turns":5},{"damage":6,"enemies":"Snake Plant","floor":22,"turns":4},{"damage":0,"enemies":"Snecko","floor":23,"turns":4},{"damage":12,"enemies":"Slavers","floor":25,"turns":4},{"damage":19,"enemies":"Book of Stabbing","floor":28,"turns":5},{"damage":0,"enemies":"Sentry and Sphere","floor":29,"turns":3},{"damage":6,"enemies":"Masked Bandits","floor":30,"turns":4},{"damage":0,"enemies":"Snake Plant","floor":31,"turns":3},{"damage":1,"enemies":"Automaton","floor":33,"turns":9},{"damage":1,"enemies":"Orb Walker","floor":35,"turns":4},{"damage":1,"enemies":"3 Darklings","floor":36,"turns":5},{"damage":19,"enemies":"Writhing Mass","floor":37,"turns":4},{"damage":0,"enemies":"Mind Bloom Boss Battle","floor":38,"turns":5},{"damage":0,"enemies":"Jaw Worm Horde","floor":39,"turns":4},{"damage":0,"enemies":"Giant Head","floor":41,"turns":5},{"damage":0,"enemies":"Transient","floor":45,"turns":5},{"damage":0,"enemies":"Nemesis","floor":46,"turns":4},{"damage":0,"enemies":"2 Orb Walkers","floor":47,"turns":2},{"damage":31,"enemies":"Awakened One","floor":50,"turns":20}],"seed_played":"-915148457444122161","potions_obtained":[{"floor":0.0,"key":"FocusPotion"},{"floor":0.0,"key":"SkillPotion"},{"floor":0.0,"key":"EssenceOfSteel"},{"floor":7.0,"key":"Energy Potion"},{"floor":13,"key":"Weak Potion"},{"floor":16,"key":"Swift Potion"},{"floor":18,"key":"Fire Potion"},{"floor":19,"key":"GamblersBrew"},{"floor":30,"key":"SteroidPotion"},{"floor":31,"key":"Weak Potion"},{"floor":33,"key":"Fire Potion"},{"floor":39,"key":"Regen Potion"},{"floor":46,"key":"SkillPotion"}],"is_trial":false,"path_per_floor":["M","M","M","?","M","R","E","R","T","E","$","?","E","M","R","B",null,"M","M","?","M","M","M","R","E","T","R","E","M","?","M","R","B",null,"M","M","M","?","M","R","E","$","T","R","M","E","?","?","R","B",null],"character_chosen":"DEFECT","items_purchased":["ClockworkSouvenir","Capacitor","Bottled Tornado","Secret Technique","Glacier","Compile Driver"],"campfire_rested":2,"item_purchase_floors":[11,11,42,42,42,42],"current_hp_per_floor":[71,69,69,66,65,65,32,32,32,26,26,26,26,25,25,17,61,46,46,46,45,39,39,39,27,27,27,8,8,2,2,24,23,62,61,60,41,41,41,41,41,41,41,41,48,55,55,46,68,51],"gold":126,"neow_bonus":"THREE_SMALL_POTIONS","is_prod":false,"is_daily":false,"chose_seed":false,"campfire_upgraded":7,"win_rate":0,"timestamp":1569441751,"path_taken":["M","M","M","?","M","R","E","R","T","E","$","?","E","M","R","BOSS","M","M","?","M","M","M","R","E","T","R","E","M","?","M","R","BOSS","M","M","M","?","M","R","E","$","T","R","M","E","?","?","R","BOSS"],"build_version":"2019-07-17","purchased_purges":1,"victory":true,"max_hp_per_floor":[75,75,75,75,75,75,75,75,75,75,75,75,75,75,75,75,75,75,75,75,75,75,75,75,75,75,75,75,75,75,75,75,75,75,75,75,75,75,75,75,75,75,75,75,75,75,75,75,75,75],"card_choices":[{"not_picked":["Doom and Gloom","Glacier"],"picked":"Genetic Algorithm","floor":1.0},{"not_picked":["Compile Driver","Steam"],"picked":"Ball Lightning","floor":2.0},{"not_picked":["Barrage","Steam Power"],"picked":"BootSequence","floor":3.0},{"not_picked":["Recycle","Tempest"],"picked":"Rebound","floor":5.0},{"not_picked":["Leap","Sweeping Beam"],"picked":"Static Discharge","floor":7.0},{"not_picked":["Stack","Recycle"],"picked":"Rip and Tear","floor":10},{"not_picked":["Streamline","Beam Cell"],"picked":"Defragment","floor":13},{"not_picked":["Compile Driver","Beam Cell"],"picked":"Storm","floor":14},{"not_picked":["Rainbow","Amplify"],"picked":"Biased Cognition","floor":16},{"not_picked":["Steam+1","Leap"],"picked":"Barrage","floor":18},{"not_picked":["Chill","Ball Lightning"],"picked":"Capacitor","floor":19},{"not_picked":["Sweeping Beam","Go for the Eyes+1"],"picked":"Creative AI","floor":21},{"not_picked":["Compile Driver","Force Field","Coolheaded"],"picked":"SKIP","floor":22},{"not_picked":["Stack","Compile Driver"],"picked":"Storm+1","floor":23},{"not_picked":["Stack","Go for the Eyes"],"picked":"Cold Snap+1","floor":25},{"not_picked":["Redo","Rebound"],"picked":"Hologram","floor":28},{"not_picked":["Hyperbeam","Melter"],"picked":"Undo+1","floor":29},{"not_picked":["Streamline","Beam Cell"],"picked":"Double Energy","floor":30},{"not_picked":["Rebound","Genetic Algorithm+1"],"picked":"Force Field","floor":31},{"not_picked":["Multi-Cast","Machine Learning"],"picked":"Fission","floor":33},{"not_picked":["Rebound+1","Doom and Gloom+1"],"picked":"Hologram+1","floor":35},{"not_picked":["Rip and Tear","Beam Cell"],"picked":"Turbo+1","floor":36},{"not_picked":["Genetic Algorithm","Ball Lightning+1"],"picked":"Capacitor","floor":37},{"not_picked":["Sunder","Streamline+1"],"picked":"BootSequence","floor":38},{"not_picked":["Double Energy","Rebound","Ball Lightning"],"picked":"SKIP","floor":39},{"not_picked":["Beam Cell","Leap+1"],"picked":"Self Repair","floor":41},{"not_picked":["Rebound+1","Aggregate","Redo+1"],"picked":"SKIP","floor":45},{"not_picked":["Auto Shields","Turbo+1"],"picked":"Heatsinks","floor":46},{"not_picked":["Steam","Rebound+1"],"picked":"Go for the Eyes","floor":47}],"player_experience":172553,"relics_obtained":[{"floor":7.0,"key":"Oddly Smooth Stone"},{"floor":9.0,"key":"Mummified Hand"},{"floor":10,"key":"Girya"},{"floor":13,"key":"War Paint"},{"floor":25,"key":"Boot"},{"floor":26,"key":"Letter Opener"},{"floor":28,"key":"Blue Candle"},{"floor":30,"key":"Red Mask"},{"floor":38,"key":"FossilizedHelix"},{"floor":41,"key":"DataDisk"},{"floor":43,"key":"Ornamental Fan"},{"floor":46,"key":"Meat on the Bone"},{"floor":47,"key":"Emotion Chip"}],"event_choices":[{"damage_healed":0.0,"max_hp_gain":0.0,"max_hp_loss":0.0,"gold_gain":0.0,"event_name":"Scrap Ooze","player_choice":"Success","floor":4.0,"gold_loss":0.0,"damage_taken":3.0,"relics_obtained":["Torii"]},{"cards_removed":["Strike_B"],"damage_healed":0,"gold_gain":0,"player_choice":"Forget","damage_taken":0,"max_hp_gain":0,"max_hp_loss":0,"event_name":"Living Wall","floor":12,"gold_loss":0},{"damage_healed":0,"gold_gain":0,"player_choice":"Read","damage_taken":0,"max_hp_gain":0,"max_hp_loss":0,"event_name":"The Library","floor":20,"gold_loss":0,"cards_obtained":["Conserve Battery"]},{"damage_healed":0,"gold_gain":0,"player_choice":"Fought Bandits","damage_taken":0,"max_hp_gain":0,"max_hp_loss":0,"event_name":"Masked Bandits","floor":30,"gold_loss":0},{"damage_healed":0,"gold_gain":0,"player_choice":"Fight","damage_taken":0,"max_hp_gain":0,"max_hp_loss":0,"event_name":"MindBloom","floor":38,"gold_loss":0},{"damage_healed":0,"gold_gain":0,"player_choice":"Fight","damage_taken":0,"max_hp_gain":0,"max_hp_loss":0,"event_name":"Mysterious Sphere","floor":47,"gold_loss":0},{"damage_healed":0,"gold_gain":0,"player_choice":"Embrace Madness","damage_taken":9,"max_hp_gain":0,"max_hp_loss":0,"event_name":"Winding Halls","floor":48,"gold_loss":0,"cards_obtained":["Madness","Madness"]}],"is_beta":false,"boss_relics":[{"not_picked":["Black Star","Ectoplasm"],"picked":"FrozenCore"},{"not_picked":["Pandora\u0027s Box","Nuclear Battery"],"picked":"Astrolabe"}],"items_purged_floors":[42],"is_endless":false,"potions_floor_spawned":[5,7,13,16,18,19,30,31,33,36,39,46],"ascension_level":5}