{"gold_per_floor":[20,40,58,233,233,233,249,249,249,280,290,2,15,33,33,131,131,141,157,30,44,294,294,294,327,381,393,419,449,476,133,133,237,237,248,0,0,16,27,27,39,39,63,63,81,112,123,73,73,73],"floor_reached":51,"playtime":1982,"items_purged":["Strike_R","Strike_R"],"score":853,"play_id":"d9673280-a055-4fb0-af5c-46964abac43a","local_time":"20180721122214","is_ascension_mode":false,"campfire_choices":[{"data":"Limit Break","floor":6,"key":"SMITH"},{"data":"Inflame","floor":8,"key":"SMITH"},{"floor":15,"key":"REST"},{"data":"Rage","floor":23,"key":"SMITH"},{"floor":27,"key":"REST"},{"data":"True Grit","floor":32,"key":"SMITH"},{"floor":40,"key":"REST"},{"data":"Whirlwind","floor":42,"key":"SMITH"},{"data":"Shrug It Off","floor":44,"key":"SMITH"},{"floor":49,"key":"REST"}],"neow_cost":"NO_GOLD","seed_source_timestamp":595008780633088,"circlet_count":0,"master_deck":["Strike_R","Strike_R","Defend_R","Defend_R","Defend_R","Bash","Sentinel","Limit Break+1","Thunderclap","Flex","Inflame+1","Heavy Blade","Rage+1","Spot Weakness","Double Tap","Writhe","Parasite","Parasite","Shrug It Off+1","Cleave","Heavy Blade","Regret","Decay","Double Tap","Whirlwind+1","Power Through","True Grit+1","Offering","Shrug It Off+1","Battle Trance+1","Headbutt+1"],"relics":["Burning Blood","Paper Frog","Blue Candle","Du-Vu Doll","Calling Bell","Red Skull","Mercury Hourglass","Incense Burner","Pantograph","MawBank","Lee\u0027s Waffle","Velvet Choker","Red Mask","Strawberry","Charon\u0027s Ashes"],"potions_floor_usage":[10,13,16,16,25,28,33,33,41,50,50,50],"damage_taken":[{"damage":22,"enemies":"Small Slimes","floor":1,"turns":4},{"damage":2,"enemies":"2 Louse","floor":2,"turns":2},{"damage":6,"enemies":"Jaw Worm","floor":3,"turns":5},{"damage":18,"enemies":"Exordium Wildlife","floor":7,"turns":5},{"damage":13,"enemies":"Gremlin Nob","floor":10,"turns":3},{"damage":7,"enemies":"Blue Slaver","floor":11,"turns":3},{"damage":13,"enemies":"Exordium Thugs","floor":13,"turns":7},{"damage":11,"enemies":"Lots of Slimes","floor":14,"turns":5},{"damage":39,"enemies":"Hexaghost","floor":16,"turns":7},{"damage":28,"enemies":"Shell Parasite","floor":18,"turns":7},{"damage":7,"enemies":"Spheric Guardian","floor":19,"turns":4},{"damage":34,"enemies":"Snake Plant","floor":21,"turns":3},{"damage":14,"enemies":"Slavers","floor":25,"turns":5},{"damage":10,"enemies":"Cultist and Chosen","floor":28,"turns":4},{"damage":17,"enemies":"Snecko","floor":29,"turns":4},{"damage":8,"enemies":"Centurion and Healer","floor":30,"turns":2},{"damage":65,"enemies":"Collector","floor":33,"turns":7},{"damage":21,"enemies":"3 Shapes","floor":35,"turns":4},{"damage":34,"enemies":"3 Darklings","floor":38,"turns":3},{"damage":46,"enemies":"Spire Growth","floor":39,"turns":5},{"damage":5,"enemies":"4 Shapes","floor":41,"turns":1},{"damage":10,"enemies":"Transient","floor":45,"turns":5},{"damage":18,"enemies":"Giant Head","floor":46,"turns":6},{"damage":6,"enemies":"3 Darklings","floor":47,"turns":1},{"damage":48,"enemies":"Awakened One","floor":50,"turns":7}],"seed_played":"-7558219062385919519","potions_obtained":[{"floor":7,"key":"Poison Potion"},{"floor":11,"key":"EssenceOfSteel"},{"floor":13,"key":"Strength Potion"},{"floor":14,"key":"FearPotion"},{"floor":19,"key":"FearPotion"},{"floor":21,"key":"Block Potion"},{"floor":25,"key":"LiquidBronze"},{"floor":28,"key":"SteroidPotion"},{"floor":33,"key":"SpeedPotion"},{"floor":39,"key":"GamblersBrew"},{"floor":41,"key":"Swift Potion"},{"floor":46,"key":"SkillPotion"}],"is_trial":false,"path_per_floor":["M","M","M","?","?","R","M","R","T","E","M","$","M","M","R","B",null,"M","M","$","M","?","R","?","E","T","R","M","M","M","$","R","B",null,"M","?","?","M","M","R","M","R","T","R","M","E","M","$","R","B"],"character_chosen":"IRONCLAD","items_purchased":["Du-Vu Doll","Cleave","Lee\u0027s Waffle","True Grit","Strength Potion"],"campfire_rested":4,"item_purchase_floors":[12,20,31,31,48],"current_hp_per_floor":[64,68,68,68,61,61,49,49,49,42,41,41,34,29,53,20,80,58,57,57,29,29,29,29,21,21,45,41,30,28,87,87,28,87,72,72,87,59,19,45,46,46,53,53,49,37,37,37,65,48],"gold":73,"neow_bonus":"TRANSFORM_TWO_CARDS","is_prod":false,"is_daily":false,"chose_seed":false,"campfire_upgraded":6,"win_rate":0.0,"timestamp":1532164934,"path_taken":["M","M","M","?","?","R","M","R","T","E","M","?","M","M","R","BOSS","M","M","$","M","?","R","?","E","T","R","M","M","M","$","R","BOSS","M","?","?","M","M","R","M","R","T","R","M","E","M","?","R","BOSS"],"build_version":"2018-07-19v2","purchased_purges":2,"victory":true,"max_hp_per_floor":[80,80,80,80,80,80,80,80,80,80,80,80,80,80,80,80,80,80,80,80,80,80,80,80,80,80,80,80,80,80,87,87,87,87,87,87,87,87,87,87,87,87,94,94,94,94,94,94,94,94],"card_choices":[{"not_picked":["Perfected Strike","Sever Soul"],"picked":"Thunderclap","floor":1},{"not_picked":["Uppercut","Twin Strike","Pommel Strike"],"picked":"SKIP","floor":2},{"not_picked":["Havoc","Bloodletting"],"picked":"Flex","floor":3},{"not_picked":["Disarm","Clash"],"picked":"Inflame","floor":7},{"not_picked":["Intimidate","Burning Pact"],"picked":"Heavy Blade","floor":10},{"not_picked":["Corruption","Wild Strike"],"picked":"Rage","floor":11},{"not_picked":["Warcry","Reckless Charge"],"picked":"Searing Blow","floor":13},{"not_picked":["Shrug It Off","Clash"],"picked":"Spot Weakness","floor":14},{"not_picked":["Feed","Demon Form"],"picked":"Double Tap","floor":16},{"not_picked":["Sword Boomerang+1","Evolve","Wild Strike"],"picked":"SKIP","floor":18},{"not_picked":["Flex","Thunderclap"],"picked":"Shrug It Off","floor":19},{"not_picked":["Thunderclap","Infernal Blade"],"picked":"Heavy Blade","floor":21},{"not_picked":["Demon Form","Fiend Fire"],"picked":"Double Tap","floor":25},{"not_picked":["Disarm+1","Evolve"],"picked":"Whirlwind","floor":28},{"not_picked":["Cleave","Heavy Blade","Body Slam"],"picked":"SKIP","floor":29},{"not_picked":["Thunderclap","Havoc"],"picked":"Power Through","floor":30},{"not_picked":["Feed","Impervious"],"picked":"Offering","floor":33},{"not_picked":["Sword Boomerang+1","Clash+1","Fire Breathing"],"picked":"SKIP","floor":35},{"not_picked":["Havoc+1","Spot Weakness+1","Cleave+1"],"picked":"SKIP","floor":38},{"not_picked":["Power Through+1","Inflame+1"],"picked":"Shrug It Off+1","floor":39},{"not_picked":["Entrench","Hemokinesis+1"],"picked":"Battle Trance+1","floor":41},{"not_picked":["Corruption+1","Pommel Strike","Twin Strike"],"picked":"SKIP","floor":45},{"not_picked":["Warcry+1","Feel No Pain+1"],"picked":"Headbutt+1","floor":46},{"not_picked":["Warcry","Second Wind","Thunderclap"],"picked":"SKIP","floor":47}],"player_experience":130390,"relics_obtained":[{"floor":9,"key":"Paper Frog"},{"floor":10,"key":"Blue Candle"},{"floor":17,"key":"Red Skull"},{"floor":17,"key":"Mercury Hourglass"},{"floor":17,"key":"Incense Burner"},{"floor":25,"key":"Pantograph"},{"floor":26,"key":"MawBank"},{"floor":43,"key":"Strawberry"},{"floor":46,"key":"Charon\u0027s Ashes"}],"event_choices":[{"event_name":"Liars Game","player_choice":"agreed","floor":4,"damage_taken":0},{"event_name":"Golden Wing","player_choice":"Card Removal","floor":5,"damage_taken":0},{"event_name":"Golden Shrine","player_choice":"Desecrate","floor":22,"damage_taken":0},{"event_name":"Forgotten Altar","player_choice":"Smashed Altar","floor":24,"damage_taken":0},{"event_name":"Tomb of Lord Red Mask","player_choice":"Paid","floor":36,"damage_taken":0},{"event_name":"Bonfire Elementals","player_choice":"UNCOMMON","floor":37,"damage_taken":0}],"is_beta":false,"boss_relics":[{"not_picked":["Runic Cube","Runic Pyramid"],"picked":"Calling Bell"},{"not_picked":["White Beast Statue","Orrery"],"picked":"Velvet Choker"}],"items_purged_floors":[20,31],"is_endless":false,"potions_floor_spawned":[7,11,13,14,19,21,25,28,33,39,41,46],"ascension_level":0}