{"gold_per_floor":[113,113,113,132,142,142,31,64,64,84,103,130,145,45,45,45],"floor_reached":16,"playtime":510,"items_purged":["Pain","Strike_R"],"score":148,"play_id":"a0cc4b80-fc95-4c87-84fb-bfc49d2d394d","local_time":"20190413221748","is_ascension_mode":true,"campfire_choices":[{"data":"Flex","floor":6,"key":"SMITH"},{"floor":15,"key":"REST"}],"neow_cost":"CURSE","seed_source_timestamp":1829019967172800,"circlet_count":0,"master_deck":["Strike_R","Strike_R","Strike_R","Defend_R","Defend_R","Defend_R","Bash","Barricade","Metallicize","Dropkick","Flex","Flex+1","Seeing Red","Flex","Clothesline","Flex","Double Tap","Inflame"],"relics":["Burning Blood","Incense Burner","Ancient Tea Set","Bottled Flame","Champion Belt"],"potions_floor_usage":[8,8,11,12,16],"damage_taken":[{"damage":29,"enemies":"2 Louse","floor":1,"turns":7},{"damage":14,"enemies":"Jaw Worm","floor":4,"turns":3},{"damage":2,"enemies":"Small Slimes","floor":5,"turns":3},{"damage":10,"enemies":"Lagavulin","floor":8,"turns":7},{"damage":26,"enemies":"Blue Slaver","floor":10,"turns":5},{"damage":1,"enemies":"Exordium Wildlife","floor":11,"turns":2},{"damage":23,"enemies":"Gremlin Nob","floor":12,"turns":5},{"damage":9,"enemies":"Looter","floor":13,"turns":3},{"damage":39,"enemies":"The Guardian","floor":16,"turns":9}],"seed_played":"-435246338046352017","potions_obtained":[{"floor":1,"key":"Strength Potion"},{"floor":4,"key":"SpeedPotion"},{"floor":8,"key":"Strength Potion"},{"floor":10,"key":"Explosive Potion"},{"floor":11,"key":"LiquidBronze"}],"is_trial":false,"path_per_floor":["M","?","?","M","M","R","$","E","T","M","M","E","M","$","R","B"],"character_chosen":"IRONCLAD","items_purchased":["Seeing Red"],"campfire_rested":1,"item_purchase_floors":[7],"current_hp_per_floor":[57,50,55,47,51,51,51,47,47,27,32,15,12,12,37,0],"gold":45,"neow_bonus":"TRANSFORM_TWO_CARDS","is_prod":false,"is_daily":false,"chose_seed":false,"campfire_upgraded":1,"win_rate":0,"timestamp":1555183068,"path_taken":["M","?","?","M","M","R","?","E","T","M","M","E","M","$","R","BOSS"],"build_version":"2019-01-23","purchased_purges":2,"victory":false,"max_hp_per_floor":[80,80,85,85,85,85,85,85,85,85,85,85,85,85,85,85],"card_choices":[{"not_picked":["True Grit","Twin Strike"],"picked":"Dropkick","floor":1},{"not_picked":["Feel No Pain","Sword Boomerang"],"picked":"Flex","floor":4},{"not_picked":["True Grit","Power Through"],"picked":"Flex","floor":5},{"not_picked":["Seeing Red","Corruption"],"picked":"Flex","floor":8},{"not_picked":["Rupture","Perfected Strike"],"picked":"Clothesline","floor":10},{"not_picked":["Searing Blow","Pummel"],"picked":"Flex","floor":11},{"not_picked":["Thunderclap","Rupture"],"picked":"Double Tap","floor":12},{"not_picked":["Searing Blow","Wild Strike"],"picked":"Inflame","floor":13}],"player_experience":273498,"relics_obtained":[{"floor":8,"key":"Ancient Tea Set"},{"floor":9,"key":"Bottled Flame"},{"floor":12,"key":"Champion Belt"}],"event_choices":[{"damage_healed":0,"gold_gain":0,"player_choice":"Success","damage_taken":7,"relics_obtained":["Incense Burner"],"max_hp_gain":0,"max_hp_loss":0,"event_name":"Scrap Ooze","floor":2,"gold_loss":0},{"damage_healed":0,"gold_gain":0,"player_choice":"Donut","damage_taken":0,"max_hp_gain":5,"max_hp_loss":0,"event_name":"Big Fish","floor":3,"gold_loss":0}],"is_beta":false,"boss_relics":[],"items_purged_floors":[7,14],"is_endless":false,"potions_floor_spawned":[1,4,8,10,11],"killed_by":"The Guardian","ascension_level":2}