{"gold_per_floor":[111,128,128,143,243,273,288,288,335,335,363,377,377,408,408,503,503,519,551,244,263,263,288,300,300,300,300,330,330,364,376,376,474,524,536,536,46,1045,1063,1063,1094,994,994,616,628,640,169,203,203,203,203,203,20,48,48],"floor_reached":56,"playtime":3445,"items_purged":["Strike_B","Strike_B+1","Injury","Defend_B","Defend_B"],"score":2037,"play_id":"0fb8c237-be6e-4734-ac85-a21e23c66ace","local_time":"20190903225956","is_ascension_mode":true,"campfire_choices":[{"data":"Zap","floor":8,"key":"SMITH"},{"data":"Hologram","floor":13,"key":"SMITH"},{"data":"Sweeping Beam","floor":15,"key":"SMITH"},{"data":"Capacitor","floor":27,"key":"SMITH"},{"data":"Go for the Eyes","floor":29,"key":"SMITH"},{"data":"Machine Learning","floor":32,"key":"SMITH"},{"data":"Heatsinks","floor":40,"key":"SMITH"},{"floor":49,"key":"RECALL"},{"floor":52,"key":"REST"}],"neow_cost":"PERCENT_DAMAGE","seed_source_timestamp":1689306583957800,"circlet_count":0,"master_deck":["Defend_B+1","Zap+1","Dualcast","Doom and Gloom+1","Auto Shields+1","Conserve Battery","Sweeping Beam+1","Coolheaded+1","Hologram+1","Machine Learning+1","Coolheaded+1","Compile Driver+1","Capacitor+1","Go for the Eyes+1","Glacier","Coolheaded+1","Gash+1","Amplify","Double Energy","Gash+1","Heatsinks+1","Loop+1","Glacier+1","Blizzard+1"],"relics":["Cracked Core","Gremlin Horn","Lantern","Bag of Preparation","War Paint","Cursed Key","Red Mask","Happy Flower","PreservedInsect","Omamori","Whetstone","Tiny House","Mummified Hand","Frozen Eye","Dodecahedron","Kunai","Membership Card","Letter Opener","Centennial Puzzle","DataDisk","Medical Kit","Bottled Lightning"],"potions_floor_usage":[6,16,23,23,45,55,55,55],"damage_taken":[{"damage":5,"enemies":"Small Slimes","floor":1,"turns":3},{"damage":0,"enemies":"2 Louse","floor":2,"turns":2},{"damage":0,"enemies":"Cultist","floor":4,"turns":3},{"damage":24,"enemies":"3 Sentries","floor":6,"turns":6},{"damage":0,"enemies":"2 Fungi Beasts","floor":7,"turns":2},{"damage":3,"enemies":"Lagavulin","floor":11,"turns":6},{"damage":0,"enemies":"Looter","floor":12,"turns":3},{"damage":13,"enemies":"3 Sentries","floor":14,"turns":3},{"damage":0,"enemies":"Slime Boss","floor":16,"turns":7},{"damage":2,"enemies":"3 Byrds","floor":18,"turns":3},{"damage":0,"enemies":"Masked Bandits","floor":19,"turns":2},{"damage":0,"enemies":"Shell Parasite","floor":21,"turns":5},{"damage":20,"enemies":"Book of Stabbing","floor":23,"turns":5},{"damage":0,"enemies":"Snake Plant","floor":24,"turns":5},{"damage":0,"enemies":"Gremlin Leader","floor":28,"turns":5},{"damage":0,"enemies":"Slavers","floor":30,"turns":3},{"damage":0,"enemies":"Centurion and Healer","floor":31,"turns":5},{"damage":17,"enemies":"Automaton","floor":33,"turns":9},{"damage":0,"enemies":"Orb Walker","floor":35,"turns":4},{"damage":0,"enemies":"3 Shapes","floor":39,"turns":5},{"damage":0,"enemies":"Reptomancer","floor":41,"turns":4},{"damage":0,"enemies":"3 Darklings","floor":45,"turns":4},{"damage":0,"enemies":"Jaw Worm Horde","floor":46,"turns":3},{"damage":0,"enemies":"Giant Head","floor":48,"turns":7},{"damage":45,"enemies":"Time Eater","floor":50,"turns":15},{"damage":0,"enemies":"Shield and Spear","floor":54,"turns":5},{"damage":50,"enemies":"The Heart","floor":55,"turns":11}],"seed_played":"-5206488432465452167","potions_obtained":[{"floor":1,"key":"EssenceOfSteel"},{"floor":4,"key":"LiquidBronze"},{"floor":11,"key":"SkillPotion"},{"floor":14,"key":"Weak Potion"},{"floor":23,"key":"Explosive Potion"},{"floor":24,"key":"GamblersBrew"},{"floor":45,"key":"AttackPotion"},{"floor":48,"key":"Swift Potion"}],"is_trial":false,"path_per_floor":["M","M","?","M","?","E","M","R","T","?","E","M","R","E","R","B",null,"M","?","$","M","?","E","M","?","T","R","E","R","E","M","R","B",null,"M","?","$","?","M","R","E","$","T","$","M","M","$","E","R","B",null,"R","$","E","B",null],"character_chosen":"DEFECT","items_purchased":["Capacitor","Happy Flower","PowerPotion","Mummified Hand","Heatsinks","Frozen Eye","Kunai","Membership Card","Letter Opener","Centennial Puzzle","Medical Kit"],"campfire_rested":1,"item_purchase_floors":[20,20,20,37,37,37,44,47,47,47,53],"current_hp_per_floor":[45,45,70,70,70,46,46,46,46,46,43,43,43,30,30,30,64,62,62,62,62,62,42,42,85,85,85,85,85,85,85,85,68,86,86,86,86,86,86,86,86,86,86,86,86,86,86,86,86,41,78,90,90,90,40],"gold":48,"neow_bonus":"REMOVE_TWO","is_prod":false,"is_daily":false,"chose_seed":false,"campfire_upgraded":7,"win_rate":0,"timestamp":1567547996,"path_taken":["M","M","?","M","?","E","?","R","T","?","E","M","R","E","R","BOSS","M","?","$","M","?","E","M","?","T","R","E","R","E","M","R","BOSS","M","?","$","?","M","R","E","?","T","$","M","?","$","E","R","BOSS","R","$","E","BOSS"],"build_version":"2019-07-17","purchased_purges":5,"victory":true,"max_hp_per_floor":[75,75,75,75,75,75,75,75,75,75,75,75,75,75,75,75,75,75,75,75,75,75,75,75,85,85,85,85,85,85,85,85,85,90,90,90,90,90,90,90,90,90,90,90,90,90,90,90,90,90,90,90,90,90,90],"card_choices":[{"not_picked":["Steam","Compile Driver"],"picked":"Doom and Gloom","floor":1},{"not_picked":["Redo","Turbo"],"picked":"Auto Shields","floor":2},{"not_picked":["Static Discharge","BootSequence"],"picked":"Conserve Battery","floor":4},{"not_picked":["Go for the Eyes","Force Field"],"picked":"Sweeping Beam","floor":6},{"not_picked":["Conserve Battery","Hello World"],"picked":"Coolheaded","floor":7},{"not_picked":["Double Energy","Leap"],"picked":"Hologram","floor":11},{"not_picked":["Steam","Gash"],"picked":"Machine Learning","floor":12},{"not_picked":["BootSequence","Chaos","Beam Cell"],"picked":"SKIP","floor":14},{"not_picked":["Hyperbeam","Fission"],"picked":"Seek","floor":16},{"not_picked":["Rebound","Heatsinks"],"picked":"Coolheaded+1","floor":18},{"not_picked":["Ball Lightning","Turbo"],"picked":"Compile Driver","floor":19},{"not_picked":["Reinforced Body","Sweeping Beam+1"],"picked":"Go for the Eyes","floor":21},{"not_picked":["Reprogram","Hello World+1"],"picked":"Glacier","floor":23},{"not_picked":["Rebound","Ball Lightning+1"],"picked":"Chill","floor":24},{"not_picked":["Skim","Streamline+1"],"picked":"Coolheaded+1","floor":28},{"not_picked":["Steam","Cold Snap","Streamline"],"picked":"SKIP","floor":30},{"not_picked":["Auto Shields","Glacier+1"],"picked":"Gash+1","floor":31},{"not_picked":["Rainbow","Creative AI"],"picked":"Amplify","floor":33},{"not_picked":["Glacier","Turbo"],"picked":"Double Energy","floor":34},{"not_picked":["Darkness+1","Go for the Eyes+1"],"picked":"Gash+1","floor":35},{"not_picked":["White Noise+1","Ball Lightning+1"],"picked":"Loop+1","floor":39},{"not_picked":["Conserve Battery","Scrape","Go for the Eyes+1"],"picked":"SKIP","floor":41},{"not_picked":["Streamline","Leap+1","Ball Lightning"],"picked":"SKIP","floor":45},{"not_picked":["Auto Shields","Go for the Eyes"],"picked":"Glacier+1","floor":46},{"not_picked":["White Noise","Glacier+1","BootSequence"],"picked":"SKIP","floor":48},{"not_picked":["Gash","Reinforced Body"],"picked":"Blizzard+1","floor":54}],"player_experience":1902191,"relics_obtained":[{"floor":6,"key":"Gremlin Horn"},{"floor":9,"key":"Lantern"},{"floor":11,"key":"Bag of Preparation"},{"floor":14,"key":"War Paint"},{"floor":19,"key":"Red Mask"},{"floor":23,"key":"PreservedInsect"},{"floor":28,"key":"Omamori"},{"floor":30,"key":"Whetstone"},{"floor":41,"key":"Dodecahedron"},{"floor":48,"key":"DataDisk"},{"floor":54,"key":"Bottled Lightning"}],"event_choices":[{"damage_healed":25,"gold_gain":0,"player_choice":"Banana","damage_taken":0,"max_hp_gain":0,"max_hp_loss":0,"event_name":"Big Fish","floor":3,"gold_loss":0},{"damage_healed":0,"gold_gain":100,"player_choice":"Pray","damage_taken":0,"max_hp_gain":0,"max_hp_loss":0,"event_name":"Golden Shrine","floor":5,"gold_loss":0},{"damage_healed":0,"gold_gain":0,"player_choice":"Grow","damage_taken":0,"max_hp_gain":0,"max_hp_loss":0,"event_name":"Living Wall","floor":10,"gold_loss":0,"cards_upgraded":["Doom and Gloom"]},{"damage_healed":0,"gold_gain":0,"player_choice":"Fought Bandits","damage_taken":0,"max_hp_gain":0,"max_hp_loss":0,"event_name":"Masked Bandits","floor":19,"gold_loss":0},{"cards_removed":["Strike_B"],"damage_healed":0,"gold_gain":0,"player_choice":"Elegance","damage_taken":0,"max_hp_gain":0,"max_hp_loss":0,"event_name":"Back to Basics","floor":22,"gold_loss":0},{"cards_removed":["Seek"],"damage_healed":33,"gold_gain":0,"player_choice":"Offered Rare","damage_taken":0,"max_hp_gain":10,"max_hp_loss":0,"event_name":"Bonfire Elementals","floor":25,"gold_loss":0},{"cards_removed":["Chill"],"damage_healed":0,"gold_gain":0,"player_choice":"Removed Skill","damage_taken":0,"max_hp_gain":0,"max_hp_loss":0,"event_name":"Falling","floor":36,"gold_loss":0},{"damage_healed":0,"gold_gain":999,"player_choice":"Gold","damage_taken":0,"max_hp_gain":0,"max_hp_loss":0,"event_name":"MindBloom","floor":38,"gold_loss":0,"cards_obtained":["Normality","Normality"]}],"is_beta":false,"boss_relics":[{"not_picked":["Busted Crown","Inserter"],"picked":"Cursed Key"},{"not_picked":["White Beast Statue","Fusion Hammer"],"picked":"Tiny House"}],"items_purged_floors":[20,42,44,47,53],"is_endless":false,"potions_floor_spawned":[1,4,11,14,23,24,31,33,45,48,54],"ascension_level":9}