{"gold_per_floor":[362,437,9,22,40,65,65,138,138,18,18,18,34,65,65,65],"floor_reached":16,"playtime":807,"items_purged":["Doubt"],"score":124,"play_id":"af197ce6-0487-461d-921d-4366b10696bf","local_time":"20191001112902","is_ascension_mode":true,"campfire_choices":[{"data":"Limit Break","floor":7,"key":"SMITH"},{"data":"Sword Boomerang","floor":11,"key":"SMITH"},{"floor":15,"key":"REST"}],"neow_cost":"CURSE","seed_source_timestamp":0,"circlet_count":0,"master_deck":["Strike_R","Strike_R","Strike_R","Strike_R","Strike_R","Defend_R","Defend_R","Defend_R","Defend_R","Bash","Dual Wield","Limit Break+1","Sword Boomerang+1","Rage","Spot Weakness","True Grit+1","Shrug It Off","Armaments","Iron Wave"],"special_seed":0,"relics":["Burning Blood","Shuriken","Centennial Puzzle","Bottled Flame","Sundial"],"potions_floor_usage":[6,13,14],"damage_taken":[{"damage":9.0,"enemies":"2 Louse","floor":1.0,"turns":3.0},{"damage":15,"enemies":"Cultist","floor":4,"turns":5},{"damage":13,"enemies":"Jaw Worm","floor":5,"turns":5},{"damage":29,"enemies":"Gremlin Nob","floor":6,"turns":5},{"damage":5,"enemies":"Lots of Slimes","floor":13,"turns":3},{"damage":19,"enemies":"Lagavulin","floor":14,"turns":7},{"damage":43,"enemies":"The Guardian","floor":16,"turns":6}],"seed_played":"-776379465096756999","potions_obtained":[{"floor":1.0,"key":"Poison Potion"},{"floor":6,"key":"Energy Potion"},{"floor":13,"key":"SkillPotion"}],"is_trial":false,"path_per_floor":["M","?","$","M","M","E","R","T","T","$","R","?","M","E","R","B"],"character_chosen":"IRONCLAD","items_purchased":["Limit Break","Shuriken","Sword Boomerang","Shrug It Off"],"campfire_rested":1,"item_purchase_floors":[3,3,3,10],"current_hp_per_floor":[77,69,69,60,53,30,30,30,30,30,30,30,31,18,42,0],"gold":65,"neow_bonus":"TWO_FIFTY_GOLD","is_prod":false,"is_daily":false,"chose_seed":false,"campfire_upgraded":2,"win_rate":0,"timestamp":1569947342,"path_taken":["M","?","$","M","?","E","R","?","T","$","R","?","M","E","R","BOSS"],"build_version":"2019-07-17","purchased_purges":1,"victory":false,"max_hp_per_floor":[80,80,80,80,80,80,80,80,80,80,80,80,80,80,80,80],"card_choices":[{"not_picked":["Warcry","Havoc"],"picked":"Dual Wield","floor":1.0},{"not_picked":["Entrench","Pommel Strike"],"picked":"Rage","floor":4},{"not_picked":["Body Slam","Uppercut"],"picked":"Spot Weakness","floor":5},{"not_picked":["Cleave","Pommel Strike"],"picked":"True Grit","floor":6},{"not_picked":["True Grit","Reaper"],"picked":"Armaments","floor":13},{"not_picked":["Offering","Fire Breathing"],"picked":"Iron Wave","floor":14}],"player_experience":244339,"relics_obtained":[{"floor":6,"key":"Centennial Puzzle"},{"floor":9,"key":"Bottled Flame"},{"floor":14,"key":"Sundial"}],"event_choices":[{"damage_healed":0,"gold_gain":75,"player_choice":"Touch","damage_taken":8,"max_hp_gain":0,"max_hp_loss":0,"event_name":"FaceTrader","floor":2,"gold_loss":0},{"damage_healed":0,"gold_gain":0,"player_choice":"Upgraded","damage_taken":0,"max_hp_gain":0,"max_hp_loss":0,"event_name":"Upgrade Shrine","floor":12,"gold_loss":0,"cards_upgraded":["True Grit"]}],"is_beta":false,"boss_relics":[],"items_purged_floors":[10],"is_endless":false,"potions_floor_spawned":[1,6,13],"killed_by":"The Guardian","ascension_level":3}