{"gold_per_floor":[13,13,13,31,31,31,61,79,105,123,123,133,133,147,147,248,248,264,264,142,142,22,22,39,50,50,80,80,106,106,121,121,221,221,237,187,205,223,278,307,307,339,339,339,371,371,371,405,405,405],"floor_reached":50,"playtime":2442,"items_purged":["Shame","Clash","Bloodletting"],"score":768,"play_id":"8009ec16-9d85-4c84-8feb-2e8a568a5d81","local_time":"20191001100340","is_ascension_mode":true,"campfire_choices":[{"data":"Limit Break","floor":6,"key":"SMITH"},{"data":"Flex","floor":11,"key":"SMITH"},{"data":"Sword Boomerang","floor":15,"key":"SMITH"},{"data":"Inflame","floor":23,"key":"SMITH"},{"data":"Exhume","floor":28,"key":"SMITH"},{"floor":30,"key":"REST"},{"data":"Heavy Blade","floor":32,"key":"SMITH"},{"floor":41,"key":"REST"},{"floor":44,"key":"REST"},{"data":"Heavy Blade","floor":47,"key":"SMITH"},{"data":"Pummel","floor":49,"key":"SMITH"}],"neow_cost":"NO_GOLD","seed_source_timestamp":79765635127300,"circlet_count":0,"master_deck":["Strike_R+1","Strike_R+1","Strike_R+1","Defend_R+1","Defend_R+1","Defend_R+1","Bash","Limit Break+1","Twin Strike","Heavy Blade+1","Pummel+1","Flex+1","Offering","Sword Boomerang+1","Heavy Blade+1","Exhume+1","Evolve","Inflame+1","Inflame","Flex","Pommel Strike+1","Barricade+1","Flex","Whirlwind+1","Sword Boomerang","Anger+1","Doubt"],"relics":["Burning Blood","FaceOfCleric","Blood Vial","Oddly Smooth Stone","Busted Crown","Smiling Mask","Lantern","Frozen Egg 2","Velvet Choker","Dead Branch","Kunai","The Courier","Ice Cream","Ancient Tea Set","Gambling Chip"],"potions_floor_usage":[7,16,25,29,33,39,40],"damage_taken":[{"damage":7,"enemies":"Jaw Worm","floor":1,"turns":2},{"damage":1,"enemies":"Cultist","floor":4,"turns":3},{"damage":31,"enemies":"3 Sentries","floor":7,"turns":7},{"damage":10,"enemies":"2 Louse","floor":8,"turns":3},{"damage":0,"enemies":"2 Fungi Beasts","floor":10,"turns":2},{"damage":0,"enemies":"Large Slime","floor":12,"turns":3},{"damage":6,"enemies":"Exordium Wildlife","floor":14,"turns":1},{"damage":6,"enemies":"Slime Boss","floor":16,"turns":4},{"damage":6,"enemies":"Chosen","floor":18,"turns":3},{"damage":8,"enemies":"2 Thieves","floor":24,"turns":2},{"damage":22,"enemies":"Snecko","floor":25,"turns":4},{"damage":26,"enemies":"Slavers","floor":27,"turns":3},{"damage":56,"enemies":"Book of Stabbing","floor":29,"turns":4},{"damage":15,"enemies":"Cultist and Chosen","floor":31,"turns":4},{"damage":33,"enemies":"Champ","floor":33,"turns":6},{"damage":13,"enemies":"Orb Walker","floor":35,"turns":2},{"damage":0,"enemies":"3 Shapes","floor":37,"turns":6},{"damage":23,"enemies":"Writhing Mass","floor":38,"turns":4},{"damage":29,"enemies":"2 Orb Walkers","floor":39,"turns":3},{"damage":54,"enemies":"Nemesis","floor":40,"turns":5},{"damage":46,"enemies":"Reptomancer","floor":42,"turns":5},{"damage":61,"enemies":"Nemesis","floor":45,"turns":5},{"damage":46,"enemies":"Giant Head","floor":48,"turns":6},{"damage":73,"enemies":"Time Eater","floor":50,"turns":5}],"seed_played":"-4300277934880224193","potions_obtained":[{"floor":4,"key":"PowerPotion"},{"floor":8,"key":"GamblersBrew"},{"floor":10,"key":"Ancient Potion"},{"floor":12,"key":"LiquidBronze"},{"floor":27,"key":"FairyPotion"},{"floor":31,"key":"Strength Potion"},{"floor":35,"key":"SpeedPotion"},{"floor":38,"key":"Strength Potion"}],"is_trial":false,"path_per_floor":["M","?","$","M","?","R","E","M","T","M","R","M","?","M","R","B",null,"M","?","$","?","$","R","M","M","T","E","R","E","R","M","R","B",null,"M","$","M","M","?","E","R","E","T","R","E","?","R","E","R","B"],"character_chosen":"IRONCLAD","items_purchased":["Inflame","Inflame"],"campfire_rested":3,"item_purchase_floors":[20,22],"current_hp_per_floor":[79,79,79,80,80,80,56,55,55,64,64,73,78,81,81,84,91,92,92,92,92,92,92,91,78,78,61,61,14,42,36,36,12,98,92,92,100,84,64,19,49,12,12,43,17,105,105,66,66,0],"gold":405,"neow_bonus":"TRANSFORM_TWO_CARDS","is_prod":false,"is_daily":false,"chose_seed":false,"campfire_upgraded":8,"win_rate":0,"timestamp":1569942220,"path_taken":["M","?","$","M","?","R","E","M","T","?","R","?","?","M","R","BOSS","M","?","$","?","?","R","M","M","T","E","R","E","R","M","R","BOSS","M","$","M","M","?","E","R","E","T","R","E","?","R","E","R","BOSS"],"build_version":"2019-07-17","purchased_purges":3,"victory":false,"max_hp_per_floor":[80,80,80,80,80,80,81,82,82,83,83,84,89,90,90,91,91,92,92,92,92,92,92,93,94,94,95,95,96,96,97,97,98,98,99,99,100,101,102,103,103,104,104,104,105,105,105,106,106,106],"card_choices":[{"not_picked":["Anger","Sentinel"],"picked":"Twin Strike","floor":1},{"not_picked":["Pommel Strike","Sword Boomerang"],"picked":"Pummel","floor":4},{"not_picked":["Headbutt","Rampage"],"picked":"Flex","floor":7},{"not_picked":["Hemokinesis","Clash","Pommel Strike"],"picked":"SKIP","floor":8},{"not_picked":["Thunderclap","Headbutt"],"picked":"Offering","floor":10},{"not_picked":["Havoc","Second Wind"],"picked":"Sword Boomerang","floor":12},{"not_picked":["Havoc","Searing Blow"],"picked":"Heavy Blade","floor":14},{"not_picked":["Juggernaut","Feed"],"picked":"Exhume","floor":16},{"not_picked":[],"picked":"Evolve","floor":18},{"not_picked":["Thunderclap"],"picked":"SKIP","floor":24},{"not_picked":[],"picked":"Flex","floor":25},{"not_picked":["Body Slam"],"picked":"SKIP","floor":27},{"not_picked":[],"picked":"Bloodletting","floor":29},{"not_picked":[],"picked":"Pommel Strike+1","floor":31},{"not_picked":[],"picked":"Barricade+1","floor":33},{"not_picked":[],"picked":"Flex","floor":35},{"not_picked":[],"picked":"Whirlwind+1","floor":37},{"not_picked":["Dropkick+1"],"picked":"SKIP","floor":38},{"not_picked":[],"picked":"Sword Boomerang","floor":40},{"not_picked":[],"picked":"Anger+1","floor":42},{"not_picked":["Anger"],"picked":"SKIP","floor":45},{"not_picked":["Immolate"],"picked":"SKIP","floor":48}],"player_experience":240017,"relics_obtained":[{"floor":7,"key":"Blood Vial"},{"floor":9,"key":"Oddly Smooth Stone"},{"floor":27,"key":"Lantern"},{"floor":29,"key":"Frozen Egg 2"},{"floor":39,"key":"Dead Branch"},{"floor":40,"key":"Kunai"},{"floor":42,"key":"The Courier"},{"floor":43,"key":"Ice Cream"},{"floor":45,"key":"Ancient Tea Set"},{"floor":48,"key":"Gambling Chip"}],"event_choices":[{"damage_healed":0,"gold_gain":0,"cards_transformed":["Strike_R"],"player_choice":"Change","damage_taken":0,"max_hp_gain":0,"max_hp_loss":0,"event_name":"Living Wall","floor":2,"gold_loss":0,"cards_obtained":["Heavy Blade"]},{"damage_healed":0,"gold_gain":0,"player_choice":"Trade","damage_taken":0,"relics_obtained":["FaceOfCleric"],"max_hp_gain":0,"max_hp_loss":0,"event_name":"FaceTrader","floor":5,"gold_loss":0},{"damage_healed":0,"gold_gain":0,"player_choice":"Donut","damage_taken":0,"max_hp_gain":5,"max_hp_loss":0,"event_name":"Big Fish","floor":13,"gold_loss":0},{"damage_healed":0,"gold_gain":0,"player_choice":"Stole Relic","damage_taken":0,"relics_obtained":["Smiling Mask"],"max_hp_gain":0,"max_hp_loss":0,"event_name":"Addict","floor":19,"gold_loss":0,"cards_obtained":["Shame"]},{"damage_healed":0,"gold_gain":0,"player_choice":"Simplicity","damage_taken":0,"max_hp_gain":0,"max_hp_loss":0,"event_name":"Back to Basics","floor":21,"gold_loss":0,"cards_upgraded":["Strike_R","Strike_R","Strike_R","Defend_R","Defend_R","Defend_R"]},{"damage_healed":0,"gold_gain":0,"player_choice":"Fight","damage_taken":0,"max_hp_gain":0,"max_hp_loss":0,"event_name":"Mysterious Sphere","floor":39,"gold_loss":0},{"damage_healed":88,"gold_gain":0,"player_choice":"Heal","damage_taken":0,"max_hp_gain":0,"max_hp_loss":0,"event_name":"MindBloom","floor":46,"gold_loss":0,"cards_obtained":["Doubt"]}],"is_beta":false,"boss_relics":[{"not_picked":["Runic Dome","Calling Bell"],"picked":"Busted Crown"},{"not_picked":["Snecko Eye","Philosopher\u0027s Stone"],"picked":"Velvet Choker"}],"items_purged_floors":[20,22,36],"is_endless":false,"potions_floor_spawned":[4,8,10,12,27,31,35,38],"killed_by":"Time Eater","ascension_level":3}