{"gold_per_floor":[119,119,44,56,56,96,115,115,189,229,247,247,147,165,165,296,296,310,326,326,339,175,175,175,175,175,187,233,268,195,221,233,376,388,424,450,221,221,46,46,65,0,0,0,0,33,53,69,69,69],"floor_reached":50,"playtime":1515,"items_purged":["Regret","Injury","Strike_R","Strike_R","Strike_R"],"score":550,"play_id":"b81c4ac4-efd8-4aeb-afac-b2cd5e6371d6","local_time":"20190413220026","is_ascension_mode":true,"campfire_choices":[{"floor":8,"key":"REST"},{"floor":15,"key":"REST"},{"floor":23,"key":"REST"},{"floor":27,"key":"REST"},{"floor":32,"key":"REST"},{"floor":40,"key":"REST"},{"floor":44,"key":"REST"},{"floor":49,"key":"REST"}],"neow_cost":"TEN_PERCENT_HP_LOSS","seed_source_timestamp":1826973182681300,"circlet_count":0,"master_deck":["Strike_R","Defend_R","Defend_R","Defend_R+1","Bash","Uppercut+1","Clothesline","Thunderclap","Headbutt","Inflame","Iron Wave","Double Tap","Flex+1","Inflame","Pommel Strike+1","Iron Wave","Reaper","Demon Form","Inflame","Finesse","Dramatic Entrance","Infernal Blade+1","Flex+1","Armaments+1"],"relics":["Burning Blood","Oddly Smooth Stone","Golden Idol","Bottled Lightning","Ornamental Fan","Omamori","Fusion Hammer","Bag of Preparation","Enchiridion","MawBank","War Paint","Bag of Marbles","Busted Crown","Red Mask","Pocketwatch","Toxic Egg 2"],"potions_floor_usage":[11,16,31,33,36,41,48,48],"damage_taken":[{"damage":9,"enemies":"Jaw Worm","floor":1,"turns":3},{"damage":12,"enemies":"Small Slimes","floor":4,"turns":3},{"damage":42,"enemies":"3 Sentries","floor":6,"turns":9},{"damage":6,"enemies":"2 Louse","floor":7,"turns":2},{"damage":20,"enemies":"Gremlin Nob","floor":10,"turns":5},{"damage":10,"enemies":"Red Slaver","floor":11,"turns":3},{"damage":43,"enemies":"Gremlin Gang","floor":14,"turns":5},{"damage":54,"enemies":"The Guardian","floor":16,"turns":13},{"damage":4,"enemies":"3 Byrds","floor":18,"turns":4},{"damage":15,"enemies":"Shell Parasite","floor":19,"turns":4},{"damage":25,"enemies":"Cultist and Chosen","floor":21,"turns":6},{"damage":31,"enemies":"Slavers","floor":28,"turns":4},{"damage":31,"enemies":"Sentry and Sphere","floor":29,"turns":4},{"damage":11,"enemies":"Snake Plant","floor":31,"turns":3},{"damage":47,"enemies":"Automaton","floor":33,"turns":10},{"damage":16,"enemies":"3 Darklings","floor":35,"turns":4},{"damage":18,"enemies":"3 Shapes","floor":36,"turns":3},{"damage":37,"enemies":"Sphere and 2 Shapes","floor":41,"turns":5},{"damage":6,"enemies":"Reptomancer","floor":46,"turns":5},{"damage":62,"enemies":"Spire Growth","floor":47,"turns":4},{"damage":13,"enemies":"Transient","floor":48,"turns":5},{"damage":55,"enemies":"Awakened One","floor":50,"turns":3}],"seed_played":"-8828382398912321606","potions_obtained":[{"floor":6,"key":"Weak Potion"},{"floor":11,"key":"FearPotion"},{"floor":29,"key":"SpeedPotion"},{"floor":31,"key":"Strength Potion"},{"floor":33,"key":"Energy Potion"},{"floor":36,"key":"Block Potion"},{"floor":46,"key":"GamblersBrew"}],"is_trial":false,"path_per_floor":["M","?","$","M","?","E","M","R","T","E","M","?","$","M","R","B",null,"M","M","?","M","$","R","?","?","T","R","E","M","?","M","R","B",null,"M","M","$","?","$","R","M","?","T","R","?","E","M","M","R","B"],"character_chosen":"IRONCLAD","items_purchased":["Inflame","Inflame","Dexterity Potion"],"campfire_rested":8,"item_purchase_floors":[22,37,37],"current_hp_per_floor":[69,69,69,63,63,27,27,48,48,34,30,72,72,35,56,8,72,72,63,63,44,44,65,65,49,49,70,45,20,20,15,36,19,72,72,60,60,50,50,71,40,40,40,61,61,72,16,9,30,0],"gold":69,"neow_bonus":"TRANSFORM_TWO_CARDS","is_prod":false,"is_daily":false,"chose_seed":false,"campfire_upgraded":0,"win_rate":0,"timestamp":1555182026,"path_taken":["M","?","$","M","?","E","M","R","T","E","M","?","$","?","R","BOSS","M","?","?","M","$","R","?","?","T","R","E","M","?","M","R","BOSS","M","M","$","?","$","R","M","?","T","R","?","E","M","?","R","BOSS"],"build_version":"2019-01-23","purchased_purges":5,"victory":false,"max_hp_per_floor":[72,72,72,72,72,72,72,72,72,72,72,72,72,72,72,72,72,72,72,72,72,72,72,72,72,72,72,72,72,72,72,72,72,72,72,72,72,72,72,72,72,72,72,72,72,72,72,72,72,72],"card_choices":[{"not_picked":["Perfected Strike","Cleave"],"picked":"Thunderclap","floor":1},{"not_picked":["Havoc","Anger","Perfected Strike"],"picked":"SKIP","floor":4},{"not_picked":["Anger","Havoc","Clash"],"picked":"SKIP","floor":6},{"not_picked":["Sever Soul","Clothesline"],"picked":"Headbutt","floor":7},{"not_picked":["Clash","Shrug It Off"],"picked":"Inflame","floor":10},{"not_picked":["Dark Embrace","Warcry","True Grit"],"picked":"SKIP","floor":11},{"not_picked":["Heavy Blade","Clash"],"picked":"Iron Wave","floor":14},{"not_picked":["Brutality","Impervious"],"picked":"Double Tap","floor":16},{"not_picked":["Havoc","Heavy Blade"],"picked":"Flex","floor":18},{"not_picked":["Combust","Intimidate","Pommel Strike"],"picked":"SKIP","floor":19},{"not_picked":["Clash","Combust+1","Metallicize"],"picked":"SKIP","floor":21},{"not_picked":["Bloodletting","Wild Strike"],"picked":"Pommel Strike+1","floor":28},{"not_picked":["Flex","Anger"],"picked":"Iron Wave","floor":29},{"not_picked":["Clash","Warcry+1"],"picked":"Reaper","floor":31},{"not_picked":["Immolate","Barricade"],"picked":"Demon Form","floor":33},{"not_picked":["Searing Blow+1"],"picked":"SKIP","floor":35},{"not_picked":["Clash"],"picked":"SKIP","floor":36},{"not_picked":[],"picked":"Finesse","floor":38},{"not_picked":[],"picked":"Dramatic Entrance","floor":38},{"not_picked":[],"picked":"Infernal Blade+1","floor":41},{"not_picked":[],"picked":"Flex","floor":46},{"not_picked":[],"picked":"Armaments+1","floor":47},{"not_picked":["Anger"],"picked":"SKIP","floor":48}],"player_experience":271490,"relics_obtained":[{"floor":6,"key":"Bottled Lightning"},{"floor":9,"key":"Ornamental Fan"},{"floor":10,"key":"Omamori"},{"floor":25,"key":"Enchiridion"},{"floor":26,"key":"MawBank"},{"floor":28,"key":"War Paint"},{"floor":43,"key":"Pocketwatch"},{"floor":46,"key":"Toxic Egg 2"}],"event_choices":[{"damage_healed":0,"gold_gain":0,"player_choice":"Box","damage_taken":0,"relics_obtained":["Oddly Smooth Stone"],"max_hp_gain":0,"max_hp_loss":0,"event_name":"Big Fish","floor":2,"gold_loss":0,"cards_obtained":["Regret"]},{"damage_healed":0,"gold_gain":0,"player_choice":"Take Wound","damage_taken":0,"relics_obtained":["Golden Idol"],"max_hp_gain":0,"max_hp_loss":0,"event_name":"Golden Idol","floor":5,"gold_loss":0,"cards_obtained":["Injury"]},{"damage_healed":42,"gold_gain":0,"player_choice":"Full Heal","damage_taken":0,"max_hp_gain":0,"max_hp_loss":0,"event_name":"Wheel of Change","floor":12,"gold_loss":0},{"damage_healed":0,"gold_gain":0,"player_choice":"Ignored","damage_taken":0,"max_hp_gain":0,"max_hp_loss":0,"event_name":"Ghosts","floor":20,"gold_loss":0},{"damage_healed":0,"gold_gain":0,"player_choice":"Opened","damage_taken":0,"relics_obtained":["Bag of Preparation"],"max_hp_gain":0,"max_hp_loss":0,"event_name":"The Mausoleum","floor":24,"gold_loss":0,"cards_obtained":["Writhe"]},{"damage_healed":0,"gold_gain":0,"player_choice":"Obtained Book","damage_taken":16,"max_hp_gain":0,"max_hp_loss":0,"event_name":"Cursed Tome","floor":25,"gold_loss":0},{"damage_healed":0,"gold_gain":0,"player_choice":"Obtained Relic","damage_taken":0,"relics_obtained":["Bag of Marbles"],"max_hp_gain":0,"max_hp_loss":0,"event_name":"Addict","floor":30,"gold_loss":85},{"damage_healed":0,"gold_gain":0,"player_choice":"Memory 3","damage_taken":10,"max_hp_gain":0,"max_hp_loss":0,"event_name":"SensoryStone","floor":38,"gold_loss":0},{"damage_healed":0,"gold_gain":0,"player_choice":"Paid","damage_taken":0,"relics_obtained":["Red Mask"],"max_hp_gain":0,"max_hp_loss":0,"event_name":"Tomb of Lord Red Mask","floor":42,"gold_loss":65},{"damage_healed":0,"gold_gain":0,"player_choice":"Forge","damage_taken":0,"max_hp_gain":0,"max_hp_loss":0,"event_name":"Accursed Blacksmith","floor":45,"gold_loss":0,"cards_upgraded":["Uppercut"]}],"is_beta":false,"boss_relics":[{"not_picked":["Empty Cage","Eternal Feather"],"picked":"Fusion Hammer"},{"not_picked":["Coffee Dripper","Sozu"],"picked":"Busted Crown"}],"items_purged_floors":[3,13,22,37,39],"is_endless":false,"potions_floor_spawned":[6,11,29,31,33,36,46],"killed_by":"Awakened One","ascension_level":2}