{"gold_per_floor":[118,118,135,146,158,158,191,191,191,191,210,236,254,271,271,367,367,379,379,379,42,58,58,83,83,83,98,98,118,118,138,138,138],"floor_reached":33,"playtime":1454,"items_purged":["Perfected Strike"],"score":422,"play_id":"2274d318-1f10-47d7-a378-f748fe3aa860","local_time":"20191020205543","is_ascension_mode":true,"campfire_choices":[{"data":"Bash","floor":6,"key":"SMITH"},{"data":"Rampage","floor":8,"key":"SMITH"},{"data":"Anger","floor":10,"key":"SMITH"},{"data":"Fire Breathing","floor":15,"key":"SMITH"},{"data":"Flame Barrier","floor":23,"key":"SMITH"},{"floor":25,"key":"REST"},{"floor":32,"key":"REST"}],"neow_cost":"PERCENT_DAMAGE","seed_source_timestamp":270029668118099,"circlet_count":0,"master_deck":["AscendersBane","Strike_R+1","Strike_R+1","Defend_R+1","Defend_R+1","Defend_R+1","Defend_R+1","Bash+1","Shrug It Off","Rampage+1","Anger+1","Iron Wave","Reckless Charge","Fire Breathing+1","Corruption","True Grit","Berserk","Twin Strike+1","Sentinel","Flame Barrier+1","Metallicize","Body Slam+1","Feel No Pain","Ghostly Armor+1"],"relics":["Burning Blood","Charon\u0027s Ashes","Vajra","PreservedInsect","Letter Opener","Mark of Pain","Sundial","Oddly Smooth Stone","Gremlin Horn","Toxic Egg 2"],"potions_floor_usage":[7,16,16,24,29,30],"damage_taken":[{"damage":6,"enemies":"Jaw Worm","floor":1,"turns":5},{"damage":1,"enemies":"Cultist","floor":3,"turns":4},{"damage":0,"enemies":"Small Slimes","floor":4,"turns":4},{"damage":1,"enemies":"2 Fungi Beasts","floor":5,"turns":4},{"damage":30,"enemies":"3 Sentries","floor":7,"turns":7},{"damage":4,"enemies":"Looter","floor":11,"turns":3},{"damage":20,"enemies":"Lagavulin","floor":12,"turns":5},{"damage":14,"enemies":"Lots of Slimes","floor":13,"turns":3},{"damage":11,"enemies":"3 Louse","floor":14,"turns":4},{"damage":22,"enemies":"Hexaghost","floor":16,"turns":8},{"damage":27,"enemies":"2 Thieves","floor":18,"turns":5},{"damage":18,"enemies":"Spheric Guardian","floor":22,"turns":4},{"damage":28,"enemies":"Book of Stabbing","floor":24,"turns":6},{"damage":18,"enemies":"Chosen and Byrds","floor":27,"turns":8},{"damage":18,"enemies":"Snake Plant","floor":29,"turns":4},{"damage":4,"enemies":"Centurion and Healer","floor":30,"turns":4},{"damage":3,"enemies":"Chosen and Byrds","floor":31,"turns":7},{"damage":69,"enemies":"Automaton","floor":33,"turns":6}],"seed_played":"7137902552765869814","potions_obtained":[{"floor":1,"key":"GamblersBrew"},{"floor":5,"key":"Regen Potion"},{"floor":7,"key":"FearPotion"},{"floor":12,"key":"Block Potion"},{"floor":18,"key":"SmokeBomb"},{"floor":22,"key":"FearPotion"},{"floor":27,"key":"Fire Potion"}],"is_trial":false,"path_per_floor":["M","?","M","M","M","R","E","R","T","R","M","E","M","M","R","B",null,"M","?","?","$","M","R","E","R","T","M","?","M","M","M","R","B"],"character_chosen":"IRONCLAD","items_purchased":["Sundial"],"campfire_rested":2,"item_purchase_floors":[21],"current_hp_per_floor":[51,51,56,62,67,67,58,58,58,58,60,46,38,33,33,17,64,43,43,43,43,31,31,9,33,33,21,21,9,11,14,38,0],"gold":138,"neow_bonus":"ONE_RARE_RELIC","is_prod":false,"is_daily":false,"chose_seed":false,"campfire_upgraded":5,"win_rate":0,"timestamp":1571630143,"path_taken":["M","?","M","?","M","R","E","R","T","R","M","E","?","M","R","BOSS","M","?","?","$","M","R","E","R","T","M","?","M","M","?","R","BOSS"],"build_version":"2019-07-17","purchased_purges":1,"victory":false,"max_hp_per_floor":[80,80,80,80,80,80,80,80,80,80,80,80,80,80,80,80,80,80,80,80,80,80,80,80,80,80,80,80,80,80,80,80,80],"card_choices":[{"not_picked":["Pummel","Infernal Blade"],"picked":"Shrug It Off","floor":1},{"not_picked":["Perfected Strike","Heavy Blade"],"picked":"Rampage","floor":3},{"not_picked":["Warcry","Iron Wave"],"picked":"Anger","floor":4},{"not_picked":["Anger","Thunderclap"],"picked":"Iron Wave","floor":5},{"not_picked":["Rampage","Iron Wave","Anger"],"picked":"SKIP","floor":7},{"not_picked":["Wild Strike","Heavy Blade"],"picked":"Reckless Charge","floor":11},{"not_picked":["Wild Strike","Searing Blow"],"picked":"Fire Breathing","floor":12},{"not_picked":["Warcry","Combust"],"picked":"Corruption","floor":13},{"not_picked":["Warcry","Flex"],"picked":"True Grit","floor":14},{"not_picked":["Brutality","Limit Break"],"picked":"Berserk","floor":16},{"not_picked":["Dual Wield","Wild Strike"],"picked":"Twin Strike+1","floor":18},{"not_picked":["Thunderclap","Headbutt+1"],"picked":"Flame Barrier","floor":22},{"not_picked":["Anger","Power Through"],"picked":"Metallicize","floor":24},{"not_picked":["Power Through+1","Flex+1"],"picked":"Body Slam+1","floor":27},{"not_picked":["Clash+1","Pummel"],"picked":"Feel No Pain","floor":29},{"not_picked":["Flex+1","Twin Strike"],"picked":"Ghostly Armor+1","floor":31}],"player_experience":407079,"relics_obtained":[{"floor":7,"key":"Vajra"},{"floor":9,"key":"PreservedInsect"},{"floor":12,"key":"Letter Opener"},{"floor":24,"key":"Oddly Smooth Stone"},{"floor":26,"key":"Gremlin Horn"}],"event_choices":[{"cards_removed":["Strike_R"],"damage_healed":0,"gold_gain":0,"player_choice":"Offered Basic","damage_taken":0,"max_hp_gain":0,"max_hp_loss":0,"event_name":"Bonfire Elementals","floor":2,"gold_loss":0},{"damage_healed":0,"gold_gain":0,"cards_transformed":["Strike_R","Strike_R"],"player_choice":"Became Test Subject","damage_taken":0,"max_hp_gain":0,"max_hp_loss":0,"event_name":"Drug Dealer","floor":19,"gold_loss":0,"cards_obtained":["Perfected Strike","Sentinel"]},{"damage_healed":0,"gold_gain":0,"player_choice":"Simplicity","damage_taken":0,"max_hp_gain":0,"max_hp_loss":0,"event_name":"Back to Basics","floor":20,"gold_loss":0,"cards_upgraded":["Strike_R","Strike_R","Defend_R","Defend_R","Defend_R","Defend_R"]},{"damage_healed":0,"gold_gain":0,"player_choice":"Gave Potion","damage_taken":0,"relics_obtained":["Toxic Egg 2"],"max_hp_gain":0,"max_hp_loss":0,"event_name":"WeMeetAgain","floor":28,"gold_loss":0}],"is_beta":false,"boss_relics":[{"not_picked":["Orrery","Black Star"],"picked":"Mark of Pain"}],"items_purged_floors":[21],"is_endless":false,"potions_floor_spawned":[1,5,7,12,14,18,22,27],"killed_by":"Automaton","ascension_level":10}