{"gold_per_floor":[117,132,143,161,174,174,124,124,179,189,189,199,199,212,212,308,308,321,371,217,232,244,244,257,269,340,367,367],"floor_reached":28,"playtime":2248,"items_purged":["Strike_B"],"score":238,"play_id":"9b6e8ff0-847e-4a43-ad5b-476f003df664","local_time":"20190925194257","is_ascension_mode":false,"campfire_choices":[{"data":"Genetic Algorithm","floor":6.0,"key":"SMITH"},{"data":"Double Energy","floor":11.0,"key":"SMITH"},{"data":"Recycle","floor":15.0,"key":"SMITH"},{"data":"Loop","floor":23.0,"key":"SMITH"}],"neow_cost":"NONE","seed_source_timestamp":0,"circlet_count":0,"master_deck":["Strike_B","Strike_B","Defend_B","Defend_B","Defend_B","Defend_B","Zap","Dualcast","Loop+1","Double Energy+1","Compile Driver","Turbo","Genetic Algorithm+1","Doom and Gloom","Recycle+1","Self Repair","Biased Cognition","Auto Shields+1","Coolheaded","Steam","Consume","Stack+1","Defragment+1","Ball Lightning","Tempest+1"],"special_seed":0,"relics":["Cracked Core","Question Card"],"potions_floor_usage":[],"damage_taken":[{"damage":3.0,"enemies":"Jaw Worm","floor":1.0,"turns":3.0},{"damage":0.0,"enemies":"2 Louse","floor":2.0,"turns":2.0},{"damage":1.0,"enemies":"Small Slimes","floor":3.0,"turns":3.0},{"damage":3.0,"enemies":"Red Slaver","floor":4.0,"turns":4.0},{"damage":12.0,"enemies":"Exordium Wildlife","floor":5.0,"turns":3.0},{"damage":11.0,"enemies":"Looter","floor":10.0,"turns":4.0},{"damage":8.0,"enemies":"2 Fungi Beasts","floor":12.0,"turns":3.0},{"damage":5.0,"enemies":"3 Louse","floor":14.0,"turns":3.0},{"damage":28.0,"enemies":"Hexaghost","floor":16.0,"turns":9.0},{"damage":43.0,"enemies":"Spheric Guardian","floor":18.0,"turns":6.0},{"damage":27.0,"enemies":"Chosen","floor":21.0,"turns":8.0},{"damage":0.0,"enemies":"Snecko","floor":22.0,"turns":4.0},{"damage":0.0,"enemies":"Snake Plant","floor":24.0,"turns":4.0},{"damage":13.0,"enemies":"Centurion and Healer","floor":25.0,"turns":9.0},{"damage":31.0,"enemies":"Slavers","floor":27.0,"turns":8.0},{"damage":9.0,"enemies":"Chosen and Byrds","floor":28.0,"turns":4.0}],"seed_played":"7148395453958542045","potions_obtained":[{"floor":2.0,"key":"Ancient Potion"},{"floor":3.0,"key":"Fire Potion"},{"floor":10.0,"key":"SkillPotion"},{"floor":14.0,"key":"Fire Potion"},{"floor":16.0,"key":"Explosive Potion"},{"floor":21.0,"key":"Regen Potion"},{"floor":22.0,"key":"Regen Potion"}],"is_trial":false,"path_per_floor":["M","M","M","M","M","R","?","?","T","M","R","M","?","M","R","B",null,"M","?","$","M","M","R","M","M","T","E","M"],"character_chosen":"DEFECT","items_purchased":["Coolheaded","Steam"],"campfire_rested":0,"item_purchase_floors":[20,20],"current_hp_per_floor":[79,79,78,75,63,63,63,63,63,52,52,44,49,44,44,23,87,51,51,51,31,31,31,38,84,84,53,44],"gold":367,"neow_bonus":"TEN_PERCENT_HP_BONUS","is_prod":false,"is_daily":false,"chose_seed":false,"campfire_upgraded":4,"win_rate":0,"timestamp":1569433377,"path_taken":["M","M","M","M","M","R","?","?","T","M","R","M","?","M","R","BOSS","M","?","$","M","M","R","M","?","T","E","M"],"build_version":"2019-07-17","purchased_purges":1,"victory":false,"max_hp_per_floor":[82,82,82,82,82,82,82,82,82,82,82,82,87,87,87,87,87,87,87,87,87,87,87,87,87,87,87,87],"card_choices":[{"not_picked":["Ball Lightning","Redo"],"picked":"Loop","floor":1.0},{"not_picked":["Steam","Cold Snap"],"picked":"Double Energy","floor":2.0},{"not_picked":["Redo","Auto Shields"],"picked":"Compile Driver","floor":3.0},{"not_picked":["Steam","Blizzard"],"picked":"Turbo","floor":4.0},{"not_picked":["Gash","Buffer"],"picked":"Genetic Algorithm","floor":5.0},{"not_picked":["Leap","Turbo"],"picked":"Doom and Gloom","floor":10.0},{"not_picked":["Hologram","Redo"],"picked":"Recycle","floor":12.0},{"not_picked":["Melter","Compile Driver"],"picked":"Self Repair","floor":14.0},{"not_picked":["Hyperbeam","Machine Learning"],"picked":"Biased Cognition","floor":16.0},{"not_picked":["Sunder+1","Compile Driver"],"picked":"Auto Shields+1","floor":18.0},{"not_picked":["Coolheaded","Doom and Gloom"],"picked":"Consume","floor":21.0},{"not_picked":["Streamline","Sweeping Beam"],"picked":"Stack+1","floor":22.0},{"not_picked":["Consume+1","Steam Power"],"picked":"Defragment+1","floor":24.0},{"not_picked":["Fusion","Leap+1"],"picked":"Ball Lightning","floor":25.0},{"not_picked":["Beam Cell","Steam"],"picked":"Tempest+1","floor":27.0},{"not_picked":["Rainbow","Streamline+1","Hologram","Beam Cell"],"picked":"SKIP","floor":28}],"player_experience":170305,"relics_obtained":[{"floor":27.0,"key":"Question Card"}],"event_choices":[{"cards_removed":["Strike_B"],"damage_healed":0.0,"max_hp_gain":0.0,"max_hp_loss":0.0,"gold_gain":0.0,"event_name":"The Cleric","player_choice":"Card Removal","floor":7.0,"gold_loss":50.0,"damage_taken":0.0},{"damage_healed":0.0,"max_hp_gain":0.0,"max_hp_loss":0.0,"gold_gain":0.0,"event_name":"Liars Game","player_choice":"Ignored","floor":8.0,"gold_loss":0.0,"damage_taken":0.0},{"damage_healed":0.0,"max_hp_gain":5.0,"max_hp_loss":0.0,"gold_gain":0.0,"event_name":"Big Fish","player_choice":"Donut","floor":13.0,"gold_loss":0.0,"damage_taken":0.0},{"damage_healed":0.0,"max_hp_gain":0.0,"max_hp_loss":0.0,"gold_gain":100.0,"event_name":"The Joust","player_choice":"Bet on Murderer","floor":19.0,"gold_loss":50.0,"damage_taken":0.0}],"is_beta":false,"boss_relics":[{"not_picked":["Orrery","Eternal Feather","Runic Dome"]}],"items_purged_floors":[20],"is_endless":false,"potions_floor_spawned":[2,3,10,14,16,21,22,28],"killed_by":"Chosen and Byrds","ascension_level":0}