{"gold_per_floor":[118,137,87,12,25,57,57,75,144,144,144,21,21,21,21,121,121,132,382,472,484,500,500,500],"floor_reached":24,"playtime":659,"items_purged":["Defend_R","Strike_R"],"score":194,"play_id":"82fa7098-ec9c-4ed4-8079-e239e342e6be","local_time":"20180719231218","is_ascension_mode":false,"campfire_choices":[{"data":"Inflame","floor":7,"key":"SMITH"},{"data":"Headbutt","floor":11,"key":"SMITH"},{"data":"Flex","floor":15,"key":"SMITH"},{"data":"Limit Break","floor":23,"key":"SMITH"}],"neow_cost":"NONE","seed_source_timestamp":462542825184000,"circlet_count":0,"master_deck":["Strike_R","Strike_R","Strike_R","Defend_R","Defend_R","Defend_R","Bash+1","Immolate","Twin Strike","Thunderclap","Inflame+1","Headbutt+1","Flex+1","Battle Trance","Limit Break+1","Dual Wield","Regret","Flex+1"],"relics":["Black Blood","Bird Faced Urn","Kunai"],"potions_floor_usage":[16,16,21],"damage_taken":[{"damage":1,"enemies":"Cultist","floor":1,"turns":3},{"damage":3,"enemies":"Small Slimes","floor":2,"turns":2},{"damage":8,"enemies":"Jaw Worm","floor":5,"turns":3},{"damage":24,"enemies":"3 Sentries","floor":6,"turns":5},{"damage":14,"enemies":"Blue Slaver","floor":8,"turns":3},{"damage":28,"enemies":"The Guardian","floor":16,"turns":6},{"damage":10,"enemies":"Spheric Guardian","floor":18,"turns":3},{"damage":20,"enemies":"2 Thieves","floor":21,"turns":2},{"damage":32,"enemies":"Centurion and Healer","floor":22,"turns":5},{"damage":42,"enemies":"Gremlin Leader","floor":24,"turns":4}],"seed_played":"-2149416633118809204","potions_obtained":[{"floor":1,"key":"SteroidPotion"},{"floor":8,"key":"Block Potion"},{"floor":22,"key":"GamblersBrew"}],"is_trial":false,"path_per_floor":["M","M","?","$","M","E","R","M","T","?","R","$","?","$","R","B",null,"M","?","?","M","M","R"],"character_chosen":"IRONCLAD","items_purchased":["Flex"],"campfire_rested":0,"item_purchase_floors":[12],"current_hp_per_floor":[80,80,80,80,78,60,60,54,54,54,54,54,54,54,54,34,80,80,80,56,51,31,31,0],"gold":500,"neow_bonus":"ONE_RANDOM_RARE_CARD","is_prod":false,"is_daily":false,"chose_seed":false,"campfire_upgraded":4,"win_rate":0.0,"timestamp":1532031138,"path_taken":["M","M","?","$","M","E","R","M","T","?","R","$","?","?","R","BOSS","M","?","?","M","M","R","E"],"build_version":"2018-07-12","purchased_purges":2,"victory":false,"max_hp_per_floor":[80,80,80,80,80,80,80,80,80,80,80,80,80,80,80,80,80,80,80,80,85,85,85,85],"card_choices":[{"not_picked":["Pommel Strike","Warcry"],"picked":"Twin Strike","floor":1},{"not_picked":["Sword Boomerang","Feel No Pain"],"picked":"Thunderclap","floor":2},{"not_picked":["Warcry","Body Slam","Feel No Pain"],"picked":"SKIP","floor":5},{"not_picked":["Shockwave","Pummel"],"picked":"Inflame","floor":6},{"not_picked":["Body Slam","Berserk"],"picked":"Headbutt","floor":8},{"not_picked":["Juggernaut","Dark Embrace"],"picked":"Limit Break","floor":16},{"not_picked":["Corruption","Perfected Strike"],"picked":"Dual Wield","floor":18},{"not_picked":["Warcry","Clash+1"],"picked":"Flex+1","floor":21},{"not_picked":["Clothesline","Fire Breathing","Cleave+1"],"picked":"SKIP","floor":22}],"player_experience":110212,"relics_obtained":[{"floor":6,"key":"Bird Faced Urn"},{"floor":9,"key":"Kunai"}],"event_choices":[{"event_name":"The Cleric","player_choice":"Card Removal","floor":3,"damage_taken":0},{"event_name":"Upgrade Shrine","player_choice":"Upgraded","floor":10,"damage_taken":0},{"event_name":"Match and Keep!","player_choice":"1 cards matched","floor":13,"damage_taken":0},{"event_name":"Golden Shrine","player_choice":"Desecrate","floor":19,"damage_taken":0},{"event_name":"Knowing Skull","player_choice":"POTION GOLD ","floor":20,"damage_taken":0}],"boss_relics":[{"not_picked":["Empty Cage","Philosopher\u0027s Stone"],"picked":"Black Blood"}],"items_purged_floors":[4,12],"is_endless":false,"potions_floor_spawned":[1,8,22],"killed_by":"Gremlin Leader","ascension_level":0}