{"gold_per_floor":[112,112,127,138,138,138,166,181,204,204,284,284,91,121,121,222,222,237,237,256,256,273,304,304,339,339,264,294,294,314,314,314,412,412,425,443,443,493,493,518,518,551,575,593,622,645,675,727,727,727,727,727,133,160,160],"floor_reached":56,"playtime":4667,"items_purged":["Defend_G","Defend_G"],"score":2158,"play_id":"1a83ffb8-dbb2-4434-a5b0-0b61f203f7e1","local_time":"20191026104426","is_ascension_mode":true,"campfire_choices":[{"data":"Poisoned Stab","floor":6,"key":"SMITH"},{"data":"Dash","floor":10,"key":"SMITH"},{"data":"Footwork","floor":12,"key":"SMITH"},{"data":"Leg Sweep","floor":15,"key":"SMITH"},{"data":"Noxious Fumes","floor":29,"key":"SMITH"},{"data":"Well Laid Plans","floor":32,"key":"SMITH"},{"floor":41,"key":"REST"},{"floor":49,"key":"RECALL"},{"data":"Calculated Gamble","floor":52,"key":"SMITH"}],"neow_cost":"NONE","seed_source_timestamp":1300242218119500,"circlet_count":0,"master_deck":["AscendersBane","Defend_G","Survivor","Neutralize+1","Poisoned Stab+1","Footwork+1","Dash+1","Acrobatics","Leg Sweep+1","Finisher","Corpse Explosion","PiercingWail+1","Slice+1","Deflect+1","Noxious Fumes+1","Well Laid Plans+1","Infinite Blades","Backflip+1","Dodge and Roll+1","Burst","Bullet Time","Good Instincts","Flash of Steel","Escape Plan","Cloak And Dagger+1","Blur+1","Calculated Gamble+1","Deflect+1","PiercingWail"],"relics":["Ring of the Snake","Omamori","Ornamental Fan","Juzu Bracelet","Nloth\u0027s Gift","Snake Skull","Tough Bandages","Peace Pipe","Vajra","Letter Opener","Runic Pyramid","Ice Cream","Dream Catcher","Toy Ornithopter","Oddly Smooth Stone","Blood Vial","Pen Nib","Happy Flower","TungstenRod","War Paint","ClockworkSouvenir","Lantern","Bag of Preparation"],"potions_floor_usage":[7,8,16,23,25,25,45,48,55,55],"damage_taken":[{"damage":0,"enemies":"Jaw Worm","floor":1,"turns":5},{"damage":0,"enemies":"Cultist","floor":3,"turns":3},{"damage":3,"enemies":"Small Slimes","floor":4,"turns":4},{"damage":6,"enemies":"Gremlin Nob","floor":7,"turns":5},{"damage":0,"enemies":"Gremlin Gang","floor":8,"turns":6},{"damage":1,"enemies":"Lagavulin","floor":14,"turns":8},{"damage":29,"enemies":"Hexaghost","floor":16,"turns":14},{"damage":0,"enemies":"3 Byrds","floor":18,"turns":4},{"damage":0,"enemies":"Chosen","floor":20,"turns":6},{"damage":0,"enemies":"Centurion and Healer","floor":22,"turns":7},{"damage":13,"enemies":"Gremlin Leader","floor":23,"turns":8},{"damage":23,"enemies":"Book of Stabbing","floor":25,"turns":7},{"damage":0,"enemies":"Gremlin Leader","floor":28,"turns":8},{"damage":6,"enemies":"Sentry and Sphere","floor":30,"turns":6},{"damage":23,"enemies":"Automaton","floor":33,"turns":11},{"damage":0,"enemies":"3 Shapes","floor":35,"turns":5},{"damage":0,"enemies":"3 Darklings","floor":36,"turns":4},{"damage":0,"enemies":"Mind Bloom Boss Battle","floor":38,"turns":7},{"damage":0,"enemies":"Nemesis","floor":40,"turns":7},{"damage":2,"enemies":"Reptomancer","floor":42,"turns":7},{"damage":1,"enemies":"Sphere and 2 Shapes","floor":44,"turns":4},{"damage":0,"enemies":"Giant Head","floor":45,"turns":10},{"damage":0,"enemies":"Reptomancer","floor":47,"turns":7},{"damage":7,"enemies":"2 Orb Walkers","floor":48,"turns":6},{"damage":0,"enemies":"Awakened One","floor":50,"turns":17},{"damage":5,"enemies":"Shield and Spear","floor":54,"turns":7},{"damage":13,"enemies":"The Heart","floor":55,"turns":14}],"seed_played":"4512981974152017728","potions_obtained":[{"floor":3,"key":"EssenceOfSteel"},{"floor":4,"key":"Energy Potion"},{"floor":7,"key":"Swift Potion"},{"floor":16,"key":"ColorlessPotion"},{"floor":23,"key":"CultistPotion"},{"floor":28,"key":"Swift Potion"},{"floor":30,"key":"LiquidMemories"},{"floor":45,"key":"FearPotion"},{"floor":54,"key":"DistilledChaos"}],"is_trial":false,"path_per_floor":["M","?","M","M","?","R","E","M","T","R","T","R","$","E","R","B",null,"M","?","M","?","M","E","?","E","T","?","E","R","M","?","R","B",null,"M","M","?","?","?","E","R","E","T","M","E","T","E","?","R","B",null,"R","$","E","B",null],"character_chosen":"THE_SILENT","items_purchased":["Leg Sweep","Fire Potion","War Paint","ClockworkSouvenir","Lantern","Strength Potion"],"campfire_rested":1,"item_purchase_floors":[13,13,53,53,53,53],"current_hp_per_floor":[63,63,63,60,60,60,54,54,54,54,54,54,54,53,53,24,59,59,59,59,59,59,46,69,46,46,46,46,46,40,40,40,17,57,57,57,57,57,52,52,70,68,68,67,70,70,70,63,63,65,69,69,69,65,57],"gold":160,"neow_bonus":"REMOVE_CARD","is_prod":false,"is_daily":false,"chose_seed":false,"campfire_upgraded":7,"win_rate":0,"timestamp":1572083066,"path_taken":["M","?","?","M","?","R","E","?","T","R","?","R","$","E","R","BOSS","M","?","M","?","M","E","?","E","T","?","E","R","M","?","R","BOSS","M","M","?","?","?","E","R","E","T","M","E","?","E","?","R","BOSS","R","$","E","BOSS"],"build_version":"2019-10-25-V3","purchased_purges":2,"victory":true,"max_hp_per_floor":[70,70,70,70,70,70,70,70,70,70,70,70,70,70,70,70,70,70,70,70,70,70,70,70,70,70,70,70,70,70,70,70,70,70,70,70,70,70,70,70,70,70,70,70,70,70,70,70,70,70,70,70,70,70,70],"card_choices":[{"not_picked":["Blade Dance","Flying Knee"],"picked":"Poisoned Stab","floor":1},{"not_picked":["Leg Sweep","Masterful Stab"],"picked":"Footwork","floor":3},{"not_picked":["Deflect","Backflip"],"picked":"Dash","floor":4},{"not_picked":["Underhanded Strike","Doppelganger","Choke"],"picked":"SKIP","floor":7},{"not_picked":["Sucker Punch","Distraction"],"picked":"Acrobatics","floor":8},{"not_picked":["Slice","PiercingWail"],"picked":"Finisher","floor":14},{"not_picked":["Envenom","Grand Finale"],"picked":"Corpse Explosion","floor":16},{"not_picked":["Masterful Stab","Quick Slash"],"picked":"Deflect+1","floor":18},{"not_picked":["Underhanded Strike","Sucker Punch"],"picked":"Noxious Fumes","floor":20},{"not_picked":["Caltrops","Dagger Spray"],"picked":"Well Laid Plans","floor":22},{"not_picked":["Unload","Die Die Die","Finisher"],"picked":"SKIP","floor":23},{"not_picked":["Flying Knee","Finisher"],"picked":"Infinite Blades","floor":25},{"not_picked":["Eviscerate","Phantasmal Killer"],"picked":"Backflip","floor":28},{"not_picked":["Choke","PiercingWail+1"],"picked":"Dodge and Roll+1","floor":30},{"not_picked":["Doppelganger","Grand Finale"],"picked":"Burst","floor":33},{"not_picked":["Quick Slash","Cloak And Dagger","Predator"],"picked":"SKIP","floor":35},{"not_picked":["Quick Slash","Accuracy"],"picked":"Bullet Time","floor":36},{"not_picked":["Impatience","Secret Weapon"],"picked":"Good Instincts","floor":39},{"not_picked":["Forethought","The Bomb"],"picked":"Flash of Steel","floor":39},{"not_picked":["Underhanded Strike+1","Grand Finale"],"picked":"Escape Plan","floor":40},{"not_picked":["Underhanded Strike","Crippling Poison"],"picked":"Cloak And Dagger+1","floor":41},{"not_picked":["Doppelganger","Bouncing Flask"],"picked":"Blur","floor":42},{"not_picked":["Footwork","Predator"],"picked":"Calculated Gamble","floor":44},{"not_picked":["Doppelganger","Deflect+1","Bane+1"],"picked":"SKIP","floor":45},{"not_picked":["Doppelganger","Bane+1"],"picked":"Deflect+1","floor":45},{"not_picked":["Blade Dance","Infinite Blades+1","Venomology"],"picked":"SKIP","floor":47},{"not_picked":["Dodge and Roll","Underhanded Strike"],"picked":"PiercingWail","floor":48},{"not_picked":["Heel Hook","Phantasmal Killer","Bullet Time"],"picked":"SKIP","floor":54}],"player_experience":1678462,"relics_obtained":[{"floor":7,"key":"Omamori"},{"floor":11,"key":"Ornamental Fan"},{"floor":14,"key":"Juzu Bracelet"},{"floor":23,"key":"Snake Skull"},{"floor":25,"key":"Tough Bandages"},{"floor":26,"key":"Peace Pipe"},{"floor":28,"key":"Vajra"},{"floor":38,"key":"Ice Cream"},{"floor":40,"key":"Dream Catcher"},{"floor":42,"key":"Toy Ornithopter"},{"floor":43,"key":"Oddly Smooth Stone"},{"floor":45,"key":"Blood Vial"},{"floor":46,"key":"Pen Nib"},{"floor":47,"key":"Happy Flower"},{"floor":48,"key":"TungstenRod"},{"floor":54,"key":"Bag of Preparation"}],"event_choices":[{"damage_healed":0,"gold_gain":0,"player_choice":"Upgraded","damage_taken":0,"max_hp_gain":0,"max_hp_loss":0,"event_name":"Upgrade Shrine","floor":2,"gold_loss":0,"cards_upgraded":["Neutralize"]},{"cards_removed":["Strike_G"],"damage_healed":0,"gold_gain":0,"player_choice":"Offered Basic","damage_taken":0,"max_hp_gain":0,"max_hp_loss":0,"event_name":"Bonfire Elementals","floor":5,"gold_loss":0},{"cards_removed":["Defend_G"],"damage_healed":0,"gold_gain":0,"player_choice":"Elegance","damage_taken":0,"max_hp_gain":0,"max_hp_loss":0,"event_name":"Back to Basics","floor":19,"gold_loss":0},{"damage_healed":0,"gold_gain":0,"player_choice":"Traded Relic","damage_taken":0,"relics_obtained":["Nloth\u0027s Gift"],"max_hp_gain":0,"max_hp_loss":0,"event_name":"N\u0027loth","floor":21,"relics_lost":["Astrolabe"],"gold_loss":0},{"damage_healed":23,"gold_gain":0,"player_choice":"Heal","damage_taken":0,"max_hp_gain":0,"max_hp_loss":0,"event_name":"The Library","floor":24,"gold_loss":0},{"cards_removed":["Strike_G"],"damage_healed":0,"gold_gain":0,"player_choice":"Gave Gold","damage_taken":0,"max_hp_gain":0,"max_hp_loss":0,"event_name":"Beggar","floor":27,"gold_loss":75},{"damage_healed":0,"gold_gain":0,"player_choice":"Stole Relic","damage_taken":0,"relics_obtained":["Letter Opener"],"max_hp_gain":0,"max_hp_loss":0,"event_name":"Addict","floor":31,"gold_loss":0,"cards_obtained":["Shame"]},{"cards_removed":["Skewer"],"damage_healed":0,"gold_gain":0,"player_choice":"Removed Attack","damage_taken":0,"max_hp_gain":0,"max_hp_loss":0,"event_name":"Falling","floor":37,"gold_loss":0},{"damage_healed":0,"gold_gain":0,"player_choice":"Fight","damage_taken":0,"max_hp_gain":0,"max_hp_loss":0,"event_name":"MindBloom","floor":38,"gold_loss":0},{"damage_healed":0,"gold_gain":0,"player_choice":"Memory 2","damage_taken":5,"max_hp_gain":0,"max_hp_loss":0,"event_name":"SensoryStone","floor":39,"gold_loss":0},{"damage_healed":0,"gold_gain":0,"player_choice":"Fight","damage_taken":0,"max_hp_gain":0,"max_hp_loss":0,"event_name":"Mysterious Sphere","floor":48,"gold_loss":0}],"is_beta":true,"boss_relics":[{"not_picked":["Coffee Dripper","Calling Bell"],"picked":"Astrolabe"},{"not_picked":["Runic Dome","Empty Cage"],"picked":"Runic Pyramid"}],"items_purged_floors":[13,53],"is_endless":false,"potions_floor_spawned":[3,4,7,16,18,23,28,30,33,36,44,45,47,54],"ascension_level":12}