{"gold_per_floor":[115,190,209,13,28,54,54,88,112,112,129,129,129,20,20,120,120,140,151,151],"floor_reached":20,"playtime":787,"items_purged":["Strike_G"],"score":273,"play_id":"7ebf3106-f3c0-4699-85dd-bff80fe9e98c","local_time":"20191021194656","is_ascension_mode":true,"campfire_choices":[{"floor":7,"key":"REST"},{"floor":10,"key":"REST"},{"floor":12,"key":"REST"},{"data":"Noxious Fumes","floor":15,"key":"SMITH"}],"neow_cost":"NONE","seed_source_timestamp":0,"circlet_count":0,"master_deck":["AscendersBane","Strike_G","Strike_G","Strike_G","Strike_G","Defend_G","Defend_G","Defend_G","Defend_G","Defend_G","Survivor","Neutralize","Endless Agony","Poisoned Stab","Sucker Punch","Deflect","Dodge and Roll","Noxious Fumes+1","Malaise","PiercingWail"],"special_seed":0,"relics":["Ring of the Snake","NeowsBlessing","Chemical X","Vajra","Orichalcum","Art of War","Mercury Hourglass","Fusion Hammer"],"potions_floor_usage":[6,8,19],"damage_taken":[{"damage":0.0,"enemies":"Small Slimes","floor":1.0,"turns":1.0},{"damage":0,"enemies":"Cultist","floor":3,"turns":1},{"damage":0,"enemies":"2 Louse","floor":5,"turns":1},{"damage":36,"enemies":"Gremlin Nob","floor":6,"turns":5},{"damage":28,"enemies":"Lagavulin","floor":8,"turns":9},{"damage":22,"enemies":"Gremlin Gang","floor":11,"turns":4},{"damage":14,"enemies":"The Guardian","floor":16,"turns":12},{"damage":16,"enemies":"Spheric Guardian","floor":18,"turns":4},{"damage":13,"enemies":"2 Thieves","floor":19,"turns":4},{"damage":31,"enemies":"Sentry and Sphere","floor":20,"turns":7}],"seed_played":"1927734049250159650","potions_obtained":[{"floor":1.0,"key":"Block Potion"},{"floor":5,"key":"GamblersBrew"},{"floor":6,"key":"Weak Potion"},{"floor":16,"key":"FearPotion"},{"floor":18,"key":"SkillPotion"}],"is_trial":false,"path_per_floor":["M","?","M","$","M","E","R","E","T","R","M","R","?","$","R","B",null,"M","M","M"],"character_chosen":"THE_SILENT","items_purchased":["Chemical X","Noxious Fumes"],"campfire_rested":3,"item_purchase_floors":[4,14],"current_hp_per_floor":[63,56,56,56,56,20,41,13,13,34,12,33,33,33,33,19,57,41,28,0],"gold":151,"neow_bonus":"THREE_ENEMY_KILL","is_prod":false,"is_daily":false,"chose_seed":false,"campfire_upgraded":1,"win_rate":0,"timestamp":1571712416,"path_taken":["M","?","M","$","M","E","R","E","T","R","?","R","?","$","R","BOSS","M","M","M"],"build_version":"2019-07-17","purchased_purges":1,"victory":false,"max_hp_per_floor":[70,70,70,70,70,70,70,70,70,70,70,70,70,70,70,70,70,70,70,70],"card_choices":[{"not_picked":["Blade Dance","Calculated Gamble"],"picked":"Endless Agony","floor":1.0},{"not_picked":["Flying Knee","Blur"],"picked":"Poisoned Stab","floor":3},{"not_picked":["Cloak And Dagger","Sucker Punch","Backflip"],"picked":"SKIP","floor":5},{"not_picked":["Cloak And Dagger","Backflip"],"picked":"Sucker Punch","floor":5},{"not_picked":["Heel Hook","Quick Slash"],"picked":"Deflect","floor":6},{"not_picked":["Deflect","Eviscerate","Concentrate"],"picked":"SKIP","floor":8},{"not_picked":["Quick Slash","Bane"],"picked":"Dodge and Roll","floor":11},{"not_picked":["Glass Knife","Grand Finale"],"picked":"Malaise","floor":16},{"not_picked":["Infinite Blades","Outmaneuver+1","Bane"],"picked":"SKIP","floor":18},{"not_picked":["Infinite Blades","Finisher"],"picked":"PiercingWail","floor":19}],"player_experience":416686,"relics_obtained":[{"floor":6,"key":"Vajra"},{"floor":8,"key":"Orichalcum"},{"floor":9,"key":"Art of War"}],"event_choices":[{"damage_healed":0,"gold_gain":75,"player_choice":"Touch","damage_taken":7,"max_hp_gain":0,"max_hp_loss":0,"event_name":"FaceTrader","floor":2,"gold_loss":0},{"damage_healed":0,"gold_gain":0,"player_choice":"Gave Potion","damage_taken":0,"relics_obtained":["Mercury Hourglass"],"max_hp_gain":0,"max_hp_loss":0,"event_name":"WeMeetAgain","floor":13,"gold_loss":0}],"is_beta":false,"boss_relics":[{"not_picked":["WristBlade","Runic Pyramid"],"picked":"Fusion Hammer"}],"items_purged_floors":[14],"is_endless":false,"potions_floor_spawned":[1,5,6,16,18],"killed_by":"Sentry and Sphere","ascension_level":10}