{"gold_per_floor":[410,429,504,504,314,348,7,38,38,96,96,123,133,162,162,264,264,284,334,347,366,291,324,324,353,433,433,433,458,458,15,15,116,116,129,143,162,162,162,217,217,250,250,250,260,260,287,303,303,303,303,303,203,237,237],"floor_reached":56,"playtime":2869,"items_purged":["Strike_B","Strike_B"],"score":1575,"play_id":"cdeb31dc-f5c1-4519-a063-f8217653a623","local_time":"20190726203326","is_ascension_mode":true,"campfire_choices":[{"floor":11,"key":"REST"},{"floor":15,"key":"REST"},{"data":"Zap","floor":24,"key":"SMITH"},{"data":"Beam Cell","floor":27,"key":"SMITH"},{"floor":32,"key":"REST"},{"floor":41,"key":"DIG"},{"floor":44,"key":"RECALL"},{"floor":49,"key":"DIG"},{"floor":52,"key":"DIG"}],"neow_cost":"TEN_PERCENT_HP_LOSS","seed_source_timestamp":686425003755540,"circlet_count":0,"master_deck":["Strike_B","Defend_B","Defend_B","Defend_B","Defend_B","Zap+1","Dualcast","Reinforced Body","Compile Driver+1","Steam","Cold Snap","FTL","Melter","Beam Cell+1","Sweeping Beam","Echo Form","Machine Learning","FTL","Turbo","Sweeping Beam+1","Steam Power+1","Go for the Eyes+1","Apotheosis","Hyperbeam","Chill+1","Hologram+1","FTL+1","BootSequence+1"],"relics":["Cracked Core","Old Coin","Medical Kit","Unceasing Top","Sling","Lantern","Shovel","Kunai","DataDisk","Black Star","Meat on the Bone","Vajra","Bag of Marbles","Sundial","Shuriken","PreservedInsect","Ice Cream","Bag of Preparation","Busted Crown","Tiny Chest","Symbiotic Virus","Happy Flower","Anchor","Juzu Bracelet","Emotion Chip","Gambling Chip","Strawberry","Pear","Letter Opener","Ornamental Fan"],"potions_floor_usage":[8,14,21,21,23,25,33,55,55,55,55],"damage_taken":[{"damage":0,"enemies":"Small Slimes","floor":1,"turns":2},{"damage":0,"enemies":"2 Louse","floor":2,"turns":2},{"damage":43,"enemies":"3 Sentries","floor":6,"turns":12},{"damage":10,"enemies":"Gremlin Nob","floor":8,"turns":3},{"damage":4,"enemies":"3 Sentries","floor":12,"turns":5},{"damage":0,"enemies":"Cultist","floor":13,"turns":2},{"damage":0,"enemies":"Lagavulin","floor":14,"turns":4},{"damage":8,"enemies":"Slime Boss","floor":16,"turns":10},{"damage":13,"enemies":"Shell Parasite","floor":18,"turns":4},{"damage":0,"enemies":"Spheric Guardian","floor":20,"turns":3},{"damage":7,"enemies":"Shelled Parasite and Fungi","floor":21,"turns":5},{"damage":8,"enemies":"Book of Stabbing","floor":23,"turns":5},{"damage":11,"enemies":"Slavers","floor":25,"turns":4},{"damage":10,"enemies":"Book of Stabbing","floor":29,"turns":4},{"damage":32,"enemies":"Collector","floor":33,"turns":6},{"damage":0,"enemies":"Orb Walker","floor":35,"turns":1},{"damage":0,"enemies":"3 Shapes","floor":36,"turns":2},{"damage":0,"enemies":"Sphere and 2 Shapes","floor":37,"turns":1},{"damage":0,"enemies":"Giant Head","floor":40,"turns":4},{"damage":0,"enemies":"Reptomancer","floor":42,"turns":3},{"damage":0,"enemies":"4 Shapes","floor":45,"turns":3},{"damage":0,"enemies":"Giant Head","floor":47,"turns":5},{"damage":0,"enemies":"Spire Growth","floor":48,"turns":3},{"damage":0,"enemies":"Awakened One","floor":50,"turns":9},{"damage":0,"enemies":"Shield and Spear","floor":54,"turns":3},{"damage":25,"enemies":"The Heart","floor":55,"turns":8}],"seed_played":"5379731062046905864","potions_obtained":[{"floor":1,"key":"FearPotion"},{"floor":12,"key":"PowerPotion"},{"floor":13,"key":"Explosive Potion"},{"floor":16,"key":"Dexterity Potion"},{"floor":18,"key":"SpeedPotion"},{"floor":20,"key":"GamblersBrew"},{"floor":21,"key":"Weak Potion"},{"floor":35,"key":"Block Potion"},{"floor":39,"key":"EntropicBrew"},{"floor":39,"key":"Dexterity Potion"},{"floor":54,"key":"AttackPotion"}],"is_trial":false,"path_per_floor":["M","M","?","?","$","E","$","E","T","?","R","E","M","E","R","B",null,"M","?","M","M","?","E","R","E","T","R","?","E","?","$","R","B",null,"M","M","M","?","?","E","R","E","T","R","M","?","E","M","R","B",null,"R","$","E","B",null],"character_chosen":"DEFECT","items_purchased":["Medical Kit","Sling","Cold Snap","FTL","Bag of Preparation","PowerPotion","Apotheosis"],"campfire_rested":3,"item_purchase_floors":[5,7,7,7,31,31,31],"current_hp_per_floor":[68,68,57,57,57,14,14,4,4,4,24,20,20,20,40,32,68,55,55,55,48,48,40,40,41,41,41,41,43,43,43,63,43,68,68,68,68,68,68,68,68,68,68,68,68,68,68,68,75,75,75,85,85,85,60],"gold":237,"neow_bonus":"ONE_RARE_RELIC","is_prod":false,"is_daily":false,"chose_seed":false,"campfire_upgraded":2,"win_rate":0,"timestamp":1564169606,"path_taken":["M","M","?","?","$","E","$","E","T","?","R","E","M","E","R","BOSS","M","?","?","M","?","E","R","E","T","R","?","E","?","?","R","BOSS","M","M","M","?","?","E","R","E","T","R","M","?","E","M","R","BOSS","R","$","E","BOSS"],"build_version":"2019-07-17","purchased_purges":2,"victory":true,"max_hp_per_floor":[68,68,68,68,68,68,68,68,68,68,68,68,68,68,68,68,68,68,68,68,68,68,68,68,68,68,68,68,68,68,68,68,68,68,68,68,68,68,68,68,68,68,68,68,68,68,68,68,75,75,75,85,85,85,85],"card_choices":[{"not_picked":["Double Energy","Leap"],"picked":"Reinforced Body","floor":1},{"not_picked":["Hologram","Loop"],"picked":"Compile Driver","floor":2},{"not_picked":["Stack","Double Energy"],"picked":"Steam","floor":6},{"not_picked":["Hologram","Gash"],"picked":"Melter","floor":8},{"not_picked":["Compile Driver","Turbo"],"picked":"Beam Cell","floor":12},{"not_picked":["Static Discharge","Leap"],"picked":"Sweeping Beam","floor":13},{"not_picked":["Reinforced Body","Redo"],"picked":"Echo Form","floor":14},{"not_picked":["Multi-Cast","Fission"],"picked":"Machine Learning","floor":16},{"not_picked":["Ball Lightning","Redo+1"],"picked":"FTL","floor":18},{"not_picked":["Sweeping Beam","Rebound+1"],"picked":"Turbo","floor":20},{"not_picked":["Loop","Reboot"],"picked":"Sweeping Beam+1","floor":21},{"not_picked":["Gash","Stack"],"picked":"Steam Power+1","floor":23},{"not_picked":["Streamline","Gash"],"picked":"Go for the Eyes+1","floor":25},{"not_picked":["Doom and Gloom","Go for the Eyes","Rebound"],"picked":"SKIP","floor":29},{"not_picked":["Biased Cognition","Reboot"],"picked":"Hyperbeam","floor":33},{"not_picked":[],"picked":"Chill+1","floor":35},{"not_picked":["Scrape"],"picked":"SKIP","floor":36},{"not_picked":[],"picked":"Hologram+1","floor":37},{"not_picked":["Rip and Tear+1"],"picked":"SKIP","floor":40},{"not_picked":[],"picked":"FTL+1","floor":42},{"not_picked":["Doom and Gloom+1"],"picked":"SKIP","floor":45},{"not_picked":[],"picked":"BootSequence+1","floor":47},{"not_picked":["Ball Lightning+1"],"picked":"SKIP","floor":48},{"not_picked":["Fission"],"picked":"SKIP","floor":54},{"not_picked":["Fission"],"picked":"SKIP","floor":54}],"player_experience":1749926,"relics_obtained":[{"floor":6,"key":"Unceasing Top"},{"floor":8,"key":"Lantern"},{"floor":9,"key":"Shovel"},{"floor":12,"key":"Kunai"},{"floor":14,"key":"DataDisk"},{"floor":23,"key":"Meat on the Bone"},{"floor":23,"key":"Vajra"},{"floor":25,"key":"Bag of Marbles"},{"floor":25,"key":"Sundial"},{"floor":26,"key":"Shuriken"},{"floor":29,"key":"PreservedInsect"},{"floor":29,"key":"Ice Cream"},{"floor":40,"key":"Tiny Chest"},{"floor":40,"key":"Symbiotic Virus"},{"floor":41,"key":"Happy Flower"},{"floor":42,"key":"Anchor"},{"floor":42,"key":"Juzu Bracelet"},{"floor":47,"key":"Emotion Chip"},{"floor":47,"key":"Gambling Chip"},{"floor":49,"key":"Strawberry"},{"floor":52,"key":"Pear"},{"floor":54,"key":"Letter Opener"},{"floor":54,"key":"Ornamental Fan"}],"event_choices":[{"damage_healed":0,"gold_gain":75,"player_choice":"Gather Gold","damage_taken":11,"max_hp_gain":0,"max_hp_loss":0,"event_name":"World of Goop","floor":3,"gold_loss":0},{"damage_healed":0,"gold_gain":0,"player_choice":"Grow","damage_taken":0,"max_hp_gain":0,"max_hp_loss":0,"event_name":"Living Wall","floor":4,"gold_loss":0,"cards_upgraded":["Compile Driver"]},{"damage_healed":0,"gold_gain":58,"player_choice":"Gained Gold","damage_taken":0,"max_hp_gain":0,"max_hp_loss":0,"event_name":"Golden Wing","floor":10,"gold_loss":0},{"damage_healed":0,"gold_gain":100,"player_choice":"Bet on Murderer","damage_taken":0,"max_hp_gain":0,"max_hp_loss":0,"event_name":"The Joust","floor":19,"gold_loss":50},{"cards_removed":["Strike_B"],"damage_healed":0,"gold_gain":0,"player_choice":"Gave Gold","damage_taken":0,"max_hp_gain":0,"max_hp_loss":0,"event_name":"Beggar","floor":22,"gold_loss":75},{"damage_healed":0,"gold_gain":0,"player_choice":"Ignored","damage_taken":0,"max_hp_gain":0,"max_hp_loss":0,"event_name":"Cursed Tome","floor":28,"gold_loss":0},{"damage_healed":0,"gold_gain":0,"player_choice":"Ignored","damage_taken":0,"max_hp_gain":0,"max_hp_loss":0,"event_name":"Vampires","floor":30,"gold_loss":0},{"damage_healed":0,"gold_gain":0,"player_choice":"Memory 1","damage_taken":0,"max_hp_gain":0,"max_hp_loss":0,"event_name":"SensoryStone","floor":38,"gold_loss":0},{"damage_healed":0,"gold_gain":0,"player_choice":"Got Potions","damage_taken":0,"max_hp_gain":0,"max_hp_loss":0,"event_name":"Lab","floor":39,"gold_loss":0},{"damage_healed":0,"gold_gain":0,"player_choice":"Ignored","damage_taken":0,"max_hp_gain":0,"max_hp_loss":0,"event_name":"NoteForYourself","floor":46,"gold_loss":0}],"is_beta":false,"boss_relics":[{"not_picked":["Lizard Tail","Astrolabe"],"picked":"Black Star"},{"not_picked":["Calling Bell","Pandora\u0027s Box"],"picked":"Busted Crown"}],"items_purged_floors":[31,53],"is_endless":false,"potions_floor_spawned":[1,12,13,16,18,20,21,35,42,45,48,54],"ascension_level":1}