{"gold_per_floor":[117,142,21,35,49,77,89,133,145,157,169,181,213,245,257,269],"floor_reached":16,"playtime":506,"items_purged":["Strike_R"],"score":132,"play_id":"0165a4cb-3842-4970-9e97-b7a831ea7c10","local_time":"20190504205828","is_ascension_mode":true,"campfire_choices":[{"data":"Flame Barrier","floor":7,"key":"SMITH"},{"data":"Iron Wave","floor":11,"key":"SMITH"},{"data":"Cleave","floor":15,"key":"SMITH"}],"neow_cost":"NONE","seed_source_timestamp":880431549042400,"circlet_count":0,"master_deck":["Strike_R","Strike_R","Strike_R","Defend_R","Defend_R","Defend_R","Defend_R","Bash","Flame Barrier+1","Iron Wave+1","Cleave+1","Iron Wave+1","Intimidate","Shrug It Off"],"relics":["Burning Blood","Potion Belt","MawBank","Dream Catcher","Nunchaku"],"potions_floor_usage":[6,8,8,16,16],"damage_taken":[{"damage":1,"enemies":"Cultist","floor":1,"turns":4},{"damage":4,"enemies":"Jaw Worm","floor":4,"turns":5},{"damage":0,"enemies":"2 Louse","floor":5,"turns":4},{"damage":42,"enemies":"Lagavulin","floor":6,"turns":8},{"damage":5,"enemies":"3 Sentries","floor":8,"turns":7},{"damage":11,"enemies":"Looter","floor":13,"turns":3},{"damage":0,"enemies":"Lots of Slimes","floor":14,"turns":3},{"damage":57,"enemies":"Slime Boss","floor":16,"turns":11}],"seed_played":"-2812213801263353832","potions_obtained":[{"floor":1,"key":"Fire Potion"},{"floor":5,"key":"Energy Potion"},{"floor":6,"key":"Fire Potion"},{"floor":13,"key":"Fire Potion"},{"floor":14,"key":"Block Potion"}],"is_trial":false,"path_per_floor":["M","T","$","M","M","E","R","E","T","?","R","?","M","M","R","B"],"character_chosen":"IRONCLAD","items_purchased":["Iron Wave"],"campfire_rested":0,"item_purchase_floors":[3],"current_hp_per_floor":[88,88,88,88,88,52,52,53,53,46,46,46,41,47,47,0],"gold":269,"neow_bonus":"TEN_PERCENT_HP_BONUS","is_prod":false,"is_daily":false,"chose_seed":false,"campfire_upgraded":3,"win_rate":0,"timestamp":1556992708,"path_taken":["M","?","$","?","M","E","R","E","T","?","R","?","M","M","R","BOSS"],"build_version":"2019-01-23","purchased_purges":1,"victory":false,"max_hp_per_floor":[88,88,88,88,88,88,88,88,88,88,88,88,88,88,88,88],"card_choices":[{"not_picked":["Searing Blow","True Grit"],"picked":"Flame Barrier","floor":1},{"not_picked":["Searing Blow","Clash","Flex"],"picked":"SKIP","floor":4},{"not_picked":["Second Wind","Blood for Blood"],"picked":"Cleave","floor":5},{"not_picked":["Demon Form","Evolve"],"picked":"Iron Wave","floor":6},{"not_picked":["Perfected Strike","Second Wind","Wild Strike"],"picked":"SKIP","floor":8},{"not_picked":["Fire Breathing","Reckless Charge"],"picked":"Intimidate","floor":13},{"not_picked":["Thunderclap","Corruption"],"picked":"Shrug It Off","floor":14}],"player_experience":346105,"relics_obtained":[{"floor":2,"key":"Potion Belt"},{"floor":6,"key":"MawBank"},{"floor":8,"key":"Dream Catcher"},{"floor":9,"key":"Nunchaku"}],"event_choices":[{"cards_removed":["Strike_R"],"damage_healed":0,"gold_gain":0,"player_choice":"Card Removal","damage_taken":7,"max_hp_gain":0,"max_hp_loss":0,"event_name":"Golden Wing","floor":10,"gold_loss":0},{"damage_healed":0,"gold_gain":0,"player_choice":"Grow","damage_taken":0,"max_hp_gain":0,"max_hp_loss":0,"event_name":"Living Wall","floor":12,"gold_loss":0,"cards_upgraded":["Iron Wave"]}],"is_beta":false,"boss_relics":[],"items_purged_floors":[3],"is_endless":false,"potions_floor_spawned":[1,5,6,13,14],"killed_by":"Slime Boss","ascension_level":4}