{"gold_per_floor":[116,146,146,0,13,44,68,93,93,93,132,132,156,172,172,298,298,316,241,24,43,61,61,99,99,126,161,56,91,112,137,137,256,256,277,277,302,316,329,369,388,428,467,515,527,40,40,59,59,59,59,59,11,55,55],"floor_reached":55,"playtime":2821,"items_purged":["Strike_B","Strike_B"],"score":867,"play_id":"336df167-81bb-4b58-bc58-d762b4675f41","local_time":"20190726194509","is_ascension_mode":true,"campfire_choices":[{"data":"Zap","floor":10,"key":"SMITH"},{"data":"Loop","floor":12,"key":"SMITH"},{"data":"Doom and Gloom","floor":15,"key":"SMITH"},{"floor":23,"key":"REST"},{"data":"Heatsinks","floor":32,"key":"SMITH"},{"floor":49,"key":"RECALL"},{"data":"Barrage","floor":52,"key":"SMITH"}],"neow_cost":"NONE","seed_source_timestamp":683588113314676,"circlet_count":0,"master_deck":["Strike_B","Defend_B","Defend_B","Defend_B","Defend_B","Zap+1","Dualcast","Conserve Battery","Melter","Reinforced Body","Beam Cell","Loop+1","BootSequence","Doom and Gloom+1","Creative AI","Echo Form","Heatsinks+1","Force Field","Self Repair","Glacier","Barrage+1","Coolheaded+1","Compile Driver+1","Electrodynamics","Tempest+1","Go for the Eyes+1","Sweeping Beam","Compile Driver+1","Recycle+1","Static Discharge+1","Machine Learning"],"relics":["Cracked Core","Oddly Smooth Stone","Tiny Chest","Golden Idol","Mummified Hand","Lantern","Dream Catcher","Blood Vial","Philosopher\u0027s Stone","Matryoshka","Pantograph","Omamori","Regal Pillow","Bottled Tornado","Orrery","Meat on the Bone","MawBank","Ancient Tea Set","Prayer Wheel","Vajra","Potion Belt","Medical Kit","Centennial Puzzle"],"potions_floor_usage":[18,18,27,29,29,44,50,54,55,55],"damage_taken":[{"damage":6,"enemies":"Jaw Worm","floor":1,"turns":4},{"damage":0,"enemies":"2 Louse","floor":5,"turns":2},{"damage":12,"enemies":"Gremlin Nob","floor":6,"turns":4},{"damage":0,"enemies":"Cultist","floor":7,"turns":3},{"damage":10,"enemies":"Lagavulin","floor":11,"turns":7},{"damage":6,"enemies":"Blue Slaver","floor":13,"turns":2},{"damage":0,"enemies":"2 Fungi Beasts","floor":14,"turns":3},{"damage":8,"enemies":"The Guardian","floor":16,"turns":9},{"damage":7,"enemies":"3 Byrds","floor":18,"turns":5},{"damage":17,"enemies":"Shell Parasite","floor":21,"turns":5},{"damage":7,"enemies":"Snake Plant","floor":22,"turns":3},{"damage":3,"enemies":"Book of Stabbing","floor":24,"turns":6},{"damage":30,"enemies":"Slavers","floor":27,"turns":4},{"damage":4,"enemies":"Gremlin Leader","floor":29,"turns":5},{"damage":16,"enemies":"Snecko","floor":30,"turns":5},{"damage":2,"enemies":"3 Cultists","floor":31,"turns":5},{"damage":11,"enemies":"Champ","floor":33,"turns":9},{"damage":0,"enemies":"Orb Walker","floor":35,"turns":3},{"damage":0,"enemies":"3 Darklings","floor":37,"turns":3},{"damage":0,"enemies":"4 Shapes","floor":38,"turns":3},{"damage":0,"enemies":"Spire Growth","floor":39,"turns":2},{"damage":27,"enemies":"Nemesis","floor":40,"turns":7},{"damage":1,"enemies":"3 Darklings","floor":41,"turns":3},{"damage":10,"enemies":"Reptomancer","floor":42,"turns":5},{"damage":0,"enemies":"Giant Head","floor":44,"turns":7},{"damage":11,"enemies":"4 Shapes","floor":48,"turns":3},{"damage":50,"enemies":"Awakened One","floor":50,"turns":12},{"damage":12,"enemies":"Shield and Spear","floor":54,"turns":4},{"damage":73,"enemies":"The Heart","floor":55,"turns":5}],"seed_played":"2537623729941204102","potions_obtained":[{"floor":5,"key":"Ancient Potion"},{"floor":11,"key":"Swift Potion"},{"floor":16,"key":"Block Potion"},{"floor":18,"key":"Explosive Potion"},{"floor":27,"key":"Ancient Potion"},{"floor":31,"key":"Swift Potion"},{"floor":37,"key":"Strength Potion"},{"floor":38,"key":"Ancient Potion"},{"floor":44,"key":"Poison Potion"},{"floor":48,"key":"Ancient Potion"}],"is_trial":false,"path_per_floor":["M","?","?","$","M","E","M","T","T","R","E","R","M","M","R","B",null,"M","?","$","M","M","R","E","?","T","E","$","E","M","M","R","B",null,"M","?","M","M","M","E","M","E","T","E","?","$","?","M","R","B",null,"R","$","E","B"],"character_chosen":"DEFECT","items_purchased":["Melter","Echo Form","PowerPotion","Barrage","Block Potion","Vajra","Potion Belt","Medical Kit","Explosive Potion"],"campfire_rested":1,"item_purchase_floors":[4,20,20,28,28,46,46,46,53],"current_hp_per_floor":[69,57,57,57,57,45,45,45,45,45,35,35,31,33,33,27,69,62,62,62,47,42,62,68,68,68,46,46,58,58,69,69,65,69,69,69,69,69,69,49,57,63,63,69,69,69,69,69,69,38,69,69,69,64,0],"gold":55,"neow_bonus":"RANDOM_COMMON_RELIC","is_prod":false,"is_daily":false,"chose_seed":false,"campfire_upgraded":5,"win_rate":0,"timestamp":1564166709,"path_taken":["M","?","?","$","M","E","M","?","T","R","E","R","M","?","R","BOSS","M","?","$","M","M","R","E","?","T","E","$","E","M","M","R","BOSS","M","?","M","M","?","E","M","E","T","E","?","$","?","M","R","BOSS","R","$","E","BOSS"],"build_version":"2019-07-17","purchased_purges":2,"victory":false,"max_hp_per_floor":[75,75,69,69,69,69,69,69,69,69,69,69,69,69,69,69,69,69,69,69,69,69,69,69,69,69,69,69,69,69,69,69,69,69,69,69,69,69,69,69,69,69,69,69,69,69,69,69,69,69,69,69,69,69,69],"card_choices":[{"not_picked":["Go for the Eyes","Cold Snap"],"picked":"Conserve Battery","floor":1},{"not_picked":["Conserve Battery","Hello World"],"picked":"Cold Snap","floor":5},{"not_picked":["Multi-Cast","Lockon"],"picked":"Reinforced Body","floor":6},{"not_picked":["Steam Power","Recycle"],"picked":"Beam Cell","floor":7},{"not_picked":["Barrage","Coolheaded"],"picked":"Loop","floor":11},{"not_picked":["Heatsinks","Auto Shields"],"picked":"BootSequence","floor":13},{"not_picked":["Meteor Strike","Steam"],"picked":"Doom and Gloom","floor":14},{"not_picked":["Meteor Strike","Seek"],"picked":"Creative AI","floor":16},{"not_picked":["Streamline","Blizzard","Gash"],"picked":"SKIP","floor":18},{"not_picked":["Go for the Eyes","Cold Snap"],"picked":"Heatsinks","floor":21},{"not_picked":["Steam","Gash"],"picked":"Force Field","floor":22},{"not_picked":["BootSequence+1","Leap"],"picked":"Self Repair","floor":23},{"not_picked":["Rebound","Capacitor","Steam"],"picked":"SKIP","floor":24},{"not_picked":["Reinforced Body","Conserve Battery"],"picked":"Glacier","floor":27},{"not_picked":["Reboot","Stack"],"picked":"Coolheaded+1","floor":29},{"not_picked":["Sweeping Beam","White Noise"],"picked":"Compile Driver+1","floor":30},{"not_picked":["Auto Shields+1","Conserve Battery","Steam Power+1"],"picked":"SKIP","floor":31},{"not_picked":["Machine Learning","Creative AI"],"picked":"Electrodynamics","floor":33},{"not_picked":["Barrage","Ball Lightning+1"],"picked":"Tempest+1","floor":34},{"not_picked":["Glacier","Stack"],"picked":"Go for the Eyes+1","floor":34},{"not_picked":["Undo","Turbo"],"picked":"Sweeping Beam","floor":34},{"not_picked":["Barrage+1","Cold Snap+1"],"picked":"Compile Driver+1","floor":35},{"not_picked":["Genetic Algorithm","Blizzard+1","Streamline+1"],"picked":"SKIP","floor":37},{"not_picked":["Redo+1","Barrage","Gash+1"],"picked":"SKIP","floor":38},{"not_picked":["Redo","Ball Lightning","Rainbow"],"picked":"SKIP","floor":39},{"not_picked":["Aggregate+1","Barrage"],"picked":"Recycle+1","floor":40},{"not_picked":["Glacier","Compile Driver","Defragment"],"picked":"SKIP","floor":41},{"not_picked":["Barrage+1","Lockon","Cold Snap+1"],"picked":"SKIP","floor":42},{"not_picked":["Force Field","Recycle+1","Conserve Battery+1"],"picked":"SKIP","floor":44},{"not_picked":["Sunder","Beam Cell"],"picked":"Static Discharge+1","floor":48},{"not_picked":["BootSequence","Sweeping Beam","Capacitor"],"picked":"SKIP","floor":48},{"not_picked":["Self Repair","Undo+1"],"picked":"Machine Learning","floor":54}],"player_experience":1747105,"relics_obtained":[{"floor":6,"key":"Mummified Hand"},{"floor":8,"key":"Lantern"},{"floor":9,"key":"Dream Catcher"},{"floor":11,"key":"Blood Vial"},{"floor":24,"key":"Matryoshka"},{"floor":26,"key":"Pantograph"},{"floor":26,"key":"Omamori"},{"floor":27,"key":"Regal Pillow"},{"floor":29,"key":"Bottled Tornado"},{"floor":40,"key":"Meat on the Bone"},{"floor":42,"key":"MawBank"},{"floor":43,"key":"Ancient Tea Set"},{"floor":44,"key":"Prayer Wheel"},{"floor":54,"key":"Centennial Puzzle"}],"event_choices":[{"damage_healed":0,"gold_gain":0,"player_choice":"Success","damage_taken":12,"relics_obtained":["Tiny Chest"],"max_hp_gain":0,"max_hp_loss":0,"event_name":"Scrap Ooze","floor":2,"gold_loss":0},{"damage_healed":0,"gold_gain":0,"player_choice":"Lose Max HP","damage_taken":0,"relics_obtained":["Golden Idol"],"max_hp_gain":0,"max_hp_loss":6,"event_name":"Golden Idol","floor":3,"gold_loss":0},{"cards_removed":["Strike_B"],"damage_healed":0,"gold_gain":0,"player_choice":"Gave Gold","damage_taken":0,"max_hp_gain":0,"max_hp_loss":0,"event_name":"Beggar","floor":19,"gold_loss":75},{"damage_healed":0,"gold_gain":0,"player_choice":"Ignored","damage_taken":0,"max_hp_gain":0,"max_hp_loss":0,"event_name":"The Mausoleum","floor":25,"gold_loss":0},{"damage_healed":0,"gold_gain":0,"player_choice":"Ignored","damage_taken":0,"max_hp_gain":0,"max_hp_loss":0,"event_name":"SecretPortal","floor":36,"gold_loss":0},{"cards_removed":["Cold Snap"],"damage_healed":0,"gold_gain":0,"player_choice":"Removed Attack","damage_taken":0,"max_hp_gain":0,"max_hp_loss":0,"event_name":"Falling","floor":45,"gold_loss":0},{"damage_healed":17,"gold_gain":0,"player_choice":"Writhe","damage_taken":0,"max_hp_gain":0,"max_hp_loss":0,"event_name":"Winding Halls","floor":47,"gold_loss":0,"cards_obtained":["Writhe"]}],"is_beta":false,"boss_relics":[{"not_picked":["Velvet Choker","Runic Dome"],"picked":"Philosopher\u0027s Stone"},{"not_picked":["FrozenCore","Eternal Feather"],"picked":"Orrery"}],"items_purged_floors":[4,20],"is_endless":false,"potions_floor_spawned":[5,11,16,18,22,27,31,37,38,44,48],"killed_by":"The Heart","ascension_level":1}