{"gold_per_floor":[116,126,144,161,179,179,210,210,288,305,305,320,131,162,162,261,261,279,63,163,180,180,180,210,210,235,16,28,28,42,42,42,145,145,163,178,193,211,134,134,161,161,188,213,227,327,327,49,49,49],"floor_reached":50,"playtime":5973,"items_purged":["Strike_R","Perfected Strike","Strike_R","Carnage"],"score":609,"play_id":"9409be5c-1478-40ac-8306-9dc78e0b8e05","local_time":"20190917211750","is_ascension_mode":true,"campfire_choices":[{"data":"Armaments","floor":6.0,"key":"SMITH"},{"data":"True Grit","floor":8.0,"key":"SMITH"},{"data":"Shockwave","floor":11.0,"key":"SMITH"},{"data":"True Grit","floor":15.0,"key":"SMITH"},{"data":"Body Slam","floor":23.0,"key":"SMITH"},{"data":"Inflame","floor":25.0,"key":"SMITH"},{"data":"Rampage","floor":29.0,"key":"SMITH"},{"data":"Battle Trance","floor":32.0,"key":"SMITH"},{"floor":40.0,"key":"RECALL"},{"data":"Exhume","floor":42.0,"key":"SMITH"},{"floor":49.0,"key":"REST"}],"neow_cost":"NONE","seed_source_timestamp":0,"circlet_count":0,"master_deck":["Bash","Shockwave+1","Shrug It Off","Battle Trance","Pommel Strike","Armaments+1","True Grit+1","Rampage+1","Inflame+1","True Grit+1","Reaper","Inflame+1","Battle Trance+1","Body Slam+1","RitualDagger","Evolve+1","Shrug It Off","Bite","Bite","Bite","Bite","Bite","Double Tap","Iron Wave","Exhume+1","Rampage","Parasite","Clothesline+1","Wild Strike+1","Whirlwind","Cleave+1","Demon Form","Seeing Red"],"special_seed":0,"relics":["Burning Blood","PreservedInsect","Tiny Chest","Mummified Hand","Busted Crown","Pandora\u0027s Box","Regal Pillow","Omamori","Dream Catcher","Shovel","Bottled Tornado"],"potions_floor_usage":[50,50],"damage_taken":[{"damage":5.0,"enemies":"Cultist","floor":1.0,"turns":4.0},{"damage":6.0,"enemies":"Small Slimes","floor":2.0,"turns":3.0},{"damage":3.0,"enemies":"2 Louse","floor":3.0,"turns":4.0},{"damage":7.0,"enemies":"Exordium Thugs","floor":4.0,"turns":6.0},{"damage":1.0,"enemies":"Exordium Wildlife","floor":5.0,"turns":4.0},{"damage":17.0,"enemies":"Lagavulin","floor":7.0,"turns":9.0},{"damage":10.0,"enemies":"Large Slime","floor":10.0,"turns":4.0},{"damage":1.0,"enemies":"3 Louse","floor":12.0,"turns":4.0},{"damage":6.0,"enemies":"3 Sentries","floor":14.0,"turns":8.0},{"damage":41.0,"enemies":"The Guardian","floor":16.0,"turns":11.0},{"damage":7.0,"enemies":"2 Thieves","floor":18.0,"turns":4.0},{"damage":0.0,"enemies":"Chosen","floor":21.0,"turns":4.0},{"damage":16.0,"enemies":"Slavers","floor":24.0,"turns":4.0},{"damage":39.0,"enemies":"Snake Plant","floor":28.0,"turns":5.0},{"damage":12.0,"enemies":"Cultist and Chosen","floor":30.0,"turns":5.0},{"damage":37.0,"enemies":"Collector","floor":33.0,"turns":11.0},{"damage":3.0,"enemies":"3 Shapes","floor":35.0,"turns":4.0},{"damage":31.0,"enemies":"3 Darklings","floor":36.0,"turns":6.0},{"damage":24.0,"enemies":"Writhing Mass","floor":37.0,"turns":6.0},{"damage":14.0,"enemies":"Sphere and 2 Shapes","floor":38.0,"turns":4.0},{"damage":8.0,"enemies":"Giant Head","floor":41.0,"turns":5.0},{"damage":68.0,"enemies":"Nemesis","floor":44.0,"turns":7.0},{"damage":3.0,"enemies":"Transient","floor":45.0,"turns":5.0},{"damage":17.0,"enemies":"Mind Bloom Boss Battle","floor":46.0,"turns":5.0},{"damage":130,"enemies":"Awakened One","floor":50,"turns":10}],"seed_played":"-4675331730265758051","potions_obtained":[{"floor":1.0,"key":"BloodPotion"},{"floor":2.0,"key":"SpeedPotion"},{"floor":3.0,"key":"Explosive Potion"},{"floor":7.0,"key":"Energy Potion"},{"floor":14.0,"key":"Ancient Potion"},{"floor":24.0,"key":"EntropicBrew"},{"floor":36.0,"key":"Poison Potion"},{"floor":37.0,"key":"EssenceOfSteel"},{"floor":38.0,"key":"Dexterity Potion"}],"is_trial":false,"path_per_floor":["M","M","M","M","M","R","E","R","T","M","R","M","$","E","R","B",null,"M","$","?","M","?","R","E","R","T","$","M","R","M","?","R","B",null,"M","M","M","M","$","R","E","R","T","E","M","?","T","$","R","B"],"character_chosen":"IRONCLAD","items_purchased":["Rampage","Inflame","Battle Trance","Body Slam","Shrug It Off","Dexterity Potion","Whirlwind","Demon Form","Strength Potion"],"campfire_rested":1,"item_purchase_floors":[13,13,19,19,27,27,39,48,48],"current_hp_per_floor":[80,80,80,79,80,80,69,69,69,65,65,70,70,70,70,35,80,79,79,79,80,74,74,78,78,78,78,54,54,74,74,74,64,80,80,59,49,61,61,61,65,65,65,17,41,33,33,33,72,0],"gold":49,"neow_bonus":"TRANSFORM_CARD","is_prod":false,"is_daily":false,"chose_seed":false,"campfire_upgraded":9,"win_rate":0,"timestamp":1568780270,"path_taken":["M","?","?","M","M","R","E","R","T","M","R","M","$","E","R","BOSS","M","$","?","?","?","R","E","R","T","$","M","R","M","?","R","BOSS","M","M","M","M","$","R","E","R","T","E","M","?","?","$","R","BOSS"],"build_version":"2019-07-17","purchased_purges":4,"victory":false,"max_hp_per_floor":[80,80,80,80,80,80,80,80,80,80,80,80,80,80,80,80,80,80,80,80,80,80,80,80,80,80,80,80,80,80,80,80,80,80,80,80,80,80,80,80,80,80,80,80,80,80,80,80,80,80],"card_choices":[{"not_picked":["Fire Breathing","Perfected Strike"],"picked":"Shockwave","floor":1.0},{"not_picked":["Combust","Seeing Red"],"picked":"Shrug It Off","floor":2.0},{"not_picked":["Flex","Havoc"],"picked":"Battle Trance","floor":3.0},{"not_picked":["Iron Wave","Pummel"],"picked":"Pommel Strike","floor":4.0},{"not_picked":["Corruption","Burning Pact"],"picked":"Armaments","floor":5.0},{"not_picked":["Combust","Reckless Charge"],"picked":"True Grit","floor":7.0},{"not_picked":["Sword Boomerang","Armaments","Corruption"],"picked":"SKIP","floor":10.0},{"not_picked":["Seeing Red","Intimidate","Bludgeon"],"picked":"SKIP","floor":12.0},{"not_picked":["Anger","Combust"],"picked":"True Grit","floor":14.0},{"not_picked":["Dark Embrace","Exhume"],"picked":"Reaper","floor":16.0},{"not_picked":[],"picked":"Inflame+1","floor":18.0},{"not_picked":["True Grit"],"picked":"SKIP","floor":21.0},{"not_picked":[],"picked":"Evolve+1","floor":24.0},{"not_picked":["Flex"],"picked":"SKIP","floor":28.0},{"not_picked":["Bloodletting+1"],"picked":"SKIP","floor":30.0},{"not_picked":[],"picked":"Double Tap","floor":33.0},{"not_picked":["Iron Wave"],"picked":"SKIP","floor":35.0},{"not_picked":["Pummel"],"picked":"SKIP","floor":36.0},{"not_picked":[],"picked":"Clothesline+1","floor":37.0},{"not_picked":[],"picked":"Wild Strike+1","floor":38.0},{"not_picked":["Seeing Red+1"],"picked":"SKIP","floor":41.0},{"not_picked":[],"picked":"Cleave+1","floor":44.0},{"not_picked":["Wild Strike"],"picked":"SKIP","floor":45.0},{"not_picked":[],"picked":"Seeing Red","floor":49.0}],"player_experience":111980,"relics_obtained":[{"floor":7.0,"key":"PreservedInsect"},{"floor":9.0,"key":"Tiny Chest"},{"floor":14.0,"key":"Mummified Hand"},{"floor":24.0,"key":"Blood Vial"},{"floor":41.0,"key":"Regal Pillow"},{"floor":43.0,"key":"Omamori"},{"floor":44.0,"key":"Dream Catcher"},{"floor":46.0,"key":"Shovel"},{"floor":47.0,"key":"Bottled Tornado"}],"event_choices":[{"damage_healed":0.0,"max_hp_gain":0.0,"max_hp_loss":0.0,"gold_gain":100.0,"event_name":"Golden Shrine","player_choice":"Pray","floor":20.0,"gold_loss":0.0,"damage_taken":0.0},{"damage_healed":0.0,"max_hp_gain":0.0,"max_hp_loss":0.0,"gold_gain":0.0,"event_name":"Nest","player_choice":"Joined the Cult","floor":22.0,"gold_loss":0.0,"damage_taken":6.0,"cards_obtained":["RitualDagger"]},{"damage_healed":0.0,"max_hp_gain":0.0,"max_hp_loss":0.0,"gold_gain":0.0,"event_name":"Vampires","player_choice":"Became a vampire (Vial)","floor":31.0,"relics_lost":["Blood Vial"],"gold_loss":0.0,"damage_taken":0.0,"cards_obtained":["Bite","Bite","Bite","Bite","Bite"]},{"damage_healed":0.0,"max_hp_gain":0.0,"max_hp_loss":0.0,"gold_gain":0.0,"event_name":"MindBloom","player_choice":"Fight","floor":46.0,"gold_loss":0.0,"damage_taken":0.0}],"is_beta":false,"boss_relics":[{"not_picked":["Runic Cube","Mark of Pain"],"picked":"Busted Crown"},{"not_picked":["Velvet Choker","Black Star"],"picked":"Pandora\u0027s Box"}],"items_purged_floors":[13,19,27,48],"is_endless":false,"potions_floor_spawned":[1,2,3,5,7,14,24,28,36,37,38,44],"killed_by":"Awakened One","ascension_level":1}