{"gold_per_floor":[112,124,28,41,216,216,246,277,277,277],"floor_reached":10,"playtime":367,"items_purged":[],"score":83,"play_id":"dcf2d2c1-0517-48d4-aa36-d69f4d833615","local_time":"20190926173735","is_ascension_mode":true,"campfire_choices":[{"data":"Rupture","floor":6,"key":"SMITH"}],"neow_cost":"NONE","seed_source_timestamp":1212651363419100,"circlet_count":0,"master_deck":["Strike_R","Strike_R","Strike_R","Strike_R","Strike_R","Defend_R","Defend_R","Defend_R","Defend_R","Bash","Brutality","Uppercut","Inflame","Rupture+1","Perfected Strike","True Grit","Doubt","Ghostly Armor","Rupture"],"relics":["Burning Blood","Odd Mushroom","Pocketwatch","Paper Frog"],"potions_floor_usage":[8],"damage_taken":[{"damage":12,"enemies":"Jaw Worm","floor":1,"turns":4},{"damage":1,"enemies":"Small Slimes","floor":2,"turns":3},{"damage":12,"enemies":"2 Louse","floor":4,"turns":3},{"damage":31,"enemies":"The Mushroom Lair","floor":7,"turns":5},{"damage":53,"enemies":"Lagavulin","floor":8,"turns":7},{"damage":25,"enemies":"Gremlin Nob","floor":10,"turns":3}],"seed_played":"-7190323300803865049","potions_obtained":[{"floor":1,"key":"Regen Potion"},{"floor":4,"key":"Ancient Potion"}],"is_trial":false,"path_per_floor":["M","M","$","M","?","R","?","E","T","E"],"character_chosen":"IRONCLAD","items_purchased":["Rupture","Perfected Strike"],"campfire_rested":0,"item_purchase_floors":[3,3],"current_hp_per_floor":[74,79,79,73,73,73,48,16,16,0],"gold":277,"neow_bonus":"ONE_RANDOM_RARE_CARD","is_prod":false,"is_daily":false,"chose_seed":false,"campfire_upgraded":1,"win_rate":0,"timestamp":1569508655,"path_taken":["M","M","$","M","?","R","?","E","T","E"],"build_version":"2019-07-17","purchased_purges":0,"victory":false,"max_hp_per_floor":[80,80,80,80,80,80,80,80,80,80],"card_choices":[{"not_picked":["Flame Barrier","Sentinel"],"picked":"Uppercut","floor":1},{"not_picked":["Warcry","Clothesline"],"picked":"Inflame","floor":2},{"not_picked":["Pommel Strike","Havoc"],"picked":"True Grit","floor":4},{"not_picked":["Body Slam","Whirlwind"],"picked":"Ghostly Armor","floor":7},{"not_picked":["Battle Trance","Havoc"],"picked":"Rupture","floor":8}],"player_experience":361478,"relics_obtained":[{"floor":7,"key":"Odd Mushroom"},{"floor":8,"key":"Pocketwatch"},{"floor":9,"key":"Paper Frog"}],"event_choices":[{"damage_healed":0,"gold_gain":175,"player_choice":"AGREE","damage_taken":0,"max_hp_gain":0,"max_hp_loss":0,"event_name":"Liars Game","floor":5,"gold_loss":0,"cards_obtained":["Doubt"]},{"damage_healed":0,"gold_gain":0,"player_choice":"Fought Mushrooms","damage_taken":0,"max_hp_gain":0,"max_hp_loss":0,"event_name":"Mushrooms","floor":7,"gold_loss":0}],"is_beta":false,"boss_relics":[],"items_purged_floors":[],"is_endless":false,"potions_floor_spawned":[1,4],"killed_by":"Gremlin Nob","ascension_level":5}