{"gold_per_floor":[111,61,73,73,90,124,124,159,159,159,188,188,2,31,31,126,126,146,159,84,94,117,149,149,179,251,270,305,405,415,431,431,529,529,540,540,193,207,285,341,341,359,411,411,411,240,256,281,281,281,281,281,6,35,35],"floor_reached":56,"playtime":4699,"items_purged":["Strike_R","Strike_R"],"score":1418,"play_id":"ce6947bb-6ead-4986-9919-2a6cbcf9a220","local_time":"20190921220838","is_ascension_mode":true,"campfire_choices":[{"data":"Hemokinesis","floor":7.0,"key":"SMITH"},{"floor":10.0,"key":"REST"},{"data":"Demon Form","floor":12.0,"key":"SMITH"},{"data":"Uppercut","floor":15.0,"key":"SMITH"},{"floor":24.0,"key":"REST"},{"floor":32.0,"key":"RECALL"},{"floor":45.0,"key":"REST"},{"floor":49.0,"key":"REST"},{"floor":52.0,"key":"REST"}],"neow_cost":"NONE","seed_source_timestamp":11827529871000,"circlet_count":0,"master_deck":["Strike_R","Defend_R","Defend_R","Defend_R","Defend_R","Hemokinesis+1","Flex","Dual Wield","Sword Boomerang+1","Intimidate","Demon Form+1","Uppercut+1","Sword Boomerang","Armaments+1","Bloodletting+1","Barricade","Shrug It Off","Armaments+1","Entrench+1","Battle Trance+1","Shrug It Off+1","Seeing Red","Madness","Madness","Seeing Red","Rupture","Heavy Blade+1","Shockwave+1","Evolve","Disarm+1","Flame Barrier","Rage+1"],"special_seed":0,"relics":["Burning Blood","Oddly Smooth Stone","Red Skull","Meat on the Bone","Whetstone","Potion Belt","PreservedInsect","Vajra","Fusion Hammer","Lantern","Bronze Scales","Centennial Puzzle","Ornamental Fan","Magic Flower","Charon\u0027s Ashes","Singing Bowl","Runic Cube","Bag of Preparation","Tiny Chest","Shuriken","Anchor","Boot","Medical Kit","Strawberry"],"potions_floor_usage":[55,55],"damage_taken":[{"damage":4.0,"enemies":"Cultist","floor":1.0,"turns":4.0},{"damage":11.0,"enemies":"2 Louse","floor":3.0,"turns":3.0},{"damage":3.0,"enemies":"Jaw Worm","floor":5.0,"turns":3.0},{"damage":54.0,"enemies":"Gremlin Nob","floor":6.0,"turns":5.0},{"damage":19.0,"enemies":"3 Sentries","floor":8.0,"turns":5.0},{"damage":12.0,"enemies":"Gremlin Nob","floor":11.0,"turns":3.0},{"damage":0.0,"enemies":"Lagavulin","floor":14.0,"turns":4.0},{"damage":32.0,"enemies":"Hexaghost","floor":16.0,"turns":5.0},{"damage":20.0,"enemies":"2 Thieves","floor":18.0,"turns":3.0},{"damage":26.0,"enemies":"3 Byrds","floor":19.0,"turns":5.0},{"damage":11.0,"enemies":"Cultist and Chosen","floor":21.0,"turns":4.0},{"damage":8.0,"enemies":"Gremlin Leader","floor":23.0,"turns":5.0},{"damage":49.0,"enemies":"Slavers","floor":25.0,"turns":3.0},{"damage":2.0,"enemies":"Centurion and Healer","floor":27.0,"turns":1.0},{"damage":10.0,"enemies":"Gremlin Leader","floor":28.0,"turns":3.0},{"damage":9.0,"enemies":"Colosseum Slavers","floor":29.0,"turns":4.0},{"damage":7.0,"enemies":"Colosseum Nobs","floor":29.0,"turns":3.0},{"damage":9.0,"enemies":"Shelled Parasite and Fungi","floor":30.0,"turns":3.0},{"damage":2.0,"enemies":"Snecko","floor":31.0,"turns":2.0},{"damage":31.0,"enemies":"Automaton","floor":33.0,"turns":9.0},{"damage":32.0,"enemies":"3 Darklings","floor":35.0,"turns":6.0},{"damage":0.0,"enemies":"Orb Walker","floor":38.0,"turns":2.0},{"damage":16.0,"enemies":"Reptomancer","floor":40.0,"turns":4.0},{"damage":8.0,"enemies":"Transient","floor":42.0,"turns":5.0},{"damage":11.0,"enemies":"Spire Growth","floor":47.0,"turns":4.0},{"damage":10.0,"enemies":"Giant Head","floor":48.0,"turns":4.0},{"damage":37.0,"enemies":"Donu and Deca","floor":50.0,"turns":7.0},{"damage":9.0,"enemies":"Shield and Spear","floor":54.0,"turns":6.0},{"damage":49,"enemies":"The Heart","floor":55,"turns":7}],"seed_played":"1889357113578470965","potions_obtained":[{"floor":1.0,"key":"Poison Potion"},{"floor":6.0,"key":"BloodPotion"},{"floor":8.0,"key":"SteroidPotion"},{"floor":11.0,"key":"SkillPotion"},{"floor":19.0,"key":"Swift Potion"},{"floor":21.0,"key":"SteroidPotion"},{"floor":23.0,"key":"Ancient Potion"},{"floor":28.0,"key":"AttackPotion"},{"floor":29.0,"key":"GamblersBrew"},{"floor":31.0,"key":"SkillPotion"},{"floor":35.0,"key":"Fruit Juice"},{"floor":47.0,"key":"SmokeBomb"},{"floor":48.0,"key":"Dexterity Potion"}],"is_trial":false,"path_per_floor":["M","?","M","?","M","E","R","E","T","R","E","R","$","E","R","B",null,"M","M","?","M","T","E","R","E","T","M","E","?","M","M","R","B",null,"M","?","$","M","T","E","T","M","T","?","R","$","M","E","R","B",null,"R","$","E","B",null],"character_chosen":"IRONCLAD","items_purchased":["Uppercut","PreservedInsect","Bag of Preparation","Seeing Red","Rupture","Evolve","Medical Kit","Flame Barrier"],"campfire_rested":5,"item_purchase_floors":[13,13,37,37,37,46,53,53],"current_hp_per_floor":[80,80,75,75,78,30,30,17,17,41,47,47,47,53,53,39,80,66,58,58,53,53,51,75,44,44,48,56,58,60,67,67,65,84,61,50,50,61,61,54,54,55,55,55,80,80,78,79,88,68,93,93,93,100,60],"gold":35,"neow_bonus":"RANDOM_COMMON_RELIC","is_prod":false,"is_daily":false,"chose_seed":false,"campfire_upgraded":3,"win_rate":0,"timestamp":1569096518,"path_taken":["M","?","M","?","M","E","R","E","T","R","E","R","?","E","R","BOSS","M","M","?","M","?","E","R","E","T","M","E","?","M","M","R","BOSS","M","?","$","M","?","E","?","?","T","?","R","$","M","E","R","BOSS","R","$","E","BOSS"],"build_version":"2019-07-17","purchased_purges":2,"victory":true,"max_hp_per_floor":[80,80,80,80,80,80,80,80,80,80,80,80,80,80,80,80,80,80,80,80,80,80,80,80,80,80,80,80,80,82,82,82,84,84,84,84,84,86,86,86,86,86,86,86,86,86,86,88,88,93,93,93,93,100,100],"card_choices":[{"not_picked":["Fire Breathing","True Grit"],"picked":"Hemokinesis","floor":1.0},{"not_picked":["Anger","Carnage"],"picked":"Flex","floor":3.0},{"not_picked":["Clothesline","Dropkick"],"picked":"Dual Wield","floor":5.0},{"not_picked":["Bloodletting","Sentinel"],"picked":"Sword Boomerang","floor":6.0},{"not_picked":["Corruption","Clash"],"picked":"Intimidate","floor":8.0},{"not_picked":["Sword Boomerang","Armaments"],"picked":"Demon Form","floor":11.0},{"not_picked":["Warcry","Body Slam"],"picked":"Sword Boomerang","floor":14.0},{"not_picked":["Spot Weakness","Thunderclap"],"picked":"Armaments+1","floor":18.0},{"not_picked":["Sever Soul","Wild Strike+1","Sword Boomerang"],"picked":"SKIP","floor":19.0},{"not_picked":["Sword Boomerang","Clash"],"picked":"Bloodletting+1","floor":21.0},{"not_picked":["Searing Blow","Headbutt"],"picked":"Barricade","floor":23.0},{"not_picked":["Spot Weakness","Warcry"],"picked":"Shrug It Off","floor":25.0},{"not_picked":["True Grit","Blood for Blood+1"],"picked":"Armaments+1","floor":27.0},{"not_picked":["Havoc","Combust+1"],"picked":"Entrench+1","floor":28.0},{"not_picked":["Heavy Blade","Perfected Strike"],"picked":"Battle Trance+1","floor":29.0},{"not_picked":["Body Slam","Anger","Headbutt+1"],"picked":"Singing Bowl","floor":30.0},{"not_picked":["Thunderclap","Wild Strike"],"picked":"Shrug It Off+1","floor":31.0},{"not_picked":["Brutality","Fiend Fire","Berserk"],"picked":"Singing Bowl","floor":33.0},{"not_picked":["Cleave+1","Havoc+1"],"picked":"Seeing Red","floor":35.0},{"not_picked":["Body Slam","Flex","Second Wind+1"],"picked":"Singing Bowl","floor":38.0},{"not_picked":["Iron Wave+1","Clash+1"],"picked":"Heavy Blade+1","floor":40.0},{"not_picked":["Sword Boomerang+1","Reckless Charge+1"],"picked":"Shockwave+1","floor":42.0},{"not_picked":["Barricade","Bloodletting+1"],"picked":"Disarm+1","floor":47.0},{"not_picked":["Cleave","Disarm+1","Iron Wave+1"],"picked":"Singing Bowl","floor":48.0},{"not_picked":["True Grit","Thunderclap"],"picked":"Rage+1","floor":54.0}],"player_experience":127131,"relics_obtained":[{"floor":6.0,"key":"Red Skull"},{"floor":8.0,"key":"Meat on the Bone"},{"floor":9.0,"key":"Whetstone"},{"floor":11.0,"key":"Potion Belt"},{"floor":14.0,"key":"Vajra"},{"floor":22.0,"key":"Lantern"},{"floor":23.0,"key":"Bronze Scales"},{"floor":25.0,"key":"Centennial Puzzle"},{"floor":26.0,"key":"Ornamental Fan"},{"floor":28.0,"key":"Magic Flower"},{"floor":29.0,"key":"Charon\u0027s Ashes"},{"floor":29.0,"key":"Singing Bowl"},{"floor":40.0,"key":"Tiny Chest"},{"floor":41.0,"key":"Shuriken"},{"floor":43.0,"key":"Anchor"},{"floor":48.0,"key":"Boot"},{"floor":54.0,"key":"Strawberry"}],"event_choices":[{"cards_removed":["Strike_R"],"damage_healed":0.0,"max_hp_gain":0.0,"max_hp_loss":0.0,"gold_gain":0.0,"event_name":"The Cleric","player_choice":"Card Removal","floor":2.0,"gold_loss":50.0,"damage_taken":0.0},{"damage_healed":0.0,"max_hp_gain":0.0,"max_hp_loss":0.0,"gold_gain":0.0,"event_name":"Liars Game","player_choice":"Ignored","floor":4.0,"gold_loss":0.0,"damage_taken":0.0},{"cards_removed":["Strike_R"],"damage_healed":0.0,"max_hp_gain":0.0,"max_hp_loss":0.0,"gold_gain":0.0,"event_name":"Beggar","player_choice":"Gave Gold","floor":20.0,"gold_loss":75.0,"damage_taken":0.0},{"damage_healed":0.0,"max_hp_gain":0.0,"max_hp_loss":0.0,"gold_gain":0.0,"event_name":"Colosseum","player_choice":"Fight","floor":29.0,"gold_loss":0.0,"damage_taken":0.0},{"damage_healed":0.0,"max_hp_gain":0.0,"max_hp_loss":0.0,"gold_gain":0.0,"event_name":"Colosseum","player_choice":"Fought Nobs","floor":29.0,"gold_loss":0.0,"damage_taken":0.0},{"damage_healed":0.0,"max_hp_gain":0.0,"max_hp_loss":0.0,"gold_gain":0.0,"event_name":"Winding Halls","player_choice":"Embrace Madness","floor":36.0,"gold_loss":0.0,"damage_taken":11.0,"cards_obtained":["Madness","Madness"]},{"cards_removed":["Bash"],"damage_healed":0.0,"max_hp_gain":0.0,"max_hp_loss":0.0,"gold_gain":0.0,"event_name":"Falling","player_choice":"Removed Attack","floor":44.0,"gold_loss":0.0,"damage_taken":0.0}],"is_beta":false,"boss_relics":[{"not_picked":["Orrery","Astrolabe"],"picked":"Fusion Hammer"},{"not_picked":["Tiny House","Snecko Eye"],"picked":"Runic Cube"}],"items_purged_floors":[37,46],"is_endless":false,"potions_floor_spawned":[1,6,8,11,19,21,23,28,29,31,35,47,48],"ascension_level":2}