{"gold_per_floor":[366,52,52,62,73,107,119,145,168,168,198,198,98,126,126,200,200,219,20,31,31,31,57,57,83,83,83,102,102,112,130,130,201,201,217,227,242,76,176,176],"floor_reached":40,"playtime":2464,"items_purged":["Strike_G","Strike_G","Pain"],"score":857,"play_id":"80708a7b-bbd9-4ec8-abdc-50b710ab919a","local_time":"20191026164827","is_ascension_mode":true,"campfire_choices":[{"data":"Poisoned Stab","floor":10.0,"key":"SMITH"},{"floor":12.0,"key":"REST"},{"data":"Bane","floor":15.0,"key":"SMITH"},{"data":"Envenom","floor":24,"key":"SMITH"},{"floor":27,"key":"REST"},{"data":"Malaise","floor":29,"key":"SMITH"},{"data":"Footwork","floor":32,"key":"SMITH"}],"neow_cost":"TEN_PERCENT_HP_LOSS","seed_source_timestamp":0,"circlet_count":0,"master_deck":["AscendersBane","Survivor","Neutralize","Backstab+1","Footwork+1","Poisoned Stab+1","Catalyst","Cloak And Dagger","Bane+1","Wraith Form v2","Blur","Dagger Throw","Envenom+1","Expertise","Tactician","Infinite Blades","Dagger Throw","Storm of Steel","Envenom","Malaise+1","PiercingWail","Poisoned Stab+1","Well Laid Plans","Leg Sweep","Bouncing Flask","Acrobatics","Backflip","Catalyst","PiercingWail+1","Leg Sweep","Bullet Time","Adrenaline","Crippling Poison+1","Calculated Gamble","Noxious Fumes","Crippling Poison"],"special_seed":0,"relics":["Ring of the Snake","TwistedFunnel","Bottled Flame","Lantern","Pen Nib","Anchor","Ornamental Fan","Pandora\u0027s Box","Snake Skull","WarpedTongs","Regal Pillow","Bag of Preparation","Sozu","Turnip"],"potions_floor_usage":[33,40],"damage_taken":[{"damage":0.0,"enemies":"2 Louse","floor":1.0,"turns":4.0},{"damage":0.0,"enemies":"Jaw Worm","floor":4.0,"turns":3.0},{"damage":0.0,"enemies":"Small Slimes","floor":5.0,"turns":2.0},{"damage":0.0,"enemies":"Gremlin Nob","floor":6.0,"turns":3.0},{"damage":0.0,"enemies":"Red Slaver","floor":7.0,"turns":5.0},{"damage":12.0,"enemies":"3 Sentries","floor":8.0,"turns":10.0},{"damage":22.0,"enemies":"Lagavulin","floor":11.0,"turns":5.0},{"damage":3.0,"enemies":"Gremlin Nob","floor":14.0,"turns":3.0},{"damage":21.0,"enemies":"Slime Boss","floor":16.0,"turns":12.0},{"damage":0.0,"enemies":"2 Thieves","floor":18.0,"turns":4.0},{"damage":6.0,"enemies":"Shell Parasite","floor":20.0,"turns":3.0},{"damage":6,"enemies":"Slavers","floor":23,"turns":6},{"damage":21,"enemies":"Book of Stabbing","floor":25,"turns":3},{"damage":5,"enemies":"Centurion and Healer","floor":28,"turns":4},{"damage":0,"enemies":"Snecko","floor":30,"turns":3},{"damage":4,"enemies":"Cultist and Chosen","floor":31,"turns":4},{"damage":37,"enemies":"Collector","floor":33,"turns":6},{"damage":12,"enemies":"3 Shapes","floor":35,"turns":5},{"damage":3,"enemies":"3 Darklings","floor":36,"turns":3},{"damage":16,"enemies":"Maw","floor":37,"turns":4},{"damage":1,"enemies":"Mind Bloom Boss Battle","floor":39,"turns":4},{"damage":17,"enemies":"Reptomancer","floor":40,"turns":4}],"seed_played":"5400818321833915821","potions_obtained":[{"floor":1.0,"key":"Poison Potion"},{"floor":4.0,"key":"Dexterity Potion"},{"floor":8.0,"key":"Block Potion"},{"floor":11.0,"key":"Fire Potion"},{"floor":16.0,"key":"SmokeBomb"},{"floor":33,"key":"SpeedPotion"}],"is_trial":false,"path_per_floor":["M","$","?","M","M","E","M","E","T","R","E","R","$","E","R","B",null,"M","$","M","?","?","E","R","E","T","R","M","R","M","M","R","B",null,"M","M","M","$","?","E"],"character_chosen":"THE_SILENT","items_purchased":["TwistedFunnel","Footwork","Well Laid Plans","Leg Sweep","Bouncing Flask","Noxious Fumes"],"campfire_rested":2,"item_purchase_floors":[2,2,19,19,19,38],"current_hp_per_floor":[63,63,50,50,50,50,50,38,38,38,16,34,34,31,31,10,50,50,50,44,44,44,38,38,17,17,50,45,45,45,41,41,4,48,36,33,17,17,16,0],"gold":176,"neow_bonus":"TWO_FIFTY_GOLD","is_prod":false,"is_daily":false,"chose_seed":false,"campfire_upgraded":5,"win_rate":0,"timestamp":1572133707,"path_taken":["M","$","?","M","M","E","M","E","T","R","E","R","$","E","R","BOSS","M","$","M","?","?","E","R","E","T","R","M","R","?","M","R","BOSS","M","M","?","$","?","E"],"build_version":"2019-07-17","purchased_purges":3,"victory":false,"max_hp_per_floor":[63,63,63,63,63,63,63,63,63,63,63,63,63,63,63,63,63,63,63,63,63,63,63,63,63,63,63,63,63,63,63,63,63,63,63,63,63,63,63,63],"card_choices":[{"not_picked":["Crippling Poison","All Out Attack"],"picked":"Backstab","floor":1.0},{"not_picked":["Terror","Well Laid Plans"],"picked":"Poisoned Stab","floor":4.0},{"not_picked":["Sucker Punch","Distraction"],"picked":"Catalyst","floor":5.0},{"not_picked":["Quick Slash","Heel Hook"],"picked":"Cloak And Dagger","floor":6.0},{"not_picked":["Cloak And Dagger","Bane","Slice"],"picked":"SKIP","floor":7.0},{"not_picked":["Cloak And Dagger","Slice"],"picked":"Bane","floor":7.0},{"not_picked":["Terror","Caltrops"],"picked":"Wraith Form v2","floor":8.0},{"not_picked":["Underhanded Strike","Cloak And Dagger"],"picked":"Blur","floor":11.0},{"not_picked":["Footwork","Flechettes"],"picked":"Dagger Throw","floor":14.0},{"not_picked":["Bullet Time","Malaise"],"picked":"Envenom","floor":16.0},{"not_picked":["Endless Agony","Flechettes"],"picked":"Poisoned Stab+1","floor":18.0},{"not_picked":["Quick Slash","Blade Dance+1"],"picked":"Acrobatics","floor":20.0},{"not_picked":["Bouncing Flask","Expertise"],"picked":"Backflip","floor":23},{"not_picked":["Tactician","Flying Knee"],"picked":"Catalyst","floor":25},{"not_picked":["Deadly Poison","Deflect"],"picked":"PiercingWail+1","floor":28},{"not_picked":["Dagger Spray","Deadly Poison"],"picked":"Leg Sweep","floor":30},{"not_picked":["Distraction","Blade Dance"],"picked":"Bullet Time","floor":31},{"not_picked":["Tools of the Trade","Wraith Form v2"],"picked":"Adrenaline","floor":33},{"not_picked":["Outmaneuver+1","Sucker Punch"],"picked":"Crippling Poison+1","floor":35},{"not_picked":["Choke","Dagger Throw"],"picked":"Calculated Gamble","floor":36},{"not_picked":["Dagger Throw","Predator","Choke"],"picked":"SKIP","floor":37},{"not_picked":["Dagger Spray+1","Underhanded Strike"],"picked":"Crippling Poison","floor":39}],"player_experience":477226,"relics_obtained":[{"floor":6.0,"key":"Bottled Flame"},{"floor":8.0,"key":"Lantern"},{"floor":9.0,"key":"Pen Nib"},{"floor":11.0,"key":"Anchor"},{"floor":14.0,"key":"Ornamental Fan"},{"floor":23,"key":"Regal Pillow"},{"floor":25,"key":"Bag of Preparation"},{"floor":39,"key":"Turnip"}],"event_choices":[{"damage_healed":0.0,"max_hp_gain":0.0,"max_hp_loss":0.0,"gold_gain":0.0,"event_name":"Shining Light","player_choice":"Entered Light","floor":3.0,"gold_loss":0.0,"damage_taken":13.0,"cards_upgraded":["Strike_G","Backstab"]},{"damage_healed":0.0,"max_hp_gain":0.0,"max_hp_loss":0.0,"gold_gain":0.0,"event_name":"The Mausoleum","player_choice":"Opened","floor":21.0,"gold_loss":0.0,"damage_taken":0.0,"relics_obtained":["Snake Skull"]},{"damage_healed":0.0,"max_hp_gain":0.0,"max_hp_loss":0.0,"gold_gain":0.0,"event_name":"Accursed Blacksmith","player_choice":"Rummage","floor":22.0,"gold_loss":0.0,"damage_taken":0.0,"relics_obtained":["WarpedTongs"],"cards_obtained":["Pain"]},{"damage_healed":0,"gold_gain":0,"player_choice":"Fight","damage_taken":0,"max_hp_gain":0,"max_hp_loss":0,"event_name":"MindBloom","floor":39,"gold_loss":0}],"is_beta":false,"boss_relics":[{"not_picked":["Lizard Tail","Philosopher\u0027s Stone"],"picked":"Pandora\u0027s Box"},{"not_picked":["Eternal Feather","Runic Pyramid"],"picked":"Sozu"}],"items_purged_floors":[2,13,38],"is_endless":false,"potions_floor_spawned":[1,4,8,11,16,18,31,33,35,39],"killed_by":"Reptomancer","ascension_level":13}