{"gold_per_floor":[365,378,388,399,410,443,115,147,147,147,147,178,178,253,253,354,354,374,393,393,404,419,451,451,485,485,514,613,613,645,656,656,752,752,771,790,802,239,257,257,286,286,310,310,326,360,360,20,20,20,20,20,20,53,53],"floor_reached":56,"playtime":2116,"items_purged":["Strike_R","Strike_R","Strike_R"],"score":1407,"play_id":"42b126cb-c41a-449a-891a-7658ab89afa9","local_time":"20190924234956","is_ascension_mode":true,"campfire_choices":[{"data":"Immolate","floor":11,"key":"SMITH"},{"data":"Spot Weakness","floor":13,"key":"SMITH"},{"data":"Limit Break","floor":15,"key":"SMITH"},{"data":"Battle Trance","floor":24,"key":"SMITH"},{"data":"Bash","floor":29,"key":"SMITH"},{"data":"Limit Break","floor":32,"key":"SMITH"},{"data":"Dual Wield","floor":40,"key":"SMITH"},{"data":"Flame Barrier","floor":42,"key":"SMITH"},{"floor":49,"key":"RECALL"},{"data":"Clothesline","floor":52,"key":"SMITH"}],"neow_cost":"PERCENT_DAMAGE","seed_source_timestamp":854469397385000,"circlet_count":0,"master_deck":["Strike_R","Strike_R","Defend_R","Defend_R","Defend_R","Defend_R","Bash+1","Shrug It Off","Anger","Cleave","Clothesline+1","Spot Weakness+1","Immolate+1","Limit Break+1","Limit Break+1","Burning Pact+1","True Grit+1","Iron Wave+1","Evolve+1","Battle Trance+1","Sentinel+1","Flex+1","Reaper","Sword Boomerang+1","Whirlwind+1","Dual Wield+1","Flame Barrier+1","Shockwave+1","Armaments+1"],"relics":["Burning Blood","Orichalcum","Meat on the Bone","Smiling Mask","Gremlin Horn","Strawberry","Velvet Choker","Nilry\u0027s Codex","Bottled Flame","InkBottle","Art of War","Letter Opener","Snecko Eye","Akabeko","ClockworkSouvenir","Blood Vial","The Courier","Juzu Bracelet","Toxic Egg 2","Frozen Eye","Pen Nib","HornCleat"],"potions_floor_usage":[6,12,25,33,54,55,55],"damage_taken":[{"damage":1,"enemies":"Jaw Worm","floor":1,"turns":3},{"damage":0,"enemies":"2 Louse","floor":2,"turns":4},{"damage":5,"enemies":"Small Slimes","floor":3,"turns":5},{"damage":3,"enemies":"Exordium Wildlife","floor":4,"turns":5},{"damage":8,"enemies":"Red Slaver","floor":5,"turns":2},{"damage":14,"enemies":"Gremlin Nob","floor":6,"turns":4},{"damage":14,"enemies":"Lagavulin","floor":8,"turns":5},{"damage":8,"enemies":"3 Sentries","floor":12,"turns":3},{"damage":40,"enemies":"Hexaghost","floor":16,"turns":8},{"damage":6,"enemies":"Shell Parasite","floor":18,"turns":4},{"damage":12,"enemies":"Chosen","floor":19,"turns":5},{"damage":18,"enemies":"Snecko","floor":21,"turns":4},{"damage":0,"enemies":"Centurion and Healer","floor":22,"turns":3},{"damage":8,"enemies":"Book of Stabbing","floor":23,"turns":4},{"damage":25,"enemies":"Slavers","floor":25,"turns":3},{"damage":12,"enemies":"Gremlin Leader","floor":27,"turns":3},{"damage":25,"enemies":"Slavers","floor":30,"turns":4},{"damage":10,"enemies":"Snake Plant","floor":31,"turns":5},{"damage":8,"enemies":"Collector","floor":33,"turns":6},{"damage":21,"enemies":"3 Darklings","floor":35,"turns":3},{"damage":9,"enemies":"Orb Walker","floor":36,"turns":2},{"damage":2,"enemies":"Transient","floor":37,"turns":5},{"damage":12,"enemies":"Maw","floor":39,"turns":4},{"damage":16,"enemies":"Reptomancer","floor":41,"turns":3},{"damage":6,"enemies":"Spire Growth","floor":45,"turns":4},{"damage":50,"enemies":"Nemesis","floor":46,"turns":5},{"damage":20,"enemies":"Time Eater","floor":50,"turns":3},{"damage":0,"enemies":"Shield and Spear","floor":54,"turns":2},{"damage":91,"enemies":"The Heart","floor":55,"turns":8}],"seed_played":"-1359807177275150034","potions_obtained":[{"floor":3,"key":"Regen Potion"},{"floor":4,"key":"SmokeBomb"},{"floor":5,"key":"SteroidPotion"},{"floor":6,"key":"SpeedPotion"},{"floor":12,"key":"Regen Potion"},{"floor":21,"key":"Weak Potion"},{"floor":23,"key":"HeartOfIron"},{"floor":27,"key":"Regen Potion"},{"floor":36,"key":"FairyPotion"},{"floor":37,"key":"Explosive Potion"},{"floor":46,"key":"LiquidBronze"}],"is_trial":false,"path_per_floor":["M","M","M","M","M","E","$","E","T","?","R","E","R","?","R","B",null,"M","M","?","M","M","E","R","E","T","E","?","R","E","M","R","B",null,"M","M","M","$","M","R","E","R","T","?","M","E","?","$","R","B",null,"R","$","E","B",null],"character_chosen":"IRONCLAD","items_purchased":["Meat on the Bone","Akabeko","ClockworkSouvenir","Blood Vial","Dual Wield","Frozen Eye","Pen Nib","Strength Potion"],"campfire_rested":0,"item_purchase_floors":[7,38,38,38,38,48,48,48],"current_hp_per_floor":[61,67,68,71,69,73,73,65,65,70,70,75,75,64,64,42,92,92,86,70,58,64,62,62,55,55,61,61,61,54,62,62,60,92,88,85,92,92,86,86,82,82,82,87,89,89,89,89,89,77,92,92,92,92,54],"gold":53,"neow_bonus":"TWO_FIFTY_GOLD","is_prod":false,"is_daily":false,"chose_seed":false,"campfire_upgraded":9,"win_rate":0,"timestamp":1569365396,"path_taken":["M","M","M","M","M","E","$","E","T","?","R","E","R","?","R","BOSS","M","M","?","M","M","E","R","E","T","E","?","R","E","M","R","BOSS","M","M","M","$","M","R","E","R","T","?","M","E","?","$","R","BOSS","R","$","E","BOSS"],"build_version":"2019-09-24","purchased_purges":3,"victory":true,"max_hp_per_floor":[80,80,80,80,80,80,80,80,80,85,85,92,92,92,92,92,92,92,92,92,92,92,92,92,92,92,92,92,92,92,92,92,92,92,92,92,92,92,92,92,92,92,92,92,92,92,92,92,92,92,92,92,92,92,92],"card_choices":[{"not_picked":["Havoc","Burning Pact"],"picked":"Shrug It Off","floor":1},{"not_picked":["Rampage","Armaments"],"picked":"Anger","floor":2},{"not_picked":["Twin Strike","Seeing Red"],"picked":"Cleave","floor":3},{"not_picked":["Dual Wield","Flex"],"picked":"Anger","floor":4},{"not_picked":["Clash","Metallicize"],"picked":"Clothesline","floor":5},{"not_picked":["Metallicize","Flame Barrier"],"picked":"Spot Weakness","floor":6},{"not_picked":["Rage","Reckless Charge"],"picked":"Immolate","floor":8},{"not_picked":["Pommel Strike","Uppercut"],"picked":"Limit Break","floor":12},{"not_picked":["Juggernaut","Exhume"],"picked":"Limit Break","floor":16},{"not_picked":["Second Wind","Seeing Red"],"picked":"Burning Pact+1","floor":18},{"not_picked":["Clothesline","Shrug It Off+1"],"picked":"True Grit+1","floor":19},{"not_picked":["Iron Wave+1","Sword Boomerang","Perfected Strike"],"picked":"SKIP","floor":21},{"not_picked":["Sword Boomerang","Perfected Strike"],"picked":"Iron Wave+1","floor":21},{"not_picked":["Rupture","Flex"],"picked":"Evolve+1","floor":22},{"not_picked":["Hemokinesis","Sever Soul"],"picked":"Battle Trance","floor":23},{"not_picked":["Bludgeon","Blood for Blood"],"picked":"Sentinel+1","floor":25},{"not_picked":["Perfected Strike+1","Anger","Second Wind"],"picked":"SKIP","floor":27},{"not_picked":["Sever Soul","Body Slam"],"picked":"Flex+1","floor":30},{"not_picked":["Clash","Flex+1","Combust"],"picked":"SKIP","floor":31},{"not_picked":["Feed","Bludgeon"],"picked":"Reaper","floor":33},{"not_picked":["Shrug It Off","Anger"],"picked":"Sword Boomerang+1","floor":35},{"not_picked":["Flex","Entrench"],"picked":"Whirlwind+1","floor":36},{"not_picked":["Pommel Strike","Body Slam+1","Anger+1"],"picked":"SKIP","floor":37},{"not_picked":["Havoc+1","Twin Strike+1","Thunderclap+1"],"picked":"SKIP","floor":39},{"not_picked":["Rage","Rupture+1"],"picked":"Flame Barrier","floor":41},{"not_picked":["Iron Wave","Clash","Perfected Strike"],"picked":"SKIP","floor":45},{"not_picked":["Armaments","Berserk"],"picked":"Shockwave+1","floor":46},{"not_picked":["Dark Embrace","Feed"],"picked":"Armaments+1","floor":54}],"player_experience":1564081,"relics_obtained":[{"floor":6,"key":"Orichalcum"},{"floor":8,"key":"Smiling Mask"},{"floor":9,"key":"Gremlin Horn"},{"floor":12,"key":"Strawberry"},{"floor":20,"key":"Nilry\u0027s Codex"},{"floor":23,"key":"Bottled Flame"},{"floor":25,"key":"InkBottle"},{"floor":27,"key":"Art of War"},{"floor":30,"key":"Letter Opener"},{"floor":41,"key":"The Courier"},{"floor":43,"key":"Juzu Bracelet"},{"floor":46,"key":"Toxic Egg 2"},{"floor":54,"key":"HornCleat"}],"event_choices":[{"damage_healed":0,"gold_gain":0,"player_choice":"Donut","damage_taken":0,"max_hp_gain":5,"max_hp_loss":0,"event_name":"Big Fish","floor":10,"gold_loss":0},{"damage_healed":0,"gold_gain":75,"player_choice":"Gather Gold","damage_taken":11,"max_hp_gain":0,"max_hp_loss":0,"event_name":"World of Goop","floor":14,"gold_loss":0},{"damage_healed":0,"gold_gain":0,"player_choice":"Obtained Book","damage_taken":16,"max_hp_gain":0,"max_hp_loss":0,"event_name":"Cursed Tome","floor":20,"gold_loss":0},{"damage_healed":0,"gold_gain":99,"player_choice":"Stole From Cult","damage_taken":0,"max_hp_gain":0,"max_hp_loss":0,"event_name":"Nest","floor":28,"gold_loss":0},{"cards_removed":["Anger"],"damage_healed":5,"gold_gain":0,"player_choice":"Offered Common","damage_taken":0,"max_hp_gain":0,"max_hp_loss":0,"event_name":"Bonfire Elementals","floor":44,"gold_loss":0},{"cards_removed":["Anger"],"damage_healed":5,"gold_gain":0,"player_choice":"Offered Special","damage_taken":0,"max_hp_gain":0,"max_hp_loss":0,"event_name":"Bonfire Elementals","floor":44,"gold_loss":0},{"damage_healed":0,"gold_gain":0,"player_choice":"Ignored","damage_taken":0,"max_hp_gain":0,"max_hp_loss":0,"event_name":"Tomb of Lord Red Mask","floor":47,"gold_loss":0}],"is_beta":true,"boss_relics":[{"not_picked":["Fusion Hammer","Cursed Key"],"picked":"Velvet Choker"},{"not_picked":["Calling Bell","SacredBark"],"picked":"Snecko Eye"}],"items_purged_floors":[7,38,48],"is_endless":false,"potions_floor_spawned":[3,4,5,6,12,21,23,27,30,31,36,37,46],"ascension_level":1}