{"gold_per_floor":[114,114,132,152,152,152,177,177,177,234,263,263,297,297,297,297],"floor_reached":16,"playtime":665,"items_purged":[],"score":133,"play_id":"75a03fc5-ea9f-44da-ac76-098b99e2760c","local_time":"20190729000749","is_ascension_mode":true,"campfire_choices":[{"data":"Leap","floor":6,"key":"SMITH"},{"data":"Zap","floor":8,"key":"SMITH"},{"floor":12,"key":"REST"},{"data":"Dualcast","floor":15,"key":"SMITH"}],"neow_cost":"NONE","seed_source_timestamp":108150704257255,"circlet_count":0,"master_deck":["Strike_B","Strike_B","Strike_B","Strike_B","Defend_B","Defend_B","Defend_B","Zap+1","Dualcast+1","FTL","Leap+1","Hologram","Glacier","Hyperbeam"],"relics":["Cracked Core","Pen Nib","Peace Pipe","Pear","Sundial","Gremlin Horn","Bronze Scales","Bottled Flame"],"potions_floor_usage":[3,10,11],"damage_taken":[{"damage":1,"enemies":"Jaw Worm","floor":1,"turns":4},{"damage":0,"enemies":"Small Slimes","floor":3,"turns":1},{"damage":0,"enemies":"2 Louse","floor":4,"turns":2},{"damage":28,"enemies":"3 Sentries","floor":7,"turns":8},{"damage":20,"enemies":"Gremlin Nob","floor":10,"turns":3},{"damage":20,"enemies":"Lagavulin","floor":11,"turns":5},{"damage":6,"enemies":"3 Sentries","floor":13,"turns":8},{"damage":38,"enemies":"Slime Boss","floor":16,"turns":7}],"seed_played":"-6153739404438025039","potions_obtained":[{"floor":1,"key":"AttackPotion"},{"floor":3,"key":"FearPotion"},{"floor":4,"key":"FearPotion"}],"is_trial":false,"path_per_floor":["M","?","M","M","?","R","E","R","T","?","E","R","E","?","R","B"],"character_chosen":"DEFECT","items_purchased":[],"campfire_rested":1,"item_purchase_floors":[],"current_hp_per_floor":[74,74,74,74,67,67,49,49,49,29,9,34,28,28,28,0],"gold":297,"neow_bonus":"RANDOM_COMMON_RELIC","is_prod":false,"is_daily":false,"chose_seed":false,"campfire_upgraded":3,"win_rate":0,"timestamp":1564355269,"path_taken":["M","?","M","M","?","R","E","R","T","?","E","R","E","?","R","BOSS"],"build_version":"2019-07-17","purchased_purges":0,"victory":false,"max_hp_per_floor":[75,75,75,75,75,75,85,85,85,85,85,85,85,85,85,85],"card_choices":[{"not_picked":["Turbo","Reinforced Body"],"picked":"FTL","floor":1},{"not_picked":["Turbo","Coolheaded"],"picked":"Leap","floor":3},{"not_picked":["Stack","Double Energy","Reprogram"],"picked":"SKIP","floor":4},{"not_picked":["Stack","Redo"],"picked":"Hologram","floor":7},{"not_picked":["Gash","Streamline"],"picked":"Glacier","floor":11},{"not_picked":["Amplify","Force Field"],"picked":"Hyperbeam","floor":13}],"player_experience":1769662,"relics_obtained":[{"floor":7,"key":"Pear"},{"floor":9,"key":"Sundial"},{"floor":10,"key":"Gremlin Horn"},{"floor":11,"key":"Bronze Scales"},{"floor":13,"key":"Bottled Flame"}],"event_choices":[{"damage_healed":0,"gold_gain":0,"player_choice":"Ignored","damage_taken":0,"max_hp_gain":0,"max_hp_loss":0,"event_name":"Liars Game","floor":2,"gold_loss":0},{"damage_healed":0,"gold_gain":0,"player_choice":"Success","damage_taken":7,"relics_obtained":["Peace Pipe"],"max_hp_gain":0,"max_hp_loss":0,"event_name":"Scrap Ooze","floor":5,"gold_loss":0},{"damage_healed":0,"gold_gain":0,"player_choice":"Searched \u00271\u0027 times","damage_taken":0,"max_hp_gain":0,"max_hp_loss":0,"event_name":"Dead Adventurer","floor":10,"gold_loss":0},{"cards_removed":["Defend_B"],"damage_healed":0,"gold_gain":0,"player_choice":"Forget","damage_taken":0,"max_hp_gain":0,"max_hp_loss":0,"event_name":"Living Wall","floor":14,"gold_loss":0}],"is_beta":false,"boss_relics":[],"items_purged_floors":[],"is_endless":false,"potions_floor_spawned":[1,3,4],"killed_by":"Slime Boss","ascension_level":3}