{"gold_per_floor":[112,128,139,30,44,72,88,88,112,139,89,89,121,132,132,230,230,250,263,8,27,46,77,77,77,103,130,159,34,60,10,10,110,110,121,139,62,72,72,103,103,132,201,201,236,236,256,273,273,273],"floor_reached":51,"playtime":2158,"items_purged":["Strike_R","Strike_R","Anger"],"score":1144,"play_id":"67a6456e-51b7-4d1b-8648-3f142012c54e","local_time":"20191012191447","is_ascension_mode":true,"campfire_choices":[{"data":"Bash","floor":8,"key":"SMITH"},{"data":"Fiend Fire","floor":15,"key":"SMITH"},{"data":"Corruption","floor":24,"key":"SMITH"},{"data":"Rage","floor":32,"key":"SMITH"},{"data":"Madness","floor":41,"key":"SMITH"},{"floor":44,"key":"DIG"},{"floor":46,"key":"DIG"},{"floor":49,"key":"REST"}],"neow_cost":"NONE","seed_source_timestamp":539863764088699,"circlet_count":0,"master_deck":["Strike_R+1","Strike_R+1","Defend_R","Defend_R","Defend_R","Defend_R","Bash+1","Iron Wave","Headbutt","Evolve","Disarm","Shockwave","Inflame","Corruption+1","Fiend Fire+1","Iron Wave","Demon Form","Twin Strike+1","Shrug It Off+1","Shrug It Off","Sentinel","Rage+1","Inflame","Madness","Madness+1","Entrench+1","Bloodletting+1","Barricade","Ghostly Armor+1"],"relics":["Burning Blood","PreservedInsect","Whetstone","Bag of Preparation","Lantern","MealTicket","Velvet Choker","Sling","WingedGreaves","Bag of Marbles","Bottled Lightning","Bronze Scales","Strawberry","Runic Pyramid","Eternal Feather","Shovel","Pantograph","Shuriken","Toxic Egg 2","Omamori"],"potions_floor_usage":[5,5,14,14,18,23,33,42,50,50,50],"damage_taken":[{"damage":10,"enemies":"2 Louse","floor":1,"turns":4},{"damage":18,"enemies":"Jaw Worm","floor":2,"turns":4},{"damage":1,"enemies":"Cultist","floor":3,"turns":3},{"damage":36,"enemies":"Lots of Slimes","floor":5,"turns":7},{"damage":20,"enemies":"3 Sentries","floor":6,"turns":8},{"damage":0,"enemies":"Large Slime","floor":7,"turns":5},{"damage":12,"enemies":"Gremlin Nob","floor":10,"turns":3},{"damage":10,"enemies":"3 Sentries","floor":13,"turns":6},{"damage":0,"enemies":"Gremlin Gang","floor":14,"turns":3},{"damage":25,"enemies":"Hexaghost","floor":16,"turns":9},{"damage":11,"enemies":"Spheric Guardian","floor":18,"turns":3},{"damage":0,"enemies":"Chosen","floor":19,"turns":4},{"damage":12,"enemies":"Snecko","floor":21,"turns":5},{"damage":9,"enemies":"3 Cultists","floor":22,"turns":5},{"damage":23,"enemies":"Gremlin Leader","floor":23,"turns":3},{"damage":18,"enemies":"Book of Stabbing","floor":27,"turns":4},{"damage":0,"enemies":"Gremlin Leader","floor":28,"turns":1},{"damage":8,"enemies":"Book of Stabbing","floor":30,"turns":3},{"damage":66,"enemies":"Collector","floor":33,"turns":9},{"damage":0,"enemies":"Orb Walker","floor":35,"turns":3},{"damage":23,"enemies":"3 Darklings","floor":36,"turns":6},{"damage":13,"enemies":"Spire Growth","floor":38,"turns":3},{"damage":28,"enemies":"Nemesis","floor":40,"turns":3},{"damage":31,"enemies":"Reptomancer","floor":42,"turns":3},{"damage":3,"enemies":"Giant Head","floor":45,"turns":6},{"damage":15,"enemies":"4 Shapes","floor":47,"turns":6},{"damage":49,"enemies":"Jaw Worm Horde","floor":48,"turns":6},{"damage":67,"enemies":"Awakened One","floor":50,"turns":9}],"seed_played":"-3186974312217422870","potions_obtained":[{"floor":1,"key":"Regen Potion"},{"floor":3,"key":"Block Potion"},{"floor":6,"key":"Fire Potion"},{"floor":10,"key":"Explosive Potion"},{"floor":14,"key":"Fire Potion"},{"floor":19,"key":"LiquidBronze"},{"floor":22,"key":"SkillPotion"},{"floor":23,"key":"Weak Potion"},{"floor":27,"key":"PowerPotion"},{"floor":30,"key":"Strength Potion"},{"floor":36,"key":"DuplicationPotion"},{"floor":40,"key":"BloodPotion"},{"floor":48,"key":"Ancient Potion"}],"is_trial":false,"path_per_floor":["M","M","M","$","M","E","M","R","T","E","?","?","E","M","R","B",null,"M","M","$","M","M","E","R","?","T","E","E","$","E","$","R","B",null,"M","M","$","M","?","E","R","E","T","R","E","R","M","M","R","B",null],"character_chosen":"IRONCLAD","items_purchased":["Disarm","Sling","Strength Potion","Inflame"],"campfire_rested":1,"item_purchase_floors":[4,20,31,37],"current_hp_per_floor":[68,56,61,61,46,32,38,38,38,32,32,32,28,34,34,15,64,59,65,80,74,71,54,54,54,54,42,48,63,68,83,83,23,71,77,60,75,68,57,35,50,42,42,57,60,75,66,23,64,26],"gold":273,"neow_bonus":"RANDOM_COMMON_RELIC","is_prod":false,"is_daily":false,"chose_seed":false,"campfire_upgraded":5,"win_rate":0,"timestamp":1570896887,"path_taken":["M","M","M","$","M","E","M","R","T","E","?","?","E","M","R","BOSS","M","M","?","?","M","E","R","?","T","E","E","$","E","$","R","BOSS","M","?","$","M","?","E","R","E","T","R","E","R","M","M","R","BOSS"],"build_version":"2019-10-11","purchased_purges":3,"victory":true,"max_hp_per_floor":[80,80,80,80,80,80,80,80,80,80,80,80,80,80,80,80,80,80,80,80,80,80,80,80,80,80,80,80,80,87,87,87,87,87,87,87,87,87,87,87,87,87,87,87,87,87,87,87,87,87],"card_choices":[{"not_picked":["Flame Barrier","Fire Breathing"],"picked":"Iron Wave","floor":1},{"not_picked":["Sever Soul","Perfected Strike"],"picked":"Headbutt","floor":2},{"not_picked":["Cleave","Entrench"],"picked":"Evolve","floor":3},{"not_picked":["Havoc","Infernal Blade"],"picked":"Anger","floor":5},{"not_picked":["Dual Wield","Bludgeon"],"picked":"Shockwave","floor":6},{"not_picked":["Headbutt","Carnage"],"picked":"Inflame","floor":7},{"not_picked":["Wild Strike","Warcry"],"picked":"Corruption","floor":10},{"not_picked":["Double Tap","Thunderclap"],"picked":"Fiend Fire","floor":13},{"not_picked":["Headbutt","Wild Strike"],"picked":"Iron Wave","floor":14},{"not_picked":["Bludgeon","Impervious"],"picked":"Demon Form","floor":16},{"not_picked":["Hemokinesis","Sword Boomerang"],"picked":"Twin Strike+1","floor":18},{"not_picked":["Wild Strike+1","Iron Wave"],"picked":"Shrug It Off+1","floor":19},{"not_picked":["Bloodletting","Pommel Strike+1","Seeing Red+1"],"picked":"SKIP","floor":21},{"not_picked":["Intimidate","Rupture","Headbutt+1"],"picked":"SKIP","floor":22},{"not_picked":["Second Wind","Berserk"],"picked":"Shrug It Off","floor":23},{"not_picked":["Twin Strike","Armaments","Clash"],"picked":"SKIP","floor":27},{"not_picked":["Pummel","Twin Strike"],"picked":"Sentinel","floor":28},{"not_picked":["Clothesline","Cleave"],"picked":"Rage","floor":30},{"not_picked":["Havoc","Clothesline+1","Uppercut"],"picked":"SKIP","floor":35},{"not_picked":["Hemokinesis","Havoc+1","Perfected Strike"],"picked":"SKIP","floor":36},{"not_picked":["Thunderclap+1","Perfected Strike","Rampage+1"],"picked":"SKIP","floor":38},{"not_picked":["Havoc+1","Flex+1"],"picked":"Entrench+1","floor":40},{"not_picked":["Whirlwind+1","Body Slam"],"picked":"Bloodletting+1","floor":42},{"not_picked":["Fire Breathing+1","Carnage","Seeing Red"],"picked":"SKIP","floor":45},{"not_picked":["Searing Blow","Combust+1"],"picked":"Barricade","floor":47},{"not_picked":["Seeing Red+1","Twin Strike+1"],"picked":"Ghostly Armor+1","floor":48}],"player_experience":387124,"relics_obtained":[{"floor":6,"key":"Whetstone"},{"floor":9,"key":"Bag of Preparation"},{"floor":10,"key":"Lantern"},{"floor":13,"key":"MealTicket"},{"floor":23,"key":"WingedGreaves"},{"floor":26,"key":"Bag of Marbles"},{"floor":27,"key":"Bottled Lightning"},{"floor":28,"key":"Bronze Scales"},{"floor":30,"key":"Strawberry"},{"floor":40,"key":"Eternal Feather"},{"floor":42,"key":"Shovel"},{"floor":43,"key":"Pantograph"},{"floor":44,"key":"Shuriken"},{"floor":45,"key":"Toxic Egg 2"},{"floor":46,"key":"Omamori"}],"event_choices":[{"cards_removed":["Strike_R"],"damage_healed":0,"gold_gain":0,"player_choice":"Card Removal","damage_taken":0,"max_hp_gain":0,"max_hp_loss":0,"event_name":"The Cleric","floor":11,"gold_loss":50},{"damage_healed":0,"gold_gain":0,"player_choice":"0 cards matched","damage_taken":0,"max_hp_gain":0,"max_hp_loss":0,"event_name":"Match and Keep!","floor":12,"gold_loss":0,"cards_obtained":[]},{"damage_healed":0,"gold_gain":0,"player_choice":"0 cards matched","damage_taken":0,"max_hp_gain":0,"max_hp_loss":0,"event_name":"Match and Keep!","floor":25,"gold_loss":0,"cards_obtained":[]},{"damage_healed":0,"gold_gain":0,"player_choice":"Embrace Madness","damage_taken":11,"max_hp_gain":0,"max_hp_loss":0,"event_name":"Winding Halls","floor":39,"gold_loss":0,"cards_obtained":["Madness","Madness"]}],"is_beta":true,"boss_relics":[{"not_picked":["Tiny House","Snecko Eye"],"picked":"Velvet Choker"},{"not_picked":["Cursed Key","Pandora\u0027s Box"],"picked":"Runic Pyramid"}],"items_purged_floors":[4,20,29],"is_endless":false,"potions_floor_spawned":[1,3,6,10,14,19,22,23,27,30,36,40,48],"ascension_level":7}