{"gold_per_floor":[114,131,131,81,96,96,125,140,188,200,220,220,220,239,239,239],"floor_reached":16,"playtime":2167,"items_purged":[],"score":109,"play_id":"74e29a03-69b4-4d9a-8ac6-b5811908f3c4","local_time":"20191026012612","is_ascension_mode":true,"campfire_choices":[{"data":"Armaments","floor":6,"key":"SMITH"},{"floor":13,"key":"RECALL"},{"data":"Exhume","floor":15,"key":"SMITH"}],"neow_cost":"NONE","seed_source_timestamp":450373598466900,"circlet_count":0,"master_deck":["Strike_R","Strike_R","Strike_R","Strike_R","Defend_R","Defend_R","Defend_R","Defend_R","Armaments+1","Armaments","Intimidate","Exhume+1","Flame Barrier","Entrench"],"relics":["Burning Blood","Sundial"],"potions_floor_usage":[10,16,16],"damage_taken":[{"damage":4,"enemies":"Small Slimes","floor":1,"turns":5},{"damage":1,"enemies":"2 Louse","floor":2,"turns":3},{"damage":0,"enemies":"Cultist","floor":5,"turns":4},{"damage":31,"enemies":"Lagavulin","floor":7,"turns":13},{"damage":9,"enemies":"Large Slime","floor":8,"turns":10},{"damage":10,"enemies":"Exordium Thugs","floor":10,"turns":6},{"damage":1,"enemies":"Exordium Wildlife","floor":11,"turns":8},{"damage":0,"enemies":"3 Louse","floor":14,"turns":5},{"damage":65,"enemies":"Slime Boss","floor":16,"turns":20}],"seed_played":"-8349108037030080344","potions_obtained":[{"floor":7,"key":"GamblersBrew"},{"floor":8,"key":"Swift Potion"},{"floor":11,"key":"Fire Potion"}],"is_trial":false,"path_per_floor":["M","M","?","?","M","R","E","M","T","M","M","?","R","M","R","B"],"character_chosen":"IRONCLAD","items_purchased":[],"campfire_rested":0,"item_purchase_floors":[],"current_hp_per_floor":[80,80,85,85,85,85,60,57,57,53,58,58,58,64,64,0],"gold":239,"neow_bonus":"TRANSFORM_CARD","is_prod":false,"is_daily":false,"chose_seed":false,"campfire_upgraded":2,"win_rate":0,"timestamp":1572074772,"path_taken":["M","M","?","?","M","R","E","M","T","M","M","?","R","?","R","BOSS"],"build_version":"2019-07-17","purchased_purges":0,"victory":false,"max_hp_per_floor":[80,80,85,85,85,85,85,85,85,85,85,85,85,85,85,85],"card_choices":[{"not_picked":["Body Slam","Clash"],"picked":"Armaments","floor":1},{"not_picked":["Sword Boomerang","Heavy Blade"],"picked":"Intimidate","floor":2},{"not_picked":["Flex","Cleave","True Grit"],"picked":"SKIP","floor":5},{"not_picked":["Blood for Blood","Barricade"],"picked":"Exhume","floor":7},{"not_picked":["Armaments","Battle Trance"],"picked":"Flame Barrier","floor":8},{"not_picked":["Twin Strike","Iron Wave"],"picked":"Entrench","floor":10},{"not_picked":["Clash","Cleave","Anger"],"picked":"SKIP","floor":11},{"not_picked":["Pommel Strike","Warcry","Rupture"],"picked":"SKIP","floor":14}],"player_experience":490220,"relics_obtained":[{"floor":7,"key":"Sundial"}],"event_choices":[{"damage_healed":0,"gold_gain":0,"player_choice":"Donut","damage_taken":0,"max_hp_gain":5,"max_hp_loss":0,"event_name":"Big Fish","floor":3,"gold_loss":0},{"cards_removed":["Bash"],"damage_healed":0,"gold_gain":0,"player_choice":"Card Removal","damage_taken":0,"max_hp_gain":0,"max_hp_loss":0,"event_name":"The Cleric","floor":4,"gold_loss":50},{"damage_healed":0,"gold_gain":0,"player_choice":"Bought 0 Potions","damage_taken":0,"max_hp_gain":0,"max_hp_loss":0,"event_name":"The Woman in Blue","floor":12,"gold_loss":0}],"is_beta":false,"boss_relics":[],"items_purged_floors":[],"is_endless":false,"potions_floor_spawned":[7,8,11],"killed_by":"Slime Boss","ascension_level":1}