{"gold_per_floor":[114,114,132,57,77,111,186,205,205,3,3,19,40,93,93,93],"floor_reached":16,"playtime":272,"items_purged":["Strike_R"],"score":102,"play_id":"5ae31351-14d1-4c67-be21-f963404da636","local_time":"20190828225920","is_ascension_mode":false,"campfire_choices":[{"data":"Searing Blow","floor":11,"key":"SMITH"},{"data":"Searing Blow+1","floor":15,"key":"SMITH"}],"neow_cost":"NONE","seed_source_timestamp":1174038811063900,"circlet_count":0,"master_deck":["Strike_R","Strike_R","Strike_R","Strike_R","Defend_R","Defend_R","Defend_R","Defend_R","Bash","Wild Strike","Searing Blow+2","Dual Wield","Uppercut","Offering"],"relics":["Burning Blood","PreservedInsect","Golden Idol","Calipers","Charon\u0027s Ashes","Chemical X","Dream Catcher"],"potions_floor_usage":[12,12,16],"damage_taken":[{"damage":8,"enemies":"Small Slimes","floor":1,"turns":3},{"damage":8,"enemies":"Jaw Worm","floor":3,"turns":3},{"damage":5,"enemies":"2 Louse","floor":5,"turns":3},{"damage":6,"enemies":"Gremlin Nob","floor":6,"turns":3},{"damage":12,"enemies":"Blue Slaver","floor":8,"turns":3},{"damage":14,"enemies":"Exordium Thugs","floor":12,"turns":3},{"damage":10,"enemies":"Looter","floor":13,"turns":3},{"damage":31,"enemies":"Hexaghost","floor":16,"turns":7}],"seed_played":"-819510008738455586","potions_obtained":[{"floor":5,"key":"Explosive Potion"},{"floor":6,"key":"AttackPotion"},{"floor":12,"key":"Energy Potion"}],"is_trial":false,"path_per_floor":["M","?","M","$","M","E","?","M","T","$","R","M","M","T","R","B"],"character_chosen":"IRONCLAD","items_purchased":["Chemical X"],"campfire_rested":0,"item_purchase_floors":[10],"current_hp_per_floor":[78,58,56,56,57,57,46,40,40,40,40,32,28,28,28,0],"gold":93,"neow_bonus":"RANDOM_COMMON_RELIC","is_prod":false,"is_daily":false,"chose_seed":false,"campfire_upgraded":2,"win_rate":0,"timestamp":1567029560,"path_taken":["M","?","M","$","M","E","?","M","T","$","R","M","M","?","R","BOSS"],"build_version":"2019-07-17","purchased_purges":1,"victory":false,"max_hp_per_floor":[80,80,80,80,80,80,80,80,80,80,80,80,80,80,80,80],"card_choices":[{"not_picked":["Havoc","Clash"],"picked":"Wild Strike","floor":1},{"not_picked":["Warcry","Bloodletting"],"picked":"Searing Blow","floor":3},{"not_picked":["Thunderclap","Seeing Red"],"picked":"Dual Wield","floor":5},{"not_picked":["Corruption","Flex"],"picked":"Uppercut","floor":6},{"not_picked":["Sword Boomerang","Cleave","Warcry"],"picked":"SKIP","floor":8},{"not_picked":["Pummel","Flame Barrier","Heavy Blade"],"picked":"SKIP","floor":12},{"not_picked":["Hemokinesis","Rupture"],"picked":"Offering","floor":13}],"player_experience":1883227,"relics_obtained":[{"floor":6,"key":"Calipers"},{"floor":9,"key":"Charon\u0027s Ashes"},{"floor":14,"key":"Dream Catcher"}],"event_choices":[{"damage_healed":0,"gold_gain":0,"player_choice":"Take Damage","damage_taken":20,"relics_obtained":["Golden Idol"],"max_hp_gain":0,"max_hp_loss":0,"event_name":"Golden Idol","floor":2,"gold_loss":0},{"damage_healed":0,"gold_gain":75,"player_choice":"Gather Gold","damage_taken":11,"max_hp_gain":0,"max_hp_loss":0,"event_name":"World of Goop","floor":7,"gold_loss":0}],"is_beta":false,"boss_relics":[],"items_purged_floors":[4],"is_endless":false,"potions_floor_spawned":[5,6,12],"killed_by":"Hexaghost","ascension_level":0}