{"gold_per_floor":[109,132,150,150,35,35,64,64,64,64,76,108,108,118,118,217,217,228,241,38,38,38,38,70,70,70,70,90,104,33,63,63,168,168,180,232,34,47,61,61,88,108,108,108,108,108,131,163,163,163,163,163,24,24],"floor_reached":54,"playtime":2460,"items_purged":["Strike_G","Strike_G"],"score":1259,"play_id":"8ac42c68-5c63-4633-a972-faf53a3be62c","local_time":"20190907171103","is_ascension_mode":true,"campfire_choices":[{"data":"Bouncing Flask","floor":6,"key":"SMITH"},{"data":"Neutralize","floor":8,"key":"SMITH"},{"data":"Skewer","floor":10,"key":"SMITH"},{"data":"Dodge and Roll","floor":15,"key":"SMITH"},{"floor":23,"key":"RECALL"},{"floor":27,"key":"REST"},{"floor":32,"key":"REST"},{"floor":40,"key":"REST"},{"floor":46,"key":"REST"},{"floor":49,"key":"REST"},{"floor":52,"key":"REST"}],"neow_cost":"TEN_PERCENT_HP_LOSS","seed_source_timestamp":2014979891866400,"circlet_count":0,"master_deck":["AscendersBane","Strike_G+1","Strike_G+1","Defend_G+1","Defend_G+1","Defend_G+1","Defend_G+1","Survivor","Neutralize+1","Bouncing Flask+1","Skewer+1","Backstab+1","Dodge and Roll+1","Well Laid Plans+1","Deflect","Adrenaline","Quick Slash+1","Quick Slash+1","Footwork","Dagger Spray+1","Acrobatics+1","After Image","Deadly Poison+1","Dash+1","Backflip","Flash of Steel+1","Noxious Fumes"],"relics":["Ring of the Snake","Oddly Smooth Stone","The Specimen","FossilizedHelix","Molten Egg 2","Fusion Hammer","Turnip","Ginger","Kunai","Philosopher\u0027s Stone","Gambling Chip","Anchor","Gremlin Horn","The Courier","Whetstone","Torii"],"potions_floor_usage":[7,16,33,36],"damage_taken":[{"damage":0,"enemies":"Cultist","floor":1,"turns":5},{"damage":0,"enemies":"Small Slimes","floor":3,"turns":3},{"damage":14,"enemies":"Gremlin Nob","floor":7,"turns":3},{"damage":0,"enemies":"Jaw Worm","floor":11,"turns":2},{"damage":5,"enemies":"3 Sentries","floor":12,"turns":5},{"damage":0,"enemies":"Exordium Wildlife","floor":14,"turns":4},{"damage":20,"enemies":"Slime Boss","floor":16,"turns":13},{"damage":0,"enemies":"Chosen","floor":18,"turns":3},{"damage":2,"enemies":"2 Thieves","floor":19,"turns":3},{"damage":0,"enemies":"Book of Stabbing","floor":24,"turns":6},{"damage":0,"enemies":"Shelled Parasite and Fungi","floor":28,"turns":4},{"damage":0,"enemies":"Cultist and Chosen","floor":29,"turns":5},{"damage":5,"enemies":"Gremlin Leader","floor":31,"turns":6},{"damage":0,"enemies":"Collector","floor":33,"turns":8},{"damage":0,"enemies":"Orb Walker","floor":35,"turns":4},{"damage":35,"enemies":"2 Orb Walkers","floor":36,"turns":7},{"damage":0,"enemies":"3 Shapes","floor":38,"turns":4},{"damage":0,"enemies":"Transient","floor":39,"turns":5},{"damage":0,"enemies":"Reptomancer","floor":41,"turns":5},{"damage":0,"enemies":"Jaw Worm Horde","floor":42,"turns":4},{"damage":0,"enemies":"Nemesis","floor":48,"turns":7},{"damage":12,"enemies":"Time Eater","floor":50,"turns":14},{"damage":69,"enemies":"Shield and Spear","floor":54,"turns":5}],"seed_played":"762070241584519942","potions_obtained":[{"floor":1,"key":"Explosive Potion"},{"floor":3,"key":"FearPotion"},{"floor":16,"key":"Weak Potion"},{"floor":18,"key":"Fire Potion"},{"floor":35,"key":"Energy Potion"}],"is_trial":false,"path_per_floor":["M","T","M","?","$","R","E","R","T","R","M","E","?","M","R","B",null,"M","M","$","?","T","R","E","?","T","R","M","M","$","E","R","B",null,"M","?","$","M","M","R","E","M","T","?","?","R","T","E","R","B",null,"R","$","E"],"character_chosen":"THE_SILENT","items_purchased":["Backstab","Quick Slash+1","Strength Potion","Noxious Fumes","Anchor","PowerPotion","Flash of Steel+1","Noxious Fumes"],"campfire_rested":6,"item_purchase_floors":[5,20,20,30,37,37,53,53],"current_hp_per_floor":[63,63,63,68,68,68,54,54,54,54,54,49,49,49,49,29,58,58,56,56,56,56,56,56,56,56,68,68,68,68,63,68,68,68,68,33,33,33,33,53,53,53,53,53,43,63,63,63,68,56,65,68,68,0],"gold":24,"neow_bonus":"REMOVE_TWO","is_prod":false,"is_daily":false,"chose_seed":false,"campfire_upgraded":4,"win_rate":0,"timestamp":1567872663,"path_taken":["M","?","M","?","$","R","E","R","T","R","M","E","?","M","R","BOSS","M","?","$","?","?","R","E","?","T","R","M","M","?","E","R","BOSS","M","?","$","M","M","R","E","M","T","?","?","R","?","E","R","BOSS","R","$","E"],"build_version":"2019-07-17","purchased_purges":2,"victory":false,"max_hp_per_floor":[63,63,63,68,68,68,68,68,68,68,68,68,68,68,68,68,68,68,68,68,68,68,68,68,68,68,68,68,68,68,68,68,68,68,68,68,68,68,68,68,68,68,68,68,68,68,68,68,68,68,68,68,68,68],"card_choices":[{"not_picked":["Riddle With Holes","Prepared"],"picked":"Bouncing Flask","floor":1},{"not_picked":["Deadly Poison","Prepared"],"picked":"Skewer","floor":3},{"not_picked":["Sucker Punch","Bouncing Flask"],"picked":"Dodge and Roll","floor":7},{"not_picked":["Riddle With Holes","Outmaneuver"],"picked":"Well Laid Plans","floor":11},{"not_picked":["Flechettes","Accuracy","Distraction"],"picked":"SKIP","floor":12},{"not_picked":["Prepared","Sucker Punch+1"],"picked":"Deflect","floor":14},{"not_picked":["Unload+1","Doppelganger"],"picked":"Adrenaline","floor":16},{"not_picked":["Deflect+1","Acrobatics"],"picked":"Quick Slash+1","floor":18},{"not_picked":["Blade Dance+1","Acrobatics","Distraction+1"],"picked":"SKIP","floor":19},{"not_picked":["Backflip","Predator+1"],"picked":"Dagger Spray+1","floor":24},{"not_picked":["Calculated Gamble","Finisher+1","Reflex+1"],"picked":"SKIP","floor":28},{"not_picked":["Outmaneuver+1","Blade Dance","Tactician"],"picked":"SKIP","floor":29},{"not_picked":["Night Terror","PiercingWail+1"],"picked":"Acrobatics+1","floor":31},{"not_picked":["Wraith Form v2","Adrenaline"],"picked":"After Image","floor":33},{"not_picked":["Slice+1","Sucker Punch+1","Quick Slash+1"],"picked":"SKIP","floor":35},{"not_picked":["Catalyst","Distraction"],"picked":"Deadly Poison+1","floor":36},{"not_picked":["Outmaneuver","Poisoned Stab+1","Blade Dance+1"],"picked":"SKIP","floor":38},{"not_picked":["Caltrops","A Thousand Cuts"],"picked":"Dash+1","floor":39},{"not_picked":["Poisoned Stab+1","Well Laid Plans+1","Dagger Spray+1"],"picked":"SKIP","floor":41},{"not_picked":["Deflect+1","Cloak And Dagger"],"picked":"Backflip","floor":42},{"not_picked":["Sucker Punch+1","Setup","Deflect"],"picked":"SKIP","floor":48}],"player_experience":1911430,"relics_obtained":[{"floor":2,"key":"Oddly Smooth Stone"},{"floor":7,"key":"The Specimen"},{"floor":9,"key":"FossilizedHelix"},{"floor":12,"key":"Molten Egg 2"},{"floor":24,"key":"Turnip"},{"floor":26,"key":"Ginger"},{"floor":31,"key":"Kunai"},{"floor":36,"key":"Gambling Chip"},{"floor":41,"key":"Gremlin Horn"},{"floor":43,"key":"The Courier"},{"floor":47,"key":"Whetstone"},{"floor":48,"key":"Torii"}],"event_choices":[{"damage_healed":0,"gold_gain":0,"player_choice":"Donut","damage_taken":0,"max_hp_gain":5,"max_hp_loss":0,"event_name":"Big Fish","floor":4,"gold_loss":0},{"damage_healed":0,"gold_gain":0,"player_choice":"Forge","damage_taken":0,"max_hp_gain":0,"max_hp_loss":0,"event_name":"Accursed Blacksmith","floor":13,"gold_loss":0,"cards_upgraded":["Well Laid Plans"]},{"damage_healed":0,"gold_gain":0,"player_choice":"Read","damage_taken":0,"max_hp_gain":0,"max_hp_loss":0,"event_name":"The Library","floor":21,"gold_loss":0,"cards_obtained":["Footwork"]},{"damage_healed":0,"gold_gain":0,"player_choice":"Simplicity","damage_taken":0,"max_hp_gain":0,"max_hp_loss":0,"event_name":"Back to Basics","floor":25,"gold_loss":0,"cards_upgraded":["Strike_G","Strike_G","Defend_G","Defend_G","Defend_G","Defend_G"]},{"damage_healed":0,"gold_gain":0,"player_choice":"Fight","damage_taken":0,"max_hp_gain":0,"max_hp_loss":0,"event_name":"Mysterious Sphere","floor":36,"gold_loss":0},{"cards_removed":["Noxious Fumes"],"damage_healed":0,"gold_gain":0,"player_choice":"Removed Power","damage_taken":0,"max_hp_gain":0,"max_hp_loss":0,"event_name":"Falling","floor":44,"gold_loss":0},{"damage_healed":0,"gold_gain":0,"player_choice":"Memory 3","damage_taken":10,"max_hp_gain":0,"max_hp_loss":0,"event_name":"SensoryStone","floor":45,"gold_loss":0}],"is_beta":false,"boss_relics":[{"not_picked":["Astrolabe","HoveringKite"],"picked":"Fusion Hammer"},{"not_picked":["Calling Bell","White Beast Statue"],"picked":"Philosopher\u0027s Stone"}],"items_purged_floors":[5,20],"is_endless":false,"potions_floor_spawned":[1,3,16,18,24,29,35,38],"killed_by":"Shield and Spear","ascension_level":10}