{"gold_per_floor":[110,110,130,130,80,80,93,137,137,24,24,37,37,75,75,195,195,211,236,236,236,260,301,63,63,63,98,117,138,138,176,176,295,295,310,643,691,704,715,715,744,744,744,744,744,779,789,152,152,152,152,152,115,149,149],"floor_reached":56,"playtime":3163,"items_purged":["Strike_G","Decay","Strike_G"],"score":1999,"play_id":"e43c7655-fcf0-494a-b219-a59bf9572e71","local_time":"20191013094905","is_ascension_mode":true,"campfire_choices":[{"data":"Neutralize","floor":6,"key":"SMITH"},{"data":"Corpse Explosion","floor":11,"key":"SMITH"},{"data":"Dagger Spray","floor":13,"key":"SMITH"},{"data":"Noxious Fumes","floor":15,"key":"SMITH"},{"data":"Tools of the Trade","floor":25,"key":"SMITH"},{"floor":30,"key":"REST"},{"data":"Footwork","floor":32,"key":"SMITH"},{"data":"Malaise","floor":40,"key":"SMITH"},{"data":"Catalyst","floor":42,"key":"SMITH"},{"data":"Caltrops","floor":44,"key":"SMITH"},{"floor":49,"key":"RECALL"},{"data":"Blur","floor":52,"key":"SMITH"}],"neow_cost":"NONE","seed_source_timestamp":175182122760000,"circlet_count":0,"master_deck":["AscendersBane","Strike_G","Strike_G","Defend_G","Defend_G","Defend_G","Defend_G","Survivor","Neutralize+1","Caltrops+1","PiercingWail","Corpse Explosion+1","Dagger Spray+1","Blur+1","Dash","Noxious Fumes+1","Tools of the Trade+1","Dodge and Roll+1","Footwork+1","PiercingWail","PiercingWail","Malaise+1","Catalyst+1","Wraith Form v2+1","Acrobatics+1","Quick Slash+1","Deadly Poison+1","Backflip","Acrobatics+1"],"relics":["Ring of the Snake","Regal Pillow","Mercury Hourglass","Oddly Smooth Stone","HoveringKite","The Courier","Bag of Preparation","HornCleat","Frozen Egg 2","Bird Faced Urn","Coffee Dripper","FossilizedHelix","StrikeDummy","Orichalcum","Ornamental Fan","Snake Skull","Lantern","TungstenRod","Incense Burner"],"potions_floor_usage":[8,12,16,19,27,27,41,41,55,55],"damage_taken":[{"damage":2,"enemies":"Jaw Worm","floor":1,"turns":5},{"damage":0,"enemies":"2 Louse","floor":3,"turns":4},{"damage":0,"enemies":"Small Slimes","floor":7,"turns":3},{"damage":13,"enemies":"Gremlin Nob","floor":8,"turns":4},{"damage":0,"enemies":"Gremlin Gang","floor":12,"turns":3},{"damage":13,"enemies":"Lagavulin","floor":14,"turns":6},{"damage":3,"enemies":"The Guardian","floor":16,"turns":9},{"damage":6,"enemies":"Chosen","floor":18,"turns":5},{"damage":5,"enemies":"Spheric Guardian","floor":19,"turns":6},{"damage":0,"enemies":"Centurion and Healer","floor":22,"turns":6},{"damage":6,"enemies":"Book of Stabbing","floor":23,"turns":7},{"damage":19,"enemies":"Slavers","floor":27,"turns":5},{"damage":1,"enemies":"Chosen and Byrds","floor":28,"turns":5},{"damage":0,"enemies":"3 Cultists","floor":29,"turns":3},{"damage":0,"enemies":"Book of Stabbing","floor":31,"turns":7},{"damage":17,"enemies":"Automaton","floor":33,"turns":11},{"damage":0,"enemies":"Orb Walker","floor":35,"turns":4},{"damage":15,"enemies":"2 Orb Walkers","floor":37,"turns":4},{"damage":0,"enemies":"3 Shapes","floor":38,"turns":2},{"damage":0,"enemies":"3 Darklings","floor":39,"turns":3},{"damage":0,"enemies":"Giant Head","floor":41,"turns":10},{"damage":0,"enemies":"Reptomancer","floor":46,"turns":7},{"damage":4,"enemies":"Transient","floor":47,"turns":5},{"damage":0,"enemies":"Awakened One","floor":50,"turns":13},{"damage":18,"enemies":"Shield and Spear","floor":54,"turns":6},{"damage":19,"enemies":"The Heart","floor":55,"turns":10}],"seed_played":"-2999607038747884445","potions_obtained":[{"floor":3,"key":"Strength Potion"},{"floor":8,"key":"SpeedPotion"},{"floor":12,"key":"Block Potion"},{"floor":14,"key":"PowerPotion"},{"floor":19,"key":"Swift Potion"},{"floor":27,"key":"DuplicationPotion"},{"floor":31,"key":"AttackPotion"},{"floor":37,"key":"SkillPotion"},{"floor":47,"key":"Dexterity Potion"}],"is_trial":false,"path_per_floor":["M","?","M","T","?","R","M","E","T","$","R","M","R","E","R","B",null,"M","M","?","?","M","E","$","R","T","E","M","M","R","E","R","B",null,"M","?","?","M","M","R","E","R","T","R","?","E","M","$","R","B",null,"R","$","E","B",null],"character_chosen":"THE_SILENT","items_purchased":["Blur","Bag of Preparation","PowerPotion","Snake Skull","Lantern","TungstenRod","Ancient Potion","Backflip"],"campfire_rested":1,"item_purchase_floors":[10,24,24,48,48,48,48,53],"current_hp_per_floor":[61,61,61,61,61,61,61,48,48,48,48,48,48,35,35,32,57,51,46,46,46,46,40,40,40,40,21,20,20,54,54,54,45,60,65,65,52,56,58,58,65,65,65,65,65,65,61,61,61,65,65,65,65,49,40],"gold":149,"neow_bonus":"REMOVE_CARD","is_prod":false,"is_daily":false,"chose_seed":false,"campfire_upgraded":10,"win_rate":0,"timestamp":1570956545,"path_taken":["M","?","M","?","?","R","M","E","T","?","R","M","R","E","R","BOSS","M","M","?","?","M","E","$","R","T","E","M","?","R","E","R","BOSS","M","?","?","M","M","R","E","R","T","R","?","E","M","$","R","BOSS","R","$","E","BOSS"],"build_version":"2019-10-11","purchased_purges":3,"victory":true,"max_hp_per_floor":[70,65,65,65,65,65,65,65,65,65,65,65,65,65,65,65,65,65,65,65,65,65,65,65,65,65,65,65,65,65,65,65,65,65,65,65,65,65,65,65,65,65,65,65,65,65,65,65,65,65,65,65,65,65,65],"card_choices":[{"not_picked":["Flying Knee","Backflip"],"picked":"Caltrops","floor":1},{"not_picked":["Dodge and Roll","Outmaneuver"],"picked":"PiercingWail","floor":3},{"not_picked":["Slice","PiercingWail"],"picked":"Corpse Explosion","floor":7},{"not_picked":["Slice","Prepared"],"picked":"Dagger Spray","floor":8},{"not_picked":["Deflect","Sucker Punch"],"picked":"Dash","floor":12},{"not_picked":["Acrobatics","Underhanded Strike"],"picked":"Noxious Fumes","floor":14},{"not_picked":["Die Die Die","Doppelganger"],"picked":"Tools of the Trade","floor":16},{"not_picked":["Dagger Throw+1","Eviscerate"],"picked":"Dodge and Roll+1","floor":18},{"not_picked":["Slice+1","Flying Knee"],"picked":"Footwork","floor":19},{"not_picked":["Endless Agony","Dagger Spray+1"],"picked":"PiercingWail","floor":22},{"not_picked":["Dagger Spray+1","Endless Agony"],"picked":"PiercingWail","floor":23},{"not_picked":["Caltrops","Phantasmal Killer"],"picked":"Malaise","floor":27},{"not_picked":["Riddle With Holes+1","Bouncing Flask","Outmaneuver"],"picked":"SKIP","floor":28},{"not_picked":["Dash","Distraction","Poisoned Stab"],"picked":"SKIP","floor":29},{"not_picked":["Calculated Gamble+1","Bane"],"picked":"Catalyst","floor":31},{"not_picked":["Corpse Explosion","Glass Knife"],"picked":"Wraith Form v2+1","floor":33},{"not_picked":["Escape Plan+1","Flechettes+1"],"picked":"Acrobatics+1","floor":35},{"not_picked":["Dagger Throw+1","Bullet Time","Blade Dance"],"picked":"SKIP","floor":38},{"not_picked":["Dagger Spray+1","Slice+1","Concentrate"],"picked":"SKIP","floor":39},{"not_picked":["Finisher+1","Masterful Stab+1","Blade Dance+1"],"picked":"SKIP","floor":41},{"not_picked":["Poisoned Stab","Dodge and Roll"],"picked":"Quick Slash+1","floor":46},{"not_picked":["Slice+1","Malaise"],"picked":"Deadly Poison+1","floor":47},{"not_picked":["Flying Knee","Underhanded Strike+1"],"picked":"Acrobatics+1","floor":54}],"player_experience":1640435,"relics_obtained":[{"floor":8,"key":"Regal Pillow"},{"floor":9,"key":"Mercury Hourglass"},{"floor":14,"key":"Oddly Smooth Stone"},{"floor":23,"key":"The Courier"},{"floor":26,"key":"HornCleat"},{"floor":27,"key":"Frozen Egg 2"},{"floor":31,"key":"Bird Faced Urn"},{"floor":37,"key":"FossilizedHelix"},{"floor":41,"key":"StrikeDummy"},{"floor":43,"key":"Orichalcum"},{"floor":46,"key":"Ornamental Fan"},{"floor":54,"key":"Incense Burner"}],"event_choices":[{"damage_healed":0,"gold_gain":0,"player_choice":"Lose Max HP","damage_taken":0,"relics_obtained":["Golden Idol"],"max_hp_gain":0,"max_hp_loss":5,"event_name":"Golden Idol","floor":2,"gold_loss":0},{"cards_removed":["Strike_G"],"damage_healed":0,"gold_gain":0,"player_choice":"Card Removal","damage_taken":0,"max_hp_gain":0,"max_hp_loss":0,"event_name":"The Cleric","floor":5,"gold_loss":50},{"damage_healed":0,"gold_gain":0,"player_choice":"Ignored","damage_taken":0,"max_hp_gain":0,"max_hp_loss":0,"event_name":"Ghosts","floor":20,"gold_loss":0},{"damage_healed":0,"gold_gain":0,"player_choice":"Cursed","damage_taken":0,"max_hp_gain":0,"max_hp_loss":0,"event_name":"Wheel of Change","floor":21,"gold_loss":0,"cards_obtained":["Decay"]},{"damage_healed":0,"gold_gain":333,"player_choice":"Gave Idol","damage_taken":0,"max_hp_gain":0,"max_hp_loss":0,"event_name":"The Moai Head","floor":36,"relics_lost":["Golden Idol"],"gold_loss":0},{"damage_healed":0,"gold_gain":0,"player_choice":"Fight","damage_taken":0,"max_hp_gain":0,"max_hp_loss":0,"event_name":"Mysterious Sphere","floor":37,"gold_loss":0},{"damage_healed":0,"gold_gain":0,"player_choice":"Ignored","damage_taken":0,"max_hp_gain":0,"max_hp_loss":0,"event_name":"SecretPortal","floor":45,"gold_loss":0}],"is_beta":true,"boss_relics":[{"not_picked":["WristBlade","Empty Cage"],"picked":"HoveringKite"},{"not_picked":["Busted Crown","Runic Dome"],"picked":"Coffee Dripper"}],"items_purged_floors":[10,24,48],"is_endless":false,"potions_floor_spawned":[3,8,12,14,19,27,31,37,39,47],"ascension_level":11}