{"gold_per_floor":[218,233,246,321,32,61,73,119,131,190,202,244,256,278,290,405,417,445,457,110,91,107,107,118,18,18,18,18,38,73,92,92,192,192,212,54,67,67,86,117,135,165,236,252,252,266,300,319,319,319,319,319,22,50,50],"floor_reached":56,"playtime":2430,"items_purged":["Strike_B","Strike_B","Strike_B"],"score":1411,"play_id":"c2b86ad2-26a9-4895-b862-5c1601ff736a","local_time":"20190811140323","is_ascension_mode":true,"campfire_choices":[{"data":"Darkness","floor":7,"key":"SMITH"},{"floor":11,"key":"REST"},{"data":"Zap","floor":13,"key":"SMITH"},{"data":"Dualcast","floor":15,"key":"SMITH"},{"data":"Turbo","floor":23,"key":"SMITH"},{"data":"Hologram","floor":28,"key":"SMITH"},{"data":"Coolheaded","floor":32,"key":"SMITH"},{"floor":45,"key":"RECALL"},{"data":"Coolheaded","floor":49,"key":"SMITH"},{"data":"Seek","floor":52,"key":"SMITH"}],"neow_cost":"NONE","seed_source_timestamp":72754044556600,"circlet_count":0,"master_deck":["Defend_B","Defend_B","Defend_B","Defend_B","Zap+1","Dualcast+1","Steam","Ball Lightning","Sweeping Beam","Darkness+1","Echo Form+1","Turbo+1","Echo Form+1","Defragment+1","Self Repair+1","Heatsinks+1","Heatsinks+1","Static Discharge+1","Defragment+1","Hologram+1","Defragment+1","Coolheaded+1","Storm+1","Seek+1","Go for the Eyes+1","Storm+1","Heatsinks+1","Cold Snap+1","Coolheaded+1","Loop+1","Creative AI+1"],"relics":["Cracked Core","Bird Faced Urn","MawBank","Torii","The Courier","Bag of Marbles","Frozen Egg 2","Black Star","Mercury Hourglass","DataDisk","Blood Vial","Coffee Dripper","StoneCalendar","Question Card","Symbiotic Virus","Pen Nib","Regal Pillow","Darkstone Periapt","Thread and Needle","Anchor","Cables"],"potions_floor_usage":[6,21,30,35,55,55,55],"damage_taken":[{"damage":0,"enemies":"2 Louse","floor":1,"turns":2},{"damage":1,"enemies":"Jaw Worm","floor":2,"turns":3},{"damage":0,"enemies":"Cultist","floor":3,"turns":2},{"damage":14,"enemies":"Lagavulin","floor":6,"turns":6},{"damage":26,"enemies":"Gremlin Nob","floor":8,"turns":4},{"damage":1,"enemies":"Large Slime","floor":14,"turns":2},{"damage":10,"enemies":"The Guardian","floor":16,"turns":7},{"damage":22,"enemies":"3 Byrds","floor":18,"turns":5},{"damage":29,"enemies":"2 Thieves","floor":21,"turns":4},{"damage":18,"enemies":"Snake Plant","floor":22,"turns":3},{"damage":43,"enemies":"Cultist and Chosen","floor":24,"turns":5},{"damage":8,"enemies":"3 Cultists","floor":29,"turns":5},{"damage":1,"enemies":"Slavers","floor":30,"turns":2},{"damage":17,"enemies":"Snake Plant","floor":31,"turns":2},{"damage":27,"enemies":"Automaton","floor":33,"turns":6},{"damage":30,"enemies":"3 Shapes","floor":35,"turns":2},{"damage":30,"enemies":"3 Darklings","floor":37,"turns":3},{"damage":32,"enemies":"Maw","floor":39,"turns":5},{"damage":5,"enemies":"Nemesis","floor":40,"turns":3},{"damage":1,"enemies":"Sphere and 2 Shapes","floor":41,"turns":2},{"damage":13,"enemies":"Giant Head","floor":42,"turns":5},{"damage":8,"enemies":"Spire Growth","floor":44,"turns":3},{"damage":0,"enemies":"4 Shapes","floor":46,"turns":1},{"damage":15,"enemies":"Nemesis","floor":47,"turns":3},{"damage":1,"enemies":"Maw","floor":48,"turns":3},{"damage":53,"enemies":"Donu and Deca","floor":50,"turns":5},{"damage":42,"enemies":"Shield and Spear","floor":54,"turns":3},{"damage":38,"enemies":"The Heart","floor":55,"turns":6}],"seed_played":"1403650275151141904","potions_obtained":[{"floor":2,"key":"Regen Potion"},{"floor":3,"key":"FocusPotion"},{"floor":6,"key":"SpeedPotion"},{"floor":8,"key":"SteroidPotion"},{"floor":18,"key":"Ancient Potion"},{"floor":22,"key":"Energy Potion"},{"floor":33,"key":"Swift Potion"},{"floor":41,"key":"Dexterity Potion"}],"is_trial":false,"path_per_floor":["M","M","M","?","$","E","R","E","T","T","R","?","R","M","R","B",null,"M","?","$","M","M","R","M","$","T","?","R","M","E","M","R","B",null,"M","$","M","?","M","E","M","E","T","M","R","M","E","M","R","B",null,"R","$","E","B",null],"character_chosen":"DEFECT","items_purchased":["Bird Faced Urn","Defragment+1","Self Repair+1","Heatsinks+1","Heatsinks+1","Static Discharge+1","Coolheaded","FocusPotion","Thread and Needle","Loop+1"],"campfire_rested":1,"item_purchase_floors":[5,20,20,20,20,20,25,36,53,53],"current_hp_per_floor":[75,74,74,63,63,49,49,23,23,23,45,45,45,44,44,34,75,53,53,53,60,74,74,54,54,54,54,54,75,75,75,75,62,75,63,63,63,63,69,75,75,75,75,75,75,75,75,75,75,30,75,75,75,39,35],"gold":50,"neow_bonus":"HUNDRED_GOLD","is_prod":false,"is_daily":false,"chose_seed":false,"campfire_upgraded":8,"win_rate":0,"timestamp":1565528603,"path_taken":["M","M","M","?","$","E","R","E","T","?","R","?","R","M","R","BOSS","M","?","$","M","?","R","M","$","T","?","R","?","E","M","R","BOSS","M","$","M","?","M","E","M","E","T","M","R","M","E","M","R","BOSS","R","$","E","BOSS"],"build_version":"2019-07-17","purchased_purges":3,"victory":true,"max_hp_per_floor":[75,75,75,75,75,75,75,75,75,75,75,75,75,75,75,75,75,75,75,75,75,75,75,75,75,75,75,75,75,75,75,75,75,75,75,75,75,75,75,75,75,75,75,75,75,75,75,75,75,75,75,75,75,75,75],"card_choices":[{"not_picked":["Barrage","Redo"],"picked":"Steam","floor":1},{"not_picked":["Sunder","Blizzard"],"picked":"Ball Lightning","floor":2},{"not_picked":["Barrage","Consume"],"picked":"Sweeping Beam","floor":3},{"not_picked":["Sweeping Beam","Recycle"],"picked":"Darkness","floor":6},{"not_picked":["Conserve Battery","Amplify"],"picked":"Compile Driver","floor":8},{"not_picked":["Redo","Lockon","Sweeping Beam"],"picked":"SKIP","floor":14},{"not_picked":["Machine Learning+1","Amplify"],"picked":"Echo Form+1","floor":16},{"not_picked":["Steam","White Noise"],"picked":"Turbo","floor":18},{"not_picked":["Stack","Gash+1"],"picked":"Defragment+1","floor":21},{"not_picked":["Gash","Rebound"],"picked":"Hologram","floor":22},{"not_picked":["Go for the Eyes","Doom and Gloom"],"picked":"Defragment+1","floor":24},{"not_picked":["Darkness","Undo"],"picked":"Storm+1","floor":29},{"not_picked":["Compile Driver","Stack","Conserve Battery"],"picked":"SKIP","floor":30},{"not_picked":["Doom and Gloom","Stack","Streamline"],"picked":"SKIP","floor":31},{"not_picked":["Multi-Cast","Echo Form+1"],"picked":"Seek","floor":33},{"not_picked":["Compile Driver","Barrage","Steam Power"],"picked":"SKIP","floor":35},{"not_picked":["Genetic Algorithm","Redo"],"picked":"Go for the Eyes+1","floor":37},{"not_picked":["Stack+1","Hello World+1"],"picked":"Storm+1","floor":39},{"not_picked":["Turbo+1","Rebound","Sweeping Beam+1"],"picked":"SKIP","floor":40},{"not_picked":["Go for the Eyes+1","Stack","Redo+1","FTL+1"],"picked":"SKIP","floor":41},{"not_picked":["Rebound","Cold Snap","Fusion+1","Multi-Cast"],"picked":"SKIP","floor":42},{"not_picked":["Cold Snap+1","Darkness","Rip and Tear+1"],"picked":"Heatsinks+1","floor":44},{"not_picked":["Conserve Battery","Go for the Eyes","Beam Cell+1","Barrage+1"],"picked":"SKIP","floor":46},{"not_picked":["Sweeping Beam","Seek","Hologram+1"],"picked":"Cold Snap+1","floor":47},{"not_picked":["Hologram","Sweeping Beam","Leap+1"],"picked":"Coolheaded","floor":48},{"not_picked":["Ball Lightning","Conserve Battery","Beam Cell"],"picked":"Creative AI+1","floor":54}],"player_experience":1778903,"relics_obtained":[{"floor":6,"key":"MawBank"},{"floor":8,"key":"Torii"},{"floor":9,"key":"The Courier"},{"floor":10,"key":"Bag of Marbles"},{"floor":26,"key":"Mercury Hourglass"},{"floor":30,"key":"DataDisk"},{"floor":30,"key":"Blood Vial"},{"floor":40,"key":"StoneCalendar"},{"floor":40,"key":"Question Card"},{"floor":42,"key":"Symbiotic Virus"},{"floor":42,"key":"Pen Nib"},{"floor":47,"key":"Regal Pillow"},{"floor":47,"key":"Darkstone Periapt"},{"floor":54,"key":"Anchor"},{"floor":54,"key":"Cables"}],"event_choices":[{"damage_healed":0,"gold_gain":75,"player_choice":"Gather Gold","damage_taken":11,"max_hp_gain":0,"max_hp_loss":0,"event_name":"World of Goop","floor":4,"gold_loss":0},{"damage_healed":0,"gold_gain":30,"player_choice":"Searched \u00273\u0027 times","damage_taken":0,"relics_obtained":["Frozen Egg 2"],"max_hp_gain":0,"max_hp_loss":0,"event_name":"Dead Adventurer","floor":12,"gold_loss":0},{"damage_healed":0,"gold_gain":0,"cards_transformed":["Strike_B"],"player_choice":"Transformed","damage_taken":0,"max_hp_gain":0,"max_hp_loss":0,"event_name":"Transmorgrifier","floor":19,"gold_loss":0,"cards_obtained":["Echo Form"]},{"damage_healed":0,"gold_gain":0,"player_choice":"Got Potions","damage_taken":0,"max_hp_gain":0,"max_hp_loss":0,"event_name":"Lab","floor":27,"gold_loss":0},{"cards_removed":["Compile Driver"],"damage_healed":0,"gold_gain":0,"player_choice":"Removed Attack","damage_taken":0,"max_hp_gain":0,"max_hp_loss":0,"event_name":"Falling","floor":38,"gold_loss":0}],"is_beta":false,"boss_relics":[{"not_picked":["Runic Dome","Calling Bell"],"picked":"Black Star"},{"not_picked":["Inserter","FrozenCore"],"picked":"Coffee Dripper"}],"items_purged_floors":[20,25,36],"is_endless":false,"potions_floor_spawned":[2,3,6,8,14,18,22,29,33,41,44,46,48],"ascension_level":3}