{"gold_per_floor":[116,128,203,50,50,50,62,62,116,133,147,182,196,196,196,291,291,304,9,19,37,52,52,70,70,127,127,156,156,156,71,71,169,169,183,195,195,295,295,295,52,52,124,124,136,150,161,161,161,161],"floor_reached":51,"playtime":5616,"items_purged":["Strike_B","Madness"],"score":642,"play_id":"654b095d-6495-4e92-bf27-66da31f17792","local_time":"20191006050848","is_ascension_mode":false,"campfire_choices":[{"data":"Dualcast","floor":6.0,"key":"SMITH"},{"data":"Conserve Battery","floor":8.0,"key":"SMITH"},{"data":"Conserve Battery","floor":15.0,"key":"SMITH"},{"data":"Hello World","floor":23.0,"key":"SMITH"},{"data":"Biased Cognition","floor":25.0,"key":"SMITH"},{"data":"Chill","floor":27.0,"key":"SMITH"},{"data":"Sunder","floor":29.0,"key":"SMITH"},{"data":"Capacitor","floor":32.0,"key":"SMITH"},{"floor":40,"key":"REST"},{"data":"Panache","floor":42,"key":"SMITH"},{"data":"Static Discharge","floor":44,"key":"SMITH"},{"floor":49,"key":"REST"}],"neow_cost":"NONE","seed_source_timestamp":196135395875300,"circlet_count":0,"master_deck":["Strike_B","Strike_B","Strike_B","Defend_B","Defend_B","Defend_B","Defend_B","Zap+1","Dualcast+1","Self Repair+1","Melter","Conserve Battery+1","Compile Driver","Rip and Tear","Skim","Capacitor+1","Chill+1","Conserve Battery+1","Barrage","Biased Cognition+1","Ball Lightning","Glacier","Go for the Eyes+1","Conserve Battery","Hello World+1","Barrage+1","Sunder+1","Rainbow","Coolheaded+1","Madness","Recycle+1","Panache+1","Blizzard","Coolheaded","Static Discharge+1","Compile Driver","Force Field","Barrage+1","Parasite","Steam"],"special_seed":0,"relics":["Cracked Core","Oddly Smooth Stone","Happy Flower","StoneCalendar","Velvet Choker","Membership Card","Tiny Chest","Pear","Gremlin Horn","Busted Crown","Dead Branch","Blue Candle"],"potions_floor_usage":[47,47],"damage_taken":[{"damage":4.0,"enemies":"Small Slimes","floor":1.0,"turns":3.0},{"damage":3.0,"enemies":"2 Louse","floor":2.0,"turns":2.0},{"damage":1.0,"enemies":"Cultist","floor":7.0,"turns":3.0},{"damage":10.0,"enemies":"Exordium Wildlife","floor":10.0,"turns":4.0},{"damage":4.0,"enemies":"Large Slime","floor":11.0,"turns":4.0},{"damage":15.0,"enemies":"3 Sentries","floor":12.0,"turns":7.0},{"damage":2.0,"enemies":"2 Fungi Beasts","floor":13.0,"turns":4.0},{"damage":11.0,"enemies":"Slime Boss","floor":16.0,"turns":7.0},{"damage":4.0,"enemies":"Chosen","floor":18.0,"turns":4.0},{"damage":0.0,"enemies":"3 Byrds","floor":20.0,"turns":4.0},{"damage":14.0,"enemies":"Shelled Parasite and Fungi","floor":21.0,"turns":7.0},{"damage":0.0,"enemies":"Cultist and Chosen","floor":22.0,"turns":7.0},{"damage":10.0,"enemies":"Centurion and Healer","floor":24.0,"turns":6.0},{"damage":6.0,"enemies":"Gremlin Leader","floor":28.0,"turns":6.0},{"damage":24.0,"enemies":"Collector","floor":33.0,"turns":10.0},{"damage":5.0,"enemies":"Orb Walker","floor":35.0,"turns":3.0},{"damage":9.0,"enemies":"3 Shapes","floor":36.0,"turns":4.0},{"damage":7,"enemies":"Mind Bloom Boss Battle","floor":38,"turns":7},{"damage":13,"enemies":"Spire Growth","floor":45,"turns":4},{"damage":9,"enemies":"Jaw Worm Horde","floor":46,"turns":6},{"damage":50,"enemies":"Writhing Mass","floor":47,"turns":6},{"damage":50,"enemies":"Donu and Deca","floor":50,"turns":7}],"seed_played":"-5477601498583680688","potions_obtained":[{"floor":7.0,"key":"EssenceOfSteel"},{"floor":10.0,"key":"Energy Potion"},{"floor":16.0,"key":"FearPotion"},{"floor":18.0,"key":"Strength Potion"},{"floor":20.0,"key":"Block Potion"},{"floor":28.0,"key":"Regen Potion"},{"floor":33.0,"key":"Ancient Potion"},{"floor":38,"key":"Dexterity Potion"},{"floor":45,"key":"Poison Potion"},{"floor":47,"key":"SteroidPotion"}],"is_trial":false,"path_per_floor":["M","M","?","$","?","R","M","R","T","M","M","E","M","T","R","B",null,"M","$","M","M","M","R","M","R","T","R","E","R","?","?","R","B",null,"M","M","?","?","?","R","$","R","T","R","M","M","M","?","R","B",null],"character_chosen":"DEFECT","items_purchased":["Conserve Battery","Compile Driver","Rip and Tear","Glacier","Membership Card","Panache","Blizzard","Coolheaded","Static Discharge","Compile Driver"],"campfire_rested":2,"item_purchase_floors":[4,4,4,19,19,41,41,41,41,41],"current_hp_per_floor":[71,75,64,64,64,64,73,73,73,73,75,70,75,75,75,74,75,75,75,75,71,75,75,75,75,75,75,85,85,85,85,85,61,85,80,71,60,63,63,85,85,85,85,85,72,73,45,45,70,30],"gold":161,"neow_bonus":"UPGRADE_CARD","is_prod":false,"is_daily":false,"chose_seed":false,"campfire_upgraded":10,"win_rate":0,"timestamp":1570360128,"path_taken":["M","M","?","$","?","R","M","R","T","M","M","E","?","?","R","BOSS","M","$","M","M","M","R","M","R","T","R","E","R","?","?","R","BOSS","M","M","?","?","?","R","$","R","T","R","M","M","?","?","R","BOSS"],"build_version":"2019-07-17","purchased_purges":2,"victory":true,"max_hp_per_floor":[75,75,75,75,75,75,75,75,75,75,75,75,75,75,75,75,75,75,75,75,75,75,75,75,75,75,75,85,85,85,85,85,85,85,85,85,85,85,85,85,85,85,85,85,85,85,85,85,85,85],"card_choices":[{"not_picked":["Conserve Battery","Ball Lightning"],"picked":"Self Repair","floor":1.0},{"not_picked":["Aggregate","Sweeping Beam"],"picked":"Melter","floor":2.0},{"not_picked":["Redo","Conserve Battery"],"picked":"Skim","floor":7.0},{"not_picked":["Rebound","Reprogram"],"picked":"Capacitor","floor":10.0},{"not_picked":["Sunder","Barrage"],"picked":"Chill","floor":11.0},{"not_picked":["Cold Snap","Sunder"],"picked":"Conserve Battery","floor":12.0},{"not_picked":["Rebound","Steam"],"picked":"Barrage","floor":13.0},{"not_picked":["Creative AI","Thunder Strike"],"picked":"Biased Cognition","floor":16.0},{"not_picked":["Gash","Go for the Eyes"],"picked":"Ball Lightning","floor":18.0},{"not_picked":["Compile Driver","Lockon"],"picked":"Go for the Eyes+1","floor":20.0},{"not_picked":["Steam","Sweeping Beam"],"picked":"Conserve Battery","floor":21.0},{"not_picked":["Redo+1","Recycle"],"picked":"Hello World","floor":22.0},{"not_picked":["Glacier","Redo+1"],"picked":"Barrage+1","floor":24.0},{"not_picked":["Conserve Battery","Rainbow"],"picked":"Sunder","floor":28.0},{"not_picked":["Creative AI","Thunder Strike"],"picked":"Rainbow","floor":33.0},{"not_picked":["Steam"],"picked":"SKIP","floor":35.0},{"not_picked":[],"picked":"Coolheaded+1","floor":36.0},{"not_picked":[],"picked":"Recycle","floor":38},{"not_picked":[],"picked":"Force Field","floor":45},{"not_picked":[],"picked":"Barrage+1","floor":46},{"not_picked":[],"picked":"Steam","floor":47}],"player_experience":370798,"relics_obtained":[{"floor":9.0,"key":"Oddly Smooth Stone"},{"floor":12.0,"key":"Happy Flower"},{"floor":14.0,"key":"StoneCalendar"},{"floor":26.0,"key":"Tiny Chest"},{"floor":28.0,"key":"Pear"},{"floor":38,"key":"Dead Branch"},{"floor":43,"key":"Blue Candle"}],"event_choices":[{"damage_healed":0.0,"max_hp_gain":0.0,"max_hp_loss":0.0,"gold_gain":75.0,"event_name":"World of Goop","player_choice":"Gather Gold","floor":3.0,"gold_loss":0.0,"damage_taken":11.0},{"damage_healed":0.0,"max_hp_gain":0.0,"max_hp_loss":0.0,"gold_gain":0.0,"event_name":"Accursed Blacksmith","player_choice":"Forge","floor":5.0,"gold_loss":0.0,"damage_taken":0.0,"cards_upgraded":["Self Repair"]},{"damage_healed":0.0,"max_hp_gain":0.0,"max_hp_loss":0.0,"gold_gain":0.0,"event_name":"The Mausoleum","player_choice":"Ignored","floor":30.0,"gold_loss":0.0,"damage_taken":0.0},{"damage_healed":0.0,"max_hp_gain":0.0,"max_hp_loss":0.0,"gold_gain":0.0,"event_name":"Addict","player_choice":"Obtained Relic","floor":31.0,"gold_loss":85.0,"damage_taken":0.0,"relics_obtained":["Gremlin Horn"]},{"damage_healed":0.0,"max_hp_gain":0.0,"max_hp_loss":0.0,"gold_gain":0.0,"event_name":"Winding Halls","player_choice":"Embrace Madness","floor":37.0,"gold_loss":0.0,"damage_taken":11.0,"cards_obtained":["Madness","Madness"]},{"damage_healed":0,"gold_gain":0,"player_choice":"Fight","damage_taken":0,"max_hp_gain":0,"max_hp_loss":0,"event_name":"MindBloom","floor":38,"gold_loss":0},{"damage_healed":0,"gold_gain":0,"player_choice":"Upgraded","damage_taken":0,"max_hp_gain":0,"max_hp_loss":0,"event_name":"Upgrade Shrine","floor":39,"gold_loss":0,"cards_upgraded":["Recycle"]},{"damage_healed":0,"gold_gain":0,"player_choice":"Ignored","damage_taken":0,"max_hp_gain":0,"max_hp_loss":0,"event_name":"NoteForYourself","floor":48,"gold_loss":0}],"is_beta":false,"boss_relics":[{"not_picked":["Philosopher\u0027s Stone","Inserter"],"picked":"Velvet Choker"},{"not_picked":["Fusion Hammer","Snecko Eye"],"picked":"Busted Crown"}],"items_purged_floors":[19,41],"is_endless":false,"potions_floor_spawned":[7,10,16,18,20,28,33,38,45,47],"ascension_level":0}