{"gold_per_floor":[109,125,125,50,225,225,256,288,300,312,324],"floor_reached":11,"playtime":195,"items_purged":["Regret"],"score":85,"play_id":"07b8bb5a-b0c1-4630-b2a5-7c18483d8a07","local_time":"20190504211942","is_ascension_mode":true,"campfire_choices":[{"data":"Feed","floor":6,"key":"SMITH"},{"data":"Armaments","floor":10,"key":"SMITH"}],"neow_cost":"CURSE","seed_source_timestamp":882016142427700,"circlet_count":0,"master_deck":["Strike_R","Strike_R","Strike_R","Strike_R","Strike_R","Defend_R","Defend_R","Defend_R","Defend_R","Bash","Feed+1","Uppercut","Pommel Strike","Doubt","Armaments+1"],"relics":["Burning Blood","Letter Opener","MawBank","Pantograph"],"potions_floor_usage":[7],"damage_taken":[{"damage":14,"enemies":"Jaw Worm","floor":1,"turns":3},{"damage":11,"enemies":"2 Louse","floor":2,"turns":2},{"damage":28,"enemies":"Gremlin Nob","floor":7,"turns":4},{"damage":1,"enemies":"Cultist","floor":8,"turns":3},{"damage":57,"enemies":"3 Sentries","floor":11,"turns":6}],"seed_played":"4929875955823013041","potions_obtained":[{"floor":2,"key":"Explosive Potion"}],"is_trial":false,"path_per_floor":["M","M","?","$","?","R","E","M","T","R","E"],"character_chosen":"IRONCLAD","items_purchased":[],"campfire_rested":0,"item_purchase_floors":[],"current_hp_per_floor":[75,73,66,66,66,66,44,49,49,49,0],"gold":324,"neow_bonus":"THREE_RARE_CARDS","is_prod":false,"is_daily":false,"chose_seed":false,"campfire_upgraded":2,"win_rate":0,"timestamp":1556993982,"path_taken":["M","M","?","$","?","R","E","M","T","R","E"],"build_version":"2019-01-23","purchased_purges":1,"victory":false,"max_hp_per_floor":[83,86,86,86,86,86,86,86,86,86,90],"card_choices":[{"not_picked":["Exhume","Limit Break"],"picked":"Feed","floor":0},{"not_picked":["Warcry","Havoc"],"picked":"Uppercut","floor":1},{"not_picked":["Intimidate","Wild Strike"],"picked":"Pommel Strike","floor":2},{"not_picked":["Metallicize","Intimidate"],"picked":"Armaments","floor":7},{"not_picked":["Clothesline","Pommel Strike","Armaments"],"picked":"SKIP","floor":8}],"player_experience":347647,"relics_obtained":[{"floor":7,"key":"MawBank"},{"floor":9,"key":"Pantograph"}],"event_choices":[{"damage_healed":0,"gold_gain":0,"player_choice":"Success","damage_taken":7,"relics_obtained":["Letter Opener"],"max_hp_gain":0,"max_hp_loss":0,"event_name":"Scrap Ooze","floor":3,"gold_loss":0},{"damage_healed":0,"gold_gain":175,"player_choice":"AGREE","damage_taken":0,"max_hp_gain":0,"max_hp_loss":0,"event_name":"Liars Game","floor":5,"gold_loss":0,"cards_obtained":["Doubt"]}],"is_beta":false,"boss_relics":[],"items_purged_floors":[4],"is_endless":false,"potions_floor_spawned":[2],"killed_by":"3 Sentries","ascension_level":4}