{"gold_per_floor":[11,21,21,39,52,82,95,123,148,174,190,222,232,28,28,125,125,145,145,162,38,38,38,38,38,38,69,69,69,69,69,69,164,164,181,4,22,22,22,22,41,75,75,75,89,104,104,116,116,116],"floor_reached":50,"playtime":2381,"items_purged":["Strike_R","Defend_R","Cleave"],"score":778,"play_id":"1d538ec8-d466-481d-913f-2b638370e314","local_time":"20191015210535","is_ascension_mode":true,"campfire_choices":[{"data":"Metallicize","floor":15.0,"key":"SMITH"},{"data":"Shrug It Off","floor":23,"key":"SMITH"},{"data":"Armaments","floor":25,"key":"SMITH"},{"data":"Demon Form","floor":29,"key":"SMITH"},{"data":"Feel No Pain","floor":32,"key":"SMITH"},{"data":"Enlightenment","floor":40,"key":"SMITH"},{"floor":47,"key":"REST"},{"floor":49,"key":"REST"}],"neow_cost":"NO_GOLD","seed_source_timestamp":805354881718100,"circlet_count":0,"master_deck":["Bash+1","Demon Form+1","Dropkick","Headbutt","Metallicize+1","Body Slam+1","Clothesline+1","Iron Wave+1","Iron Wave+1","Fiend Fire+1","Battle Trance","Feel No Pain+1","Offering","Inflame+1","Exhume+1","Spot Weakness+1","Pommel Strike+1","Shrug It Off+1","Body Slam+1","Body Slam+1","Impervious","True Grit+1","Iron Wave+1","Shrug It Off+1","Enlightenment+1","Rage","Seeing Red+1","Body Slam+1","Shrug It Off","Shrug It Off+1","Berserk"],"special_seed":0,"relics":["Burning Blood","Molten Egg 2","TungstenRod","Dream Catcher","Juzu Bracelet","Lantern","Astrolabe","Bronze Scales","Pantograph","Kunai","GremlinMask","Empty Cage","Bottled Lightning","Letter Opener"],"potions_floor_usage":[33,46,50,50],"damage_taken":[{"damage":6.0,"enemies":"Jaw Worm","floor":1.0,"turns":5.0},{"damage":3.0,"enemies":"2 Louse","floor":2.0,"turns":3.0},{"damage":6.0,"enemies":"Cultist","floor":4.0,"turns":3.0},{"damage":29.0,"enemies":"Red Slaver","floor":5.0,"turns":5.0},{"damage":18.0,"enemies":"3 Sentries","floor":6.0,"turns":7.0},{"damage":0.0,"enemies":"Large Slime","floor":7.0,"turns":5.0},{"damage":19.0,"enemies":"Lagavulin","floor":8.0,"turns":6.0},{"damage":18.0,"enemies":"3 Sentries","floor":10.0,"turns":4.0},{"damage":3.0,"enemies":"Gremlin Gang","floor":11.0,"turns":8.0},{"damage":1.0,"enemies":"Gremlin Nob","floor":12.0,"turns":4.0},{"damage":0.0,"enemies":"Blue Slaver","floor":13.0,"turns":4.0},{"damage":5.0,"enemies":"The Guardian","floor":16.0,"turns":9.0},{"damage":8,"enemies":"Chosen","floor":18,"turns":6},{"damage":3,"enemies":"Shell Parasite","floor":20,"turns":6},{"damage":28,"enemies":"Slavers","floor":27,"turns":5},{"damage":62,"enemies":"Automaton","floor":33,"turns":7},{"damage":10,"enemies":"3 Shapes","floor":35,"turns":4},{"damage":5,"enemies":"Orb Walker","floor":37,"turns":2},{"damage":13,"enemies":"Spire Growth","floor":41,"turns":4},{"damage":28,"enemies":"Nemesis","floor":42,"turns":5},{"damage":11,"enemies":"Sphere and 2 Shapes","floor":45,"turns":5},{"damage":2,"enemies":"4 Shapes","floor":46,"turns":5},{"damage":13,"enemies":"Writhing Mass","floor":48,"turns":4},{"damage":85,"enemies":"Time Eater","floor":50,"turns":6}],"seed_played":"-584260755882527340","potions_obtained":[{"floor":2.0,"key":"DuplicationPotion"},{"floor":5.0,"key":"Energy Potion"},{"floor":10.0,"key":"EntropicBrew"},{"floor":11.0,"key":"Fire Potion"},{"floor":37,"key":"SpeedPotion"},{"floor":42,"key":"LiquidMemories"},{"floor":46,"key":"PowerPotion"}],"is_trial":false,"path_per_floor":["M","M","?","M","M","E","M","E","T","E","M","E","M","$","R","B",null,"M","?","M","$","?","R","?","R","T","E","?","R","?","$","R","B",null,"M","$","M","?","?","R","M","E","T","?","M","M","R","M","R","B"],"character_chosen":"IRONCLAD","items_purchased":["Feel No Pain","Energy Potion","Body Slam+1","Iron Wave+1"],"campfire_rested":2,"item_purchase_floors":[14,14,21,36],"current_hp_per_floor":[72,75,75,75,52,40,46,33,33,21,24,29,35,35,35,36,69,67,67,70,70,70,70,70,70,70,48,48,48,41,41,41,10,63,59,59,60,53,53,53,46,24,24,24,19,23,47,40,64,0],"gold":116,"neow_bonus":"TRANSFORM_TWO_CARDS","is_prod":false,"is_daily":false,"chose_seed":false,"campfire_upgraded":6,"win_rate":0,"timestamp":1571162735,"path_taken":["M","M","?","M","M","E","M","E","T","E","M","E","M","$","R","BOSS","M","?","M","$","?","R","?","R","T","E","?","R","?","?","R","BOSS","M","$","M","?","?","R","M","E","T","?","M","M","R","M","R","BOSS"],"build_version":"2019-10-14","purchased_purges":3,"victory":false,"max_hp_per_floor":[80,80,80,80,80,80,80,80,80,80,80,80,80,80,80,80,80,80,80,80,80,80,80,80,80,80,80,80,80,80,80,80,80,80,80,80,80,80,80,80,80,80,80,80,80,80,80,80,80,80],"card_choices":[{"not_picked":["True Grit","Armaments"],"picked":"Cleave","floor":1.0},{"not_picked":["Ghostly Armor","Sword Boomerang"],"picked":"Dropkick","floor":2.0},{"not_picked":["Perfected Strike","True Grit"],"picked":"Headbutt","floor":4.0},{"not_picked":["Sever Soul","Sentinel"],"picked":"Metallicize","floor":5.0},{"not_picked":["Rage","Power Through"],"picked":"Body Slam","floor":6.0},{"not_picked":["Iron Wave+1","Dual Wield"],"picked":"Clothesline+1","floor":7.0},{"not_picked":["Whirlwind+1","Reckless Charge+1"],"picked":"Iron Wave+1","floor":8.0},{"not_picked":["Infernal Blade","Clothesline+1"],"picked":"Armaments","floor":10.0},{"not_picked":["Flex","Heavy Blade+1"],"picked":"Iron Wave+1","floor":11.0},{"not_picked":["Perfected Strike+1","Reckless Charge+1"],"picked":"Fiend Fire+1","floor":12.0},{"not_picked":["Dual Wield","Wild Strike+1"],"picked":"Battle Trance","floor":13.0},{"not_picked":["Feed+1","Demon Form"],"picked":"Offering","floor":16.0},{"not_picked":["True Grit","Clothesline+1"],"picked":"Pommel Strike+1","floor":18},{"not_picked":["Entrench+1","Sever Soul+1"],"picked":"Shrug It Off","floor":20},{"not_picked":["Dual Wield","Spot Weakness"],"picked":"Body Slam+1","floor":27},{"not_picked":["Dark Embrace","Limit Break"],"picked":"Impervious","floor":33},{"not_picked":["Wild Strike+1","Uppercut+1"],"picked":"True Grit+1","floor":35},{"not_picked":["Clothesline+1","True Grit"],"picked":"Shrug It Off+1","floor":37},{"not_picked":["Panache","Mind Blast+1"],"picked":"Enlightenment","floor":39},{"not_picked":["Thunderclap+1","Shrug It Off"],"picked":"Rage","floor":41},{"not_picked":["Clash+1","Cleave+1"],"picked":"Seeing Red+1","floor":42},{"not_picked":["Entrench","Uppercut+1"],"picked":"Shrug It Off","floor":45},{"not_picked":["Dual Wield","Hemokinesis+1","Intimidate"],"picked":"SKIP","floor":46},{"not_picked":["Wild Strike+1","Hemokinesis+1"],"picked":"Shrug It Off+1","floor":48},{"not_picked":["Iron Wave+1","Reckless Charge+1"],"picked":"Berserk","floor":49}],"player_experience":403834,"relics_obtained":[{"floor":6.0,"key":"Molten Egg 2"},{"floor":8.0,"key":"TungstenRod"},{"floor":9.0,"key":"Dream Catcher"},{"floor":10.0,"key":"Juzu Bracelet"},{"floor":12.0,"key":"Lantern"},{"floor":26,"key":"Pantograph"},{"floor":27,"key":"Kunai"},{"floor":42,"key":"Bottled Lightning"},{"floor":43,"key":"Letter Opener"}],"event_choices":[{"damage_healed":0.0,"max_hp_gain":0.0,"max_hp_loss":0.0,"gold_gain":0.0,"event_name":"Living Wall","player_choice":"Grow","floor":3.0,"gold_loss":0.0,"damage_taken":0.0,"cards_upgraded":["Bash"]},{"damage_healed":0,"gold_gain":0,"player_choice":"Opened","damage_taken":0,"relics_obtained":["Bronze Scales"],"max_hp_gain":0,"max_hp_loss":0,"event_name":"The Mausoleum","floor":19,"gold_loss":0},{"cards_removed":["Defend_R"],"damage_healed":0,"gold_gain":0,"player_choice":"Elegance","damage_taken":0,"max_hp_gain":0,"max_hp_loss":0,"event_name":"Back to Basics","floor":22,"gold_loss":0},{"damage_healed":0,"gold_gain":0,"player_choice":"Ignored","damage_taken":0,"max_hp_gain":0,"max_hp_loss":0,"event_name":"Vampires","floor":24,"gold_loss":0},{"damage_healed":0,"gold_gain":0,"player_choice":"Trade","damage_taken":0,"relics_obtained":["GremlinMask"],"max_hp_gain":0,"max_hp_loss":0,"event_name":"FaceTrader","floor":28,"gold_loss":0},{"damage_healed":0,"gold_gain":0,"player_choice":"Damaged","damage_taken":8,"max_hp_gain":0,"max_hp_loss":0,"event_name":"Wheel of Change","floor":30,"gold_loss":0},{"damage_healed":0,"gold_gain":0,"player_choice":"Damaged","damage_taken":8,"max_hp_gain":0,"max_hp_loss":0,"event_name":"Wheel of Change","floor":38,"gold_loss":0},{"damage_healed":0,"gold_gain":0,"player_choice":"Memory 1","damage_taken":0,"max_hp_gain":0,"max_hp_loss":0,"event_name":"SensoryStone","floor":39,"gold_loss":0},{"damage_healed":0,"gold_gain":0,"cards_transformed":["Defend_R"],"player_choice":"Transformed","damage_taken":0,"max_hp_gain":0,"max_hp_loss":0,"event_name":"Transmorgrifier","floor":44,"gold_loss":0,"cards_obtained":["Body Slam"]}],"is_beta":true,"boss_relics":[{"not_picked":["SacredBark","Calling Bell"],"picked":"Astrolabe"},{"not_picked":["Velvet Choker","Runic Cube"],"picked":"Empty Cage"}],"items_purged_floors":[14,21,36],"is_endless":false,"potions_floor_spawned":[2,5,10,11,20,37,42,46],"killed_by":"Time Eater","ascension_level":8}