{"gold_per_floor":[109,109,59,5,24,356,375,375,450,450,97,128,378,404,404,404],"floor_reached":16,"playtime":356,"items_purged":["Strike_R"],"score":148,"play_id":"c573dbfd-d70a-4b83-a572-86c635a38683","local_time":"20180722115129","is_ascension_mode":true,"campfire_choices":[{"data":"Flex","floor":8,"key":"SMITH"},{"data":"Flex","floor":10,"key":"SMITH"},{"data":"Dual Wield","floor":15,"key":"SMITH"}],"neow_cost":"NONE","seed_source_timestamp":681196604006656,"circlet_count":0,"master_deck":["Strike_R","Strike_R","Strike_R","Strike_R","Defend_R","Defend_R","Defend_R","Defend_R","Bash","Flex+1","Flex+1","Sword Boomerang","Dual Wield+1","Sever Soul","Reaper","Reaper","Thunderclap","Regret","Power Through"],"relics":["Burning Blood","NeowsBlessing","Blood Vial","Old Coin","Question Card","DollysMirror","Art of War","Sundial"],"potions_floor_usage":[],"damage_taken":[{"damage":0,"enemies":"Small Slimes","floor":1,"turns":1},{"damage":0,"enemies":"Jaw Worm","floor":5,"turns":1},{"damage":0,"enemies":"3 Sentries","floor":6,"turns":2},{"damage":0,"enemies":"2 Louse","floor":7,"turns":2},{"damage":36,"enemies":"Gremlin Nob","floor":12,"turns":5},{"damage":38,"enemies":"Lagavulin","floor":14,"turns":6},{"damage":50,"enemies":"Hexaghost","floor":16,"turns":9}],"seed_played":"-7122377892100125960","potions_obtained":[{"floor":6,"key":"LiquidBronze"},{"floor":14,"key":"SpeedPotion"}],"is_trial":false,"path_per_floor":["M","?","?","$","M","E","M","R","T","R","$","E","?","E","R"],"character_chosen":"IRONCLAD","items_purchased":["Flex","Reaper","DollysMirror"],"campfire_rested":0,"item_purchase_floors":[4,11,11],"current_hp_per_floor":[80,80,80,80,80,80,80,80,80,80,80,50,50,25,25,0],"gold":404,"neow_bonus":"THREE_ENEMY_KILL","is_prod":false,"is_daily":false,"chose_seed":false,"campfire_upgraded":3,"win_rate":0,"timestamp":1532249489,"path_taken":["M","?","?","$","M","E","M","R","T","R","$","E","?","E","R","BOSS"],"build_version":"2018-07-19v2","purchased_purges":1,"victory":false,"max_hp_per_floor":[80,80,80,80,80,80,80,80,80,80,80,80,80,80,80,80],"card_choices":[{"not_picked":["Rampage","Clash"],"picked":"Flex","floor":1},{"not_picked":["Twin Strike","Ghostly Armor"],"picked":"Sword Boomerang","floor":5},{"not_picked":["Clash","Whirlwind"],"picked":"Dual Wield","floor":6},{"not_picked":["Searing Blow","Metallicize"],"picked":"Sever Soul","floor":7},{"not_picked":["Iron Wave","Wild Strike","Havoc"],"picked":"Thunderclap","floor":12},{"not_picked":["Perfected Strike","Sever Soul","Immolate"],"picked":"Power Through","floor":14}],"player_experience":167860,"relics_obtained":[{"floor":6,"key":"Old Coin"},{"floor":9,"key":"Question Card"},{"floor":12,"key":"Art of War"},{"floor":14,"key":"Sundial"}],"event_choices":[{"event_name":"Big Fish","player_choice":"Box","floor":2,"damage_taken":0},{"event_name":"The Cleric","player_choice":"Card Removal","floor":3,"damage_taken":0},{"event_name":"Golden Shrine","player_choice":"Desecrate","floor":13,"damage_taken":0}],"is_beta":false,"boss_relics":[],"items_purged_floors":[11],"is_endless":false,"potions_floor_spawned":[6,14],"killed_by":"Hexaghost","ascension_level":1}