{"gold_per_floor":[114,114,129,14,29,29,44,59,59,59,159,174,174,189,189,289,289,304,4,19,19,19,19,34,34,34,49,64,64,79,4,4,104,104,119,119,119,134,59,59,74,89,89,104,119,119,119,0,0,0],"floor_reached":51,"playtime":4803,"items_purged":["Clumsy"],"score":718,"play_id":"3a9ce1a0-b4ff-414d-8e43-d8fa5c82af5f","local_time":"20191003210059","daily_mods":["Cursed Run","Colorless Cards","Lethality"],"is_ascension_mode":false,"campfire_choices":[{"data":"Armaments","floor":6.0,"key":"SMITH"},{"data":"Heavy Blade","floor":10.0,"key":"SMITH"},{"data":"Inflame","floor":15.0,"key":"SMITH"},{"data":"Dark Shackles","floor":23.0,"key":"SMITH"},{"floor":29.0,"key":"REST"},{"floor":32.0,"key":"REST"},{"floor":40,"key":"REST"},{"floor":46,"key":"REST"},{"floor":49,"key":"REST"}],"neow_cost":"","seed_source_timestamp":0,"circlet_count":0,"master_deck":["Strike_R","Strike_R","Strike_R","Strike_R","Strike_R","Defend_R","Defend_R","Defend_R","Defend_R","Cleave","Heavy Blade","Inflame+1","Armaments+1","Heavy Blade+1","Jack Of All Trades","Dark Shackles","Bandage Up","Dark Shackles+1","Flash of Steel","Necronomicurse","Trip","Swift Strike","Anger+1","Impervious","Violence+1","Rupture+1","Enlightenment","Madness","Madness","Trip","Forethought","Heavy Blade+1","Fire Breathing+1","Parasite","Dark Shackles","Cleave+1","Swift Strike","Decay"],"special_seed":18173,"relics":["Cursed Key","Darkstone Periapt","Du-Vu Doll","Runic Pyramid","Ginger","Necronomicon","Astrolabe","Red Mask"],"potions_floor_usage":[],"damage_taken":[{"damage":4.0,"enemies":"Jaw Worm","floor":1.0,"turns":3.0},{"damage":0.0,"enemies":"2 Louse","floor":3.0,"turns":1.0},{"damage":0.0,"enemies":"Cultist","floor":5.0,"turns":2.0},{"damage":0.0,"enemies":"Large Slime","floor":7.0,"turns":3.0},{"damage":0.0,"enemies":"Red Slaver","floor":8.0,"turns":1.0},{"damage":0.0,"enemies":"Looter","floor":12.0,"turns":2.0},{"damage":6.0,"enemies":"Exordium Wildlife","floor":14.0,"turns":3.0},{"damage":0.0,"enemies":"Slime Boss","floor":16.0,"turns":6.0},{"damage":0.0,"enemies":"Spheric Guardian","floor":18.0,"turns":2.0},{"damage":4.0,"enemies":"2 Thieves","floor":20.0,"turns":2.0},{"damage":0.0,"enemies":"Snake Plant","floor":24.0,"turns":2.0},{"damage":15.0,"enemies":"Centurion and Healer","floor":27.0,"turns":4.0},{"damage":21.0,"enemies":"Shelled Parasite and Fungi","floor":28.0,"turns":2.0},{"damage":0.0,"enemies":"Snake Plant","floor":30.0,"turns":1.0},{"damage":19.0,"enemies":"Champ","floor":33.0,"turns":6.0},{"damage":17.0,"enemies":"3 Darklings","floor":35.0,"turns":6.0},{"damage":22,"enemies":"3 Shapes","floor":38,"turns":2},{"damage":13,"enemies":"Transient","floor":41,"turns":5},{"damage":9,"enemies":"Writhing Mass","floor":42,"turns":3},{"damage":0,"enemies":"Maw","floor":44,"turns":5},{"damage":29,"enemies":"Jaw Worm Horde","floor":45,"turns":3},{"damage":80,"enemies":"Time Eater","floor":50,"turns":9}],"seed_played":"5898277998764713723","potions_obtained":[{"floor":1.0,"key":"BloodPotion"},{"floor":7.0,"key":"Regen Potion"},{"floor":8.0,"key":"PowerPotion"},{"floor":13.0,"key":"Fruit Juice"},{"floor":13.0,"key":"Ancient Potion"}],"is_trial":false,"path_per_floor":["M","?","M","$","M","R","M","M","T","R","?","M","?","M","R","B",null,"M","$","M","?","?","R","M","$","T","M","M","R","M","?","R","B",null,"M","?","?","M","$","R","M","M","T","M","M","R","?","?","R","B",null],"character_chosen":"IRONCLAD","items_purchased":["Inflame","Armaments","Ginger"],"campfire_rested":5,"item_purchase_floors":[4,4,19],"current_hp_per_floor":[76,76,76,76,76,76,76,76,76,76,76,76,81,75,75,85,91,91,91,87,77,77,77,77,77,77,66,45,74,74,74,97,88,109,96,82,77,61,61,93,84,85,85,89,60,94,94,94,115,45],"gold":0,"neow_bonus":"","is_prod":false,"is_daily":true,"chose_seed":false,"campfire_upgraded":4,"win_rate":0.0,"timestamp":1570158059,"path_taken":["M","?","M","$","M","R","M","M","T","R","?","?","?","M","R","BOSS","M","$","M","?","?","R","M","?","T","M","M","R","M","?","R","BOSS","M","?","?","M","$","R","M","M","T","M","M","R","?","?","R","BOSS"],"build_version":"2019-07-17","purchased_purges":1,"victory":true,"max_hp_per_floor":[80,80,80,80,80,80,80,80,80,80,80,80,85,85,85,91,91,91,91,91,97,97,97,97,97,97,97,97,97,97,97,97,103,109,109,109,109,109,109,109,109,115,115,115,115,115,115,115,115,121],"card_choices":[{"not_picked":["Dual Wield","Flame Barrier"],"picked":"Cleave","floor":1.0},{"not_picked":["Havoc","Body Slam"],"picked":"Heavy Blade","floor":3.0},{"not_picked":["Sword Boomerang","Cleave"],"picked":"Clash","floor":5.0},{"not_picked":["Armaments","Havoc"],"picked":"Heavy Blade","floor":7.0},{"not_picked":["Spot Weakness","Havoc"],"picked":"Jack Of All Trades","floor":8.0},{"not_picked":["Sword Boomerang","Brutality"],"picked":"Dark Shackles","floor":12.0},{"not_picked":["Shrug It Off","Twin Strike"],"picked":"Bandage Up","floor":14.0},{"not_picked":["Whirlwind+1","Shrug It Off"],"picked":"Dark Shackles","floor":18.0},{"not_picked":["True Grit","Iron Wave"],"picked":"Flash of Steel","floor":20.0},{"not_picked":["Burning Pact","True Grit"],"picked":"Trip","floor":24.0},{"not_picked":["True Grit","Body Slam"],"picked":"Swift Strike","floor":27.0},{"not_picked":["Cleave","Warcry+1"],"picked":"Anger+1","floor":28.0},{"not_picked":["Carnage+1","Iron Wave","Uppercut"],"picked":"SKIP","floor":30.0},{"not_picked":["HandOfGreed","Berserk"],"picked":"Impervious","floor":33.0},{"not_picked":["Dropkick","Impatience"],"picked":"Enlightenment","floor":35.0},{"not_picked":["Dramatic Entrance","Panacea"],"picked":"Trip","floor":37.0},{"not_picked":["Jack Of All Trades","Discovery"],"picked":"Forethought","floor":37.0},{"not_picked":["Flame Barrier+1","Forethought"],"picked":"Heavy Blade+1","floor":38},{"not_picked":["Body Slam","Disarm"],"picked":"Fire Breathing+1","floor":41},{"not_picked":["Swift Strike+1","Twin Strike+1"],"picked":"Dark Shackles","floor":42},{"not_picked":["Pommel Strike","Flex"],"picked":"Cleave+1","floor":44},{"not_picked":["Perfected Strike","Power Through"],"picked":"Swift Strike","floor":45}],"player_experience":337288,"relics_obtained":[{"floor":21.0,"key":"Necronomicon"}],"event_choices":[{"damage_healed":0.0,"max_hp_gain":0.0,"max_hp_loss":0.0,"gold_gain":0.0,"event_name":"Liars Game","player_choice":"Ignored","floor":2.0,"gold_loss":0.0,"damage_taken":0.0},{"damage_healed":0.0,"max_hp_gain":0.0,"max_hp_loss":0.0,"gold_gain":100.0,"event_name":"Golden Shrine","player_choice":"Pray","floor":11.0,"gold_loss":0.0,"damage_taken":0.0},{"damage_healed":0.0,"max_hp_gain":0.0,"max_hp_loss":0.0,"gold_gain":0.0,"event_name":"Lab","player_choice":"Got Potions","floor":13.0,"gold_loss":0.0,"damage_taken":0.0},{"damage_healed":0.0,"max_hp_gain":0.0,"max_hp_loss":0.0,"gold_gain":0.0,"event_name":"Cursed Tome","player_choice":"Obtained Book","floor":21.0,"gold_loss":0.0,"damage_taken":16.0},{"cards_removed":["Decay"],"damage_healed":0.0,"max_hp_gain":0.0,"max_hp_loss":0.0,"gold_gain":0.0,"event_name":"Beggar","player_choice":"Gave Gold","floor":31.0,"gold_loss":75.0,"damage_taken":0.0},{"damage_healed":0.0,"max_hp_gain":0.0,"max_hp_loss":0.0,"gold_gain":0.0,"event_name":"Winding Halls","player_choice":"Embrace Madness","floor":36.0,"gold_loss":0.0,"damage_taken":14.0,"cards_obtained":["Madness","Madness"]},{"damage_healed":0.0,"max_hp_gain":0.0,"max_hp_loss":0.0,"gold_gain":0.0,"event_name":"SensoryStone","player_choice":"Memory 2","floor":37.0,"gold_loss":0.0,"damage_taken":5.0},{"damage_healed":0,"gold_gain":0,"player_choice":"Ignored","damage_taken":0,"max_hp_gain":0,"max_hp_loss":0,"event_name":"Mysterious Sphere","floor":47,"gold_loss":0},{"damage_healed":0,"gold_gain":0,"player_choice":"Paid","damage_taken":0,"relics_obtained":["Red Mask"],"max_hp_gain":0,"max_hp_loss":0,"event_name":"Tomb of Lord Red Mask","floor":48,"gold_loss":119}],"is_beta":false,"boss_relics":[{"not_picked":["Black Star","Mark of Pain"],"picked":"Runic Pyramid"},{"not_picked":["Velvet Choker","Sozu"],"picked":"Astrolabe"}],"items_purged_floors":[39],"is_endless":false,"potions_floor_spawned":[1,7,8,20,24,33,41,44],"ascension_level":0}