{"gold_per_floor":[112,112,112,112,132,162,178,178,178,178,178,209,209,241,241,346,346,356,46,66,91,110,136,136,136,190,209,209,237,237,237,237,335,385,397,411,428,442,460,489,60,91,91,91,91,102,129,229,229,229],"floor_reached":51,"playtime":6455,"items_purged":[],"score":931,"play_id":"9cba8cd8-feab-4405-89ed-dfefbedb9ae4","local_time":"20190915225048","is_ascension_mode":true,"campfire_choices":[{"floor":8,"key":"REST"},{"data":"Crippling Poison","floor":10,"key":"SMITH"},{"floor":11,"key":"REST"},{"data":"Deadly Poison","floor":13,"key":"SMITH"},{"data":"Endless Agony","floor":15,"key":"SMITH"},{"floor":24,"key":"REST"},{"data":"Night Terror","floor":25,"key":"SMITH"},{"data":"Crippling Poison","floor":28,"key":"SMITH"},{"data":"Tools of the Trade","floor":32,"key":"SMITH"},{"data":"After Image","floor":44,"key":"SMITH"},{"floor":49,"key":"RECALL"}],"neow_cost":"NONE","seed_source_timestamp":0,"circlet_count":0,"master_deck":["Strike_G","Strike_G","Strike_G+1","Strike_G","Strike_G","Defend_G","Defend_G","Defend_G","Defend_G","Defend_G","Survivor","Neutralize+1","Acrobatics","Deadly Poison+1","Crippling Poison+1","Acrobatics","Endless Agony+1","Night Terror+1","Die Die Die","Outmaneuver","Crippling Poison+1","Corpse Explosion","Blade Dance+1","Dagger Throw+1","Dagger Throw","Tools of the Trade+1","After Image+1","Blade Dance","Outmaneuver","Prepared+1","Poisoned Stab","Blur+1","Eviscerate+1","Eviscerate+1","Heel Hook","Well Laid Plans","Prepared","Bandage Up","Apotheosis","Blur+1","Dagger Throw","Dagger Throw"],"special_seed":0,"relics":["Ring of the Snake","WingedGreaves","Matryoshka","Paper Crane","Regal Pillow","Nunchaku","Letter Opener","WristBlade","Tough Bandages","Happy Flower","Anchor","Centennial Puzzle","Lantern","PreservedInsect","Tiny House","Strawberry","Dream Catcher","Oddly Smooth Stone","Pen Nib","Pear","Bag of Preparation","Mango"],"potions_floor_usage":[6,16,33,33,33,40,42,47,50,50],"damage_taken":[{"damage":0.0,"enemies":"2 Louse","floor":1.0,"turns":3.0},{"damage":2.0,"enemies":"Small Slimes","floor":5.0,"turns":3.0},{"damage":25,"enemies":"3 Sentries","floor":6,"turns":12},{"damage":1,"enemies":"Jaw Worm","floor":7,"turns":4},{"damage":15,"enemies":"Gremlin Nob","floor":12,"turns":4},{"damage":10,"enemies":"Lagavulin","floor":14,"turns":6},{"damage":7,"enemies":"Hexaghost","floor":16,"turns":10},{"damage":1,"enemies":"Chosen","floor":18,"turns":4},{"damage":21,"enemies":"2 Thieves","floor":20,"turns":3},{"damage":9,"enemies":"Snake Plant","floor":22,"turns":5},{"damage":12,"enemies":"Book of Stabbing","floor":23,"turns":7},{"damage":2,"enemies":"Snecko","floor":27,"turns":5},{"damage":5,"enemies":"Slavers","floor":29,"turns":2},{"damage":3,"enemies":"Collector","floor":33,"turns":8},{"damage":4,"enemies":"Orb Walker","floor":35,"turns":3},{"damage":0,"enemies":"3 Shapes","floor":36,"turns":2},{"damage":16,"enemies":"Spire Growth","floor":37,"turns":5},{"damage":0,"enemies":"3 Darklings","floor":38,"turns":2},{"damage":0,"enemies":"Maw","floor":39,"turns":8},{"damage":0,"enemies":"Giant Head","floor":40,"turns":7},{"damage":8,"enemies":"Reptomancer","floor":42,"turns":6},{"damage":16,"enemies":"Spire Growth","floor":46,"turns":4},{"damage":0,"enemies":"Giant Head","floor":47,"turns":7},{"damage":0,"enemies":"Mind Bloom Boss Battle","floor":48,"turns":5},{"damage":59,"enemies":"Time Eater","floor":50,"turns":14}],"seed_played":"-7910808734158700672","potions_obtained":[{"floor":5.0,"key":"GhostInAJar"},{"floor":14,"key":"SpeedPotion"},{"floor":16,"key":"Poison Potion"},{"floor":23,"key":"Fire Potion"},{"floor":27,"key":"GhostInAJar"},{"floor":33,"key":"PowerPotion"},{"floor":34,"key":"Explosive Potion"},{"floor":36,"key":"FearPotion"},{"floor":37,"key":"SpeedPotion"},{"floor":40,"key":"SkillPotion"},{"floor":48,"key":"SkillPotion"}],"is_trial":false,"path_per_floor":["M","?","?","T","M","E","M","R","T","R","R","E","R","E","R","B",null,"M","$","M","T","M","E","R","R","T","M","R","E","?","?","R","B",null,"M","M","M","M","M","E","$","E","T","R","?","M","E","?","R","B",null],"character_chosen":"THE_SILENT","items_purchased":["Tough Bandages","Dream Catcher","Oddly Smooth Stone","Heel Hook","Well Laid Plans"],"campfire_rested":3,"item_purchase_floors":[19,41,41,41,41],"current_hp_per_floor":[70,70,52,52,50,25,24,45,45,45,70,55,55,45,45,38,70,69,69,48,48,39,27,63,63,63,61,61,56,56,56,56,53,75,71,71,55,55,55,62,62,54,64,64,59,59,63,93,93,38],"gold":229,"neow_bonus":"UPGRADE_CARD","is_prod":false,"is_daily":false,"chose_seed":false,"campfire_upgraded":7,"win_rate":0,"timestamp":1568613048,"path_taken":["M","?","?","?","?","E","M","R","T","R","R","E","R","E","R","BOSS","M","$","M","?","M","E","R","R","T","?","R","E","?","?","R","BOSS","M","M","?","M","M","E","$","E","T","R","?","M","E","?","R","BOSS"],"build_version":"2019-07-17","purchased_purges":0,"victory":true,"max_hp_per_floor":[70,70,70,70,70,70,70,70,70,70,70,70,70,70,70,70,70,70,70,70,70,70,70,70,70,70,70,70,70,70,70,70,70,75,75,75,75,75,75,82,82,82,92,92,92,92,92,106,106,106],"card_choices":[{"not_picked":["Slice","Flechettes"],"picked":"Acrobatics","floor":1.0},{"not_picked":["Acrobatics","Eviscerate"],"picked":"Deadly Poison","floor":5.0},{"not_picked":["Blur","Finisher"],"picked":"Crippling Poison","floor":6},{"not_picked":["Caltrops","Choke"],"picked":"Acrobatics","floor":7},{"not_picked":["Predator","Dagger Spray"],"picked":"Endless Agony","floor":12},{"not_picked":["Wraith Form v2","Dash"],"picked":"Night Terror","floor":14},{"not_picked":["Venomology","Malaise"],"picked":"Die Die Die","floor":16},{"not_picked":["Dagger Throw+1","Bane"],"picked":"Outmaneuver","floor":18},{"not_picked":["Underhanded Strike+1","Terror"],"picked":"Crippling Poison","floor":20},{"not_picked":["PiercingWail+1","Finisher"],"picked":"Corpse Explosion","floor":22},{"not_picked":["Escape Plan","Dagger Throw"],"picked":"Blade Dance+1","floor":23},{"not_picked":["Dodge and Roll+1","Flying Knee+1"],"picked":"Dagger Throw+1","floor":27},{"not_picked":["Caltrops","Well Laid Plans"],"picked":"Dagger Throw","floor":29},{"not_picked":["Wraith Form v2","Doppelganger"],"picked":"After Image","floor":33},{"not_picked":["Slice","Outmaneuver"],"picked":"Blade Dance","floor":34},{"not_picked":["Skewer","Dagger Spray+1"],"picked":"Outmaneuver","floor":35},{"not_picked":["Masterful Stab+1","Flechettes"],"picked":"Prepared+1","floor":36},{"not_picked":["Underhanded Strike","Dagger Throw"],"picked":"Poisoned Stab","floor":37},{"not_picked":["Choke","PiercingWail+1"],"picked":"Blur+1","floor":38},{"not_picked":["Well Laid Plans","Acrobatics+1"],"picked":"Eviscerate+1","floor":39},{"not_picked":["PiercingWail+1","Blade Dance+1"],"picked":"Eviscerate+1","floor":40},{"not_picked":["Flechettes","Expertise+1"],"picked":"Prepared","floor":42},{"not_picked":["Secret Technique","Purity"],"picked":"Bandage Up","floor":45},{"not_picked":["Panacea","Trip"],"picked":"Apotheosis","floor":45},{"not_picked":["Outmaneuver","Dagger Throw+1"],"picked":"Blur+1","floor":46},{"not_picked":["Sucker Punch+1","Quick Slash+1"],"picked":"Dagger Throw","floor":47},{"not_picked":["Skewer","All Out Attack"],"picked":"Dagger Throw","floor":48}],"player_experience":76569,"relics_obtained":[{"floor":4.0,"key":"Matryoshka"},{"floor":6,"key":"Paper Crane"},{"floor":9,"key":"Regal Pillow"},{"floor":12,"key":"Nunchaku"},{"floor":14,"key":"Letter Opener"},{"floor":21,"key":"Happy Flower"},{"floor":21,"key":"Anchor"},{"floor":23,"key":"Centennial Puzzle"},{"floor":26,"key":"Lantern"},{"floor":29,"key":"PreservedInsect"},{"floor":40,"key":"Strawberry"},{"floor":42,"key":"Pen Nib"},{"floor":43,"key":"Pear"},{"floor":47,"key":"Bag of Preparation"},{"floor":48,"key":"Mango"}],"event_choices":[{"damage_healed":0.0,"max_hp_gain":0.0,"max_hp_loss":0.0,"gold_gain":0.0,"event_name":"The Cleric","player_choice":"Leave","floor":2.0,"gold_loss":0.0,"damage_taken":0.0},{"damage_healed":0.0,"max_hp_gain":0.0,"max_hp_loss":0.0,"gold_gain":0.0,"event_name":"Scrap Ooze","player_choice":"Success","floor":3.0,"gold_loss":0.0,"damage_taken":18.0,"relics_obtained":["WingedGreaves"]},{"damage_healed":0,"gold_gain":0,"player_choice":"Read","damage_taken":0,"max_hp_gain":0,"max_hp_loss":0,"event_name":"The Library","floor":30,"gold_loss":0,"cards_obtained":["Tools of the Trade"]},{"damage_healed":0,"gold_gain":0,"player_choice":"Ignored","damage_taken":0,"max_hp_gain":0,"max_hp_loss":0,"event_name":"N\u0027loth","floor":31,"gold_loss":0},{"damage_healed":0,"gold_gain":0,"player_choice":"Memory 2","damage_taken":5,"max_hp_gain":0,"max_hp_loss":0,"event_name":"SensoryStone","floor":45,"gold_loss":0},{"damage_healed":0,"gold_gain":0,"player_choice":"Fight","damage_taken":0,"max_hp_gain":0,"max_hp_loss":0,"event_name":"MindBloom","floor":48,"gold_loss":0}],"is_beta":false,"boss_relics":[{"not_picked":["Black Star","Runic Pyramid"],"picked":"WristBlade"},{"not_picked":["Velvet Choker","Eternal Feather"],"picked":"Tiny House"}],"items_purged_floors":[],"is_endless":false,"potions_floor_spawned":[5,14,16,23,27,33,36,37,39,40,48],"ascension_level":1}