{"gold_per_floor":[365,365,92,92,156,168,194,206,242,289,334,346,358,395,407,524,536,530,578,37,56,69,69,69],"floor_reached":24,"playtime":642,"items_purged":["Strike_R"],"score":263,"play_id":"8f4f95f2-0721-4859-8ef7-4f27b1442706","local_time":"20190421220220","is_ascension_mode":true,"campfire_choices":[{"data":"Infernal Blade","floor":6,"key":"SMITH"},{"data":"HandOfGreed","floor":8,"key":"SMITH"},{"data":"Seeing Red","floor":12,"key":"SMITH"},{"data":"Armaments","floor":15,"key":"SMITH"},{"data":"Barricade","floor":23,"key":"SMITH"}],"neow_cost":"TEN_PERCENT_HP_LOSS","seed_source_timestamp":2519158289651500,"circlet_count":0,"master_deck":["Strike_R","Strike_R","Strike_R","Strike_R","Defend_R","Defend_R","Defend_R","Defend_R","Bash","Infernal Blade+1","HandOfGreed+1","Regret","Dropkick","Seeing Red+1","Impervious","Armaments+1","Barricade+1","Headbutt","Inflame+1","Demon Form"],"relics":["Burning Blood","Art of War","MawBank","Anchor","Pen Nib","Lantern","Singing Bowl","Mark of Pain","Dead Branch","Molten Egg 2"],"potions_floor_usage":[11,16,21,22,24],"damage_taken":[{"damage":1,"enemies":"Cultist","floor":1,"turns":4},{"damage":0,"enemies":"2 Louse","floor":7,"turns":1},{"damage":2,"enemies":"Jaw Worm","floor":10,"turns":3},{"damage":3,"enemies":"Gremlin Nob","floor":11,"turns":2},{"damage":6,"enemies":"Lagavulin","floor":14,"turns":5},{"damage":69,"enemies":"The Guardian","floor":16,"turns":14},{"damage":13,"enemies":"2 Thieves","floor":18,"turns":4},{"damage":25,"enemies":"Spheric Guardian","floor":19,"turns":4},{"damage":7,"enemies":"Snake Plant","floor":21,"turns":3},{"damage":24,"enemies":"Snecko","floor":22,"turns":4},{"damage":30,"enemies":"Book of Stabbing","floor":24,"turns":3}],"seed_played":"-6704298778830579502","potions_obtained":[{"floor":10,"key":"SteroidPotion"},{"floor":14,"key":"SteroidPotion"},{"floor":16,"key":"FearPotion"},{"floor":18,"key":"Block Potion"},{"floor":19,"key":"GamblersBrew"},{"floor":22,"key":"SteroidPotion"}],"is_trial":false,"path_per_floor":["M","?","$","?","T","R","M","R","T","M","E","R","?","E","R","B",null,"M","M","$","M","M","R","E"],"character_chosen":"IRONCLAD","items_purchased":["HandOfGreed","Sword Boomerang","Dead Branch","Molten Egg 2"],"campfire_rested":0,"item_purchase_floors":[3,3,20,20],"current_hp_per_floor":[72,65,65,65,65,65,71,71,71,72,72,72,72,72,72,9,72,65,46,46,45,29,29,0],"gold":69,"neow_bonus":"TWO_FIFTY_GOLD","is_prod":false,"is_daily":false,"chose_seed":false,"campfire_upgraded":5,"win_rate":0,"timestamp":1555873340,"path_taken":["M","?","$","?","?","R","M","R","T","M","E","R","?","E","R","BOSS","M","M","$","M","M","R","E"],"build_version":"2019-01-23","purchased_purges":1,"victory":false,"max_hp_per_floor":[72,72,72,72,72,72,72,72,72,72,72,72,72,72,72,72,72,72,72,72,72,74,74,74],"card_choices":[{"not_picked":["Headbutt","Sever Soul"],"picked":"Infernal Blade","floor":1},{"not_picked":["Combust","Cleave"],"picked":"Dropkick","floor":7},{"not_picked":["Pommel Strike","Body Slam","Blood for Blood"],"picked":"SKIP","floor":10},{"not_picked":["Clothesline","Body Slam"],"picked":"Seeing Red","floor":11},{"not_picked":["Disarm","Blood for Blood"],"picked":"Armaments","floor":14},{"not_picked":["Offering","Exhume"],"picked":"Barricade","floor":16},{"not_picked":["Warcry","Sword Boomerang+1"],"picked":"Headbutt","floor":18},{"not_picked":["Perfected Strike","Battle Trance"],"picked":"Inflame+1","floor":19},{"not_picked":["Cleave+1","Flex"],"picked":"Demon Form","floor":21},{"not_picked":["Iron Wave+1","Heavy Blade+1","Anger+1"],"picked":"Singing Bowl","floor":22}],"player_experience":330689,"relics_obtained":[{"floor":5,"key":"Anchor"},{"floor":9,"key":"Pen Nib"},{"floor":11,"key":"Lantern"},{"floor":14,"key":"Singing Bowl"}],"event_choices":[{"damage_healed":0,"gold_gain":0,"player_choice":"Success","damage_taken":7,"relics_obtained":["Art of War"],"max_hp_gain":0,"max_hp_loss":0,"event_name":"Scrap Ooze","floor":2,"gold_loss":0},{"damage_healed":0,"gold_gain":0,"player_choice":"Box","damage_taken":0,"relics_obtained":["MawBank"],"max_hp_gain":0,"max_hp_loss":0,"event_name":"Big Fish","floor":4,"gold_loss":0,"cards_obtained":["Regret"]},{"damage_healed":0,"gold_gain":0,"cards_transformed":["Sword Boomerang"],"player_choice":"Transformed","damage_taken":0,"max_hp_gain":0,"max_hp_loss":0,"event_name":"Transmorgrifier","floor":13,"gold_loss":0,"cards_obtained":["Impervious"]}],"is_beta":false,"boss_relics":[{"not_picked":["Black Blood","Empty Cage"],"picked":"Mark of Pain"}],"items_purged_floors":[3],"is_endless":false,"potions_floor_spawned":[10,14,16,18,19,22],"killed_by":"Book of Stabbing","ascension_level":3}