{"gold_per_floor":[13,13,25,25,42,42,42,77,103,116,145,145,177,192,192,297,297,315,333,345,358,358,386,386,415,415,415,431,443,443,470,470,570,570,589,664,509,520,537,572,572,586,586,260,274,294,294,307,307,307],"floor_reached":50,"playtime":6877,"items_purged":["Writhe","Decay"],"score":661,"play_id":"56462b8c-e877-4bcb-928c-a23870154b62","local_time":"20190914013957","is_ascension_mode":true,"campfire_choices":[{"data":"Apotheosis","floor":6.0,"key":"SMITH"},{"data":"Skim","floor":12.0,"key":"SMITH"},{"data":"Double Energy","floor":15.0,"key":"SMITH"},{"data":"Hologram","floor":24,"key":"SMITH"},{"floor":27,"key":"REST"},{"data":"Echo Form","floor":32,"key":"SMITH"},{"data":"Static Discharge","floor":41,"key":"SMITH"},{"floor":49,"key":"RECALL"}],"neow_cost":"NO_GOLD","seed_source_timestamp":695326496538500,"circlet_count":0,"master_deck":["Strike_B","Strike_B","Strike_B","Defend_B","Defend_B","Defend_B","Defend_B","Zap","Dualcast","Dark Shackles","Apotheosis+1","Lockon","Conserve Battery","Go for the Eyes","Hologram+1","Skim+1","Conserve Battery","Double Energy+1","Echo Form+1","Go for the Eyes","Coolheaded","Melter","Recycle+1","RitualDagger","Electrodynamics","Injury","Capacitor+1","Static Discharge+1","BootSequence+1","Seek","Panache","Bandage Up"],"special_seed":0,"relics":["Cracked Core","Bag of Marbles","Lantern","Potion Belt","Mercury Hourglass","Matryoshka","Nuclear Battery","Dodecahedron","Meat on the Bone","Bronze Scales","Darkstone Periapt","Strawberry","Calling Bell","Happy Flower","Kunai","Thread and Needle","Pen Nib","Omamori"],"potions_floor_usage":[20,25,33,42,42,42],"damage_taken":[{"damage":2.0,"enemies":"Small Slimes","floor":1.0,"turns":4.0},{"damage":0.0,"enemies":"Cultist","floor":3.0,"turns":3.0},{"damage":0.0,"enemies":"2 Louse","floor":5.0,"turns":2.0},{"damage":3.0,"enemies":"Gremlin Nob","floor":8.0,"turns":3.0},{"damage":0.0,"enemies":"2 Fungi Beasts","floor":10.0,"turns":2.0},{"damage":0.0,"enemies":"Lagavulin","floor":11.0,"turns":6.0},{"damage":8.0,"enemies":"3 Sentries","floor":13.0,"turns":5.0},{"damage":0.0,"enemies":"Blue Slaver","floor":14.0,"turns":3.0},{"damage":5.0,"enemies":"The Guardian","floor":16.0,"turns":8.0},{"damage":7,"enemies":"3 Byrds","floor":18,"turns":4},{"damage":0,"enemies":"Chosen","floor":19,"turns":4},{"damage":0,"enemies":"3 Cultists","floor":20,"turns":4},{"damage":5,"enemies":"Snake Plant","floor":21,"turns":5},{"damage":0,"enemies":"Gremlin Leader","floor":23,"turns":7},{"damage":27,"enemies":"Slavers","floor":25,"turns":7},{"damage":1,"enemies":"Centurion and Healer","floor":28,"turns":7},{"damage":12,"enemies":"3 Cultists","floor":29,"turns":5},{"damage":6,"enemies":"Gremlin Leader","floor":31,"turns":7},{"damage":34,"enemies":"Champ","floor":33,"turns":15},{"damage":0,"enemies":"3 Shapes","floor":35,"turns":2},{"damage":24,"enemies":"3 Darklings","floor":38,"turns":5},{"damage":4,"enemies":"Maw","floor":39,"turns":8},{"damage":42,"enemies":"Giant Head","floor":40,"turns":10},{"damage":21,"enemies":"Transient","floor":42,"turns":5},{"damage":0,"enemies":"3 Darklings","floor":45,"turns":5},{"damage":0,"enemies":"Writhing Mass","floor":46,"turns":7},{"damage":16,"enemies":"Jaw Worm Horde","floor":48,"turns":5},{"damage":47,"enemies":"Awakened One","floor":50,"turns":2}],"seed_played":"638657704243124159","potions_obtained":[{"floor":1.0,"key":"Energy Potion"},{"floor":3.0,"key":"FearPotion"},{"floor":14.0,"key":"SpeedPotion"},{"floor":21,"key":"Swift Potion"},{"floor":25,"key":"SteroidPotion"},{"floor":28,"key":"LiquidBronze"},{"floor":35,"key":"FearPotion"},{"floor":38,"key":"SteroidPotion"}],"is_trial":false,"path_per_floor":["M","?","M","?","M","R","?","E","T","M","E","R","E","M","R","B",null,"M","M","M","M","?","E","R","E","T","R","M","M","?","E","R","B",null,"M","?","$","M","M","E","R","M","T","$","M","M","?","M","R","B"],"character_chosen":"DEFECT","items_purchased":["Static Discharge","Seek","Regen Potion"],"campfire_rested":1,"item_purchase_floors":[37,44,44],"current_hp_per_floor":[73,73,73,73,73,73,73,70,70,70,70,70,62,62,62,57,75,68,68,68,63,63,63,63,36,36,58,57,45,39,52,52,30,100,100,90,90,66,62,32,32,23,23,23,35,47,37,39,39,0],"gold":307,"neow_bonus":"RANDOM_COLORLESS_2","is_prod":false,"is_daily":false,"chose_seed":false,"campfire_upgraded":6,"win_rate":0,"timestamp":1568417997,"path_taken":["M","?","M","?","?","R","?","E","T","M","E","R","E","M","R","BOSS","M","M","M","M","?","E","R","E","T","R","M","M","?","E","R","BOSS","M","?","$","M","M","E","R","M","T","$","?","M","?","M","R","BOSS"],"build_version":"2019-07-17","purchased_purges":2,"victory":false,"max_hp_per_floor":[75,75,75,75,75,75,75,75,75,75,75,75,75,75,75,75,75,75,75,75,75,75,75,75,75,75,75,75,75,75,82,82,82,100,100,100,100,100,100,100,100,100,100,100,100,100,100,100,100,100],"card_choices":[{"not_picked":["Blizzard","Beam Cell"],"picked":"Lockon","floor":1.0},{"not_picked":["Ball Lightning","Streamline"],"picked":"Conserve Battery","floor":3.0},{"not_picked":["Streamline","Steam"],"picked":"Go for the Eyes","floor":5.0},{"not_picked":["Barrage","Rainbow"],"picked":"Hologram","floor":8.0},{"not_picked":["Barrage","Redo"],"picked":"Skim","floor":10.0},{"not_picked":["Barrage","Cold Snap","Blizzard"],"picked":"SKIP","floor":11.0},{"not_picked":["Barrage","Leap"],"picked":"Conserve Battery","floor":13.0},{"not_picked":["Go for the Eyes","Gash"],"picked":"Double Energy","floor":14.0},{"not_picked":["Hyperbeam","Amplify"],"picked":"Echo Form","floor":16.0},{"not_picked":["Auto Shields","Leap"],"picked":"Go for the Eyes","floor":18},{"not_picked":["Go for the Eyes","Stack","Cold Snap+1"],"picked":"SKIP","floor":19},{"not_picked":["Cold Snap","Compile Driver"],"picked":"Coolheaded","floor":20},{"not_picked":["Chaos","Scrape","Lockon"],"picked":"SKIP","floor":21},{"not_picked":["Compile Driver+1","Cold Snap","Fission"],"picked":"SKIP","floor":23},{"not_picked":["Hologram","Conserve Battery","Barrage"],"picked":"SKIP","floor":25},{"not_picked":["Go for the Eyes","Tempest"],"picked":"Melter","floor":28},{"not_picked":["Steam","Leap+1"],"picked":"Recycle+1","floor":29},{"not_picked":["Beam Cell+1","Chaos","Lockon+1"],"picked":"SKIP","floor":31},{"not_picked":["Biased Cognition","Meteor Strike"],"picked":"Electrodynamics","floor":33},{"not_picked":["Gash","Turbo"],"picked":"Capacitor+1","floor":35},{"not_picked":["Rip and Tear","Conserve Battery","Streamline"],"picked":"SKIP","floor":38},{"not_picked":["Stack","Cold Snap+1","Hello World"],"picked":"SKIP","floor":39},{"not_picked":["Beam Cell","Scrape+1"],"picked":"BootSequence+1","floor":40},{"not_picked":["Conserve Battery","Double Energy","Force Field"],"picked":"SKIP","floor":42},{"not_picked":["Beam Cell","Barrage","Redo"],"picked":"SKIP","floor":45},{"not_picked":["Sweeping Beam","Double Energy","Echo Form"],"picked":"SKIP","floor":46},{"not_picked":["Mind Blast","Flash of Steel"],"picked":"Panache","floor":47},{"not_picked":["Finesse","Dramatic Entrance"],"picked":"Bandage Up","floor":47},{"not_picked":["Go for the Eyes+1","Genetic Algorithm","Force Field+1"],"picked":"SKIP","floor":48}],"player_experience":98086,"relics_obtained":[{"floor":8.0,"key":"Lantern"},{"floor":9.0,"key":"Potion Belt"},{"floor":11.0,"key":"Mercury Hourglass"},{"floor":13.0,"key":"Matryoshka"},{"floor":23,"key":"Dodecahedron"},{"floor":25,"key":"Meat on the Bone"},{"floor":26,"key":"Bronze Scales"},{"floor":26,"key":"Darkstone Periapt"},{"floor":31,"key":"Strawberry"},{"floor":34,"key":"Happy Flower"},{"floor":34,"key":"Kunai"},{"floor":34,"key":"Thread and Needle"},{"floor":40,"key":"Pen Nib"},{"floor":43,"key":"Omamori"}],"event_choices":[{"cards_removed":["Strike_B"],"damage_healed":0.0,"max_hp_gain":0.0,"max_hp_loss":0.0,"gold_gain":0.0,"event_name":"Living Wall","player_choice":"Forget","floor":2.0,"gold_loss":0.0,"damage_taken":0.0},{"damage_healed":0.0,"max_hp_gain":0.0,"max_hp_loss":0.0,"gold_gain":0.0,"event_name":"WeMeetAgain","player_choice":"Gave Potion","floor":4.0,"gold_loss":0.0,"damage_taken":0.0,"relics_obtained":["Bag of Marbles"]},{"damage_healed":0.0,"max_hp_gain":0.0,"max_hp_loss":0.0,"gold_gain":0.0,"event_name":"Liars Game","player_choice":"Ignored","floor":7.0,"gold_loss":0.0,"damage_taken":0.0},{"damage_healed":0,"gold_gain":0,"player_choice":"Ignored","damage_taken":0,"max_hp_gain":0,"max_hp_loss":0,"event_name":"The Mausoleum","floor":22,"gold_loss":0},{"damage_healed":0,"gold_gain":0,"player_choice":"Joined the Cult","damage_taken":6,"max_hp_gain":0,"max_hp_loss":0,"event_name":"Nest","floor":30,"gold_loss":0,"cards_obtained":["RitualDagger"]},{"damage_healed":0,"gold_gain":75,"player_choice":"Touch","damage_taken":10,"max_hp_gain":0,"max_hp_loss":0,"event_name":"FaceTrader","floor":36,"gold_loss":0},{"damage_healed":0,"gold_gain":0,"player_choice":"Memory 3","damage_taken":10,"max_hp_gain":0,"max_hp_loss":0,"event_name":"SensoryStone","floor":47,"gold_loss":0}],"is_beta":false,"boss_relics":[{"not_picked":["Ectoplasm","Philosopher\u0027s Stone"],"picked":"Nuclear Battery"},{"not_picked":["Lizard Tail","Astrolabe"],"picked":"Calling Bell"}],"items_purged_floors":[37,44],"is_endless":false,"potions_floor_spawned":[1,3,14,21,25,28,35,38],"killed_by":"Awakened One","ascension_level":1}