{"gold_per_floor":[17,17,92,107,125,125,190,203,203,220,230,230,254,579,579,679,679,695,713,742,754,304,304,337,337,337,337,365,380,404,89,89,186,186,199,199,210,226,242,275,497,497,497,526,541,541,555,588,588,588,588,588,149,182,182],"floor_reached":56,"playtime":3193,"items_purged":["Strike_G","Strike_G","Strike_G"],"score":1674,"play_id":"dd54368e-eaeb-4051-8e69-6db5e99e6949","local_time":"20190930230909","is_ascension_mode":true,"campfire_choices":[{"data":"Masterful Stab","floor":6,"key":"SMITH"},{"data":"Deadly Poison","floor":12,"key":"SMITH"},{"data":"Footwork","floor":15,"key":"SMITH"},{"data":"Well Laid Plans","floor":23,"key":"SMITH"},{"data":"Envenom","floor":25,"key":"SMITH"},{"data":"Terror","floor":27,"key":"SMITH"},{"data":"After Image","floor":32,"key":"SMITH"},{"floor":46,"key":"RECALL"},{"data":"Burst","floor":49,"key":"SMITH"},{"data":"Dash","floor":52,"key":"SMITH"}],"neow_cost":"NO_GOLD","seed_source_timestamp":192948876646300,"circlet_count":0,"master_deck":["Strike_G","Defend_G","Defend_G","Defend_G","Defend_G","Survivor","Neutralize+1","Masterful Stab+1","Footwork+1","Terror+1","Poisoned Stab","Deadly Poison+1","All Out Attack","Dash+1","Backflip","Well Laid Plans+1","Envenom+1","Deadly Poison+1","Endless Agony+1","Venomology","Acrobatics","Outmaneuver+1","After Image+1","Bandage Up","Burst+1","Cloak And Dagger+1","PiercingWail+1","Riddle With Holes+1","Deflect","After Image","Flechettes+1","Bouncing Flask"],"relics":["Ring of the Snake","Tiny Chest","Ornamental Fan","Odd Mushroom","Old Coin","Coffee Dripper","Red Mask","Membership Card","Bottled Tornado","Anchor","Dream Catcher","Singing Bowl","Happy Flower","Centennial Puzzle","Snake Skull","Frozen Eye","Runic Pyramid","FossilizedHelix","Kunai","Paper Crane","Ninja Scroll","Dodecahedron","OrangePellets","Bottled Flame","Strawberry"],"potions_floor_usage":[7,16,16,20,21,24,33,33,35,38,39,40,40,44,44,45,47,47,48,50,50,54,55,55,55,55],"damage_taken":[{"damage":0,"enemies":"Small Slimes","floor":1,"turns":4},{"damage":0,"enemies":"2 Louse","floor":4,"turns":2},{"damage":0,"enemies":"Jaw Worm","floor":5,"turns":4},{"damage":15,"enemies":"3 Sentries","floor":7,"turns":12},{"damage":0,"enemies":"Blue Slaver","floor":8,"turns":2},{"damage":9,"enemies":"Gremlin Gang","floor":10,"turns":5},{"damage":3,"enemies":"3 Louse","floor":11,"turns":3},{"damage":0,"enemies":"The Mushroom Lair","floor":13,"turns":2},{"damage":11,"enemies":"Lagavulin","floor":14,"turns":4},{"damage":0,"enemies":"Hexaghost","floor":16,"turns":6},{"damage":0,"enemies":"Shell Parasite","floor":18,"turns":3},{"damage":3,"enemies":"3 Byrds","floor":19,"turns":4},{"damage":0,"enemies":"Masked Bandits","floor":20,"turns":3},{"damage":1,"enemies":"Sentry and Sphere","floor":21,"turns":7},{"damage":0,"enemies":"Book of Stabbing","floor":24,"turns":4},{"damage":0,"enemies":"Gremlin Leader","floor":28,"turns":4},{"damage":0,"enemies":"Snecko","floor":29,"turns":3},{"damage":17,"enemies":"Automaton","floor":33,"turns":7},{"damage":2,"enemies":"3 Darklings","floor":35,"turns":4},{"damage":0,"enemies":"Orb Walker","floor":37,"turns":4},{"damage":1,"enemies":"3 Darklings","floor":38,"turns":7},{"damage":0,"enemies":"Writhing Mass","floor":39,"turns":6},{"damage":0,"enemies":"Giant Head","floor":40,"turns":7},{"damage":0,"enemies":"Reptomancer","floor":44,"turns":7},{"damage":0,"enemies":"Spire Growth","floor":45,"turns":5},{"damage":0,"enemies":"Maw","floor":47,"turns":7},{"damage":0,"enemies":"Nemesis","floor":48,"turns":5},{"damage":0,"enemies":"Time Eater","floor":50,"turns":7},{"damage":0,"enemies":"Shield and Spear","floor":54,"turns":6},{"damage":17,"enemies":"The Heart","floor":55,"turns":9}],"seed_played":"-8595063252809440647","potions_obtained":[{"floor":1,"key":"Block Potion"},{"floor":4,"key":"Dexterity Potion"},{"floor":11,"key":"PowerPotion"},{"floor":13,"key":"Block Potion"},{"floor":14,"key":"Poison Potion"},{"floor":19,"key":"Explosive Potion"},{"floor":21,"key":"SneckoOil"},{"floor":33,"key":"SneckoOil"},{"floor":39,"key":"PowerPotion"},{"floor":40,"key":"SkillPotion"},{"floor":45,"key":"Poison Potion"}],"is_trial":false,"path_per_floor":["M","?","?","M","M","R","E","M","T","M","M","R","?","E","R","B",null,"M","M","?","M","$","R","E","R","T","R","E","M","T","$","R","B",null,"M","?","M","M","M","E","?","T","T","E","M","R","M","E","R","B",null,"R","$","E","B",null],"character_chosen":"THE_SILENT","items_purchased":["Membership Card","Bottled Tornado","Anchor","Acrobatics","EssenceOfSteel","Snake Skull","After Image","Frozen Eye","Bandage Up","Dodecahedron","OrangePellets","Bottled Flame","Poison Potion","Bouncing Flask"],"campfire_rested":0,"item_purchase_floors":[22,22,22,22,22,31,31,31,31,53,53,53,53,53],"current_hp_per_floor":[70,70,59,59,59,59,44,44,44,35,32,32,32,21,21,21,70,70,67,67,66,66,66,66,66,66,66,66,68,68,68,68,55,72,72,72,74,73,74,74,74,74,74,74,74,74,76,78,78,78,78,78,78,87,74],"gold":182,"neow_bonus":"REMOVE_TWO","is_prod":false,"is_daily":false,"chose_seed":false,"campfire_upgraded":9,"win_rate":0,"timestamp":1569881349,"path_taken":["M","?","?","M","M","R","E","M","T","M","M","R","?","E","R","BOSS","M","M","?","M","$","R","E","R","T","R","E","M","?","$","R","BOSS","M","?","M","?","M","E","?","?","T","E","M","R","?","E","R","BOSS","R","$","E","BOSS"],"build_version":"2019-09-27","purchased_purges":3,"victory":true,"max_hp_per_floor":[70,70,70,70,70,70,70,70,70,70,70,70,70,70,70,70,70,70,70,70,70,70,70,70,70,70,70,70,72,72,72,72,72,72,72,72,74,74,74,74,74,74,74,74,74,74,76,78,78,78,78,78,78,87,87],"card_choices":[{"not_picked":["Outmaneuver","All Out Attack"],"picked":"Masterful Stab","floor":1},{"not_picked":["Prepared","Outmaneuver"],"picked":"Footwork","floor":4},{"not_picked":["Concentrate","Blade Dance"],"picked":"Terror","floor":5},{"not_picked":["Sucker Punch","Envenom"],"picked":"Poisoned Stab","floor":7},{"not_picked":["Dash","Bane"],"picked":"Deadly Poison","floor":8},{"not_picked":["Backflip","Blade Dance"],"picked":"All Out Attack","floor":10},{"not_picked":["Outmaneuver","Prepared"],"picked":"Dash","floor":11},{"not_picked":["Dagger Spray","Escape Plan"],"picked":"Backflip","floor":13},{"not_picked":["Dagger Spray","Dash"],"picked":"Well Laid Plans","floor":14},{"not_picked":["Phantasmal Killer","Doppelganger"],"picked":"Envenom","floor":16},{"not_picked":["Masterful Stab","All Out Attack"],"picked":"Deadly Poison+1","floor":18},{"not_picked":["Blur","Prepared"],"picked":"Endless Agony+1","floor":19},{"not_picked":["Dagger Throw","Dagger Spray"],"picked":"Venomology","floor":21},{"not_picked":["Blade Dance","Flying Knee","Infinite Blades"],"picked":"SKIP","floor":24},{"not_picked":["Backflip","Prepared+1"],"picked":"Outmaneuver+1","floor":28},{"not_picked":["Flying Knee+1","Blade Dance","Dash"],"picked":"Singing Bowl","floor":29},{"not_picked":["Die Die Die","Corpse Explosion"],"picked":"Burst","floor":33},{"not_picked":["Acrobatics","Bane"],"picked":"Cloak And Dagger+1","floor":35},{"not_picked":["Leg Sweep","Dagger Throw","Blade Dance"],"picked":"Singing Bowl","floor":37},{"not_picked":["Dagger Throw+1","Deflect+1"],"picked":"PiercingWail+1","floor":38},{"not_picked":["Endless Agony+1","Acrobatics+1"],"picked":"Riddle With Holes+1","floor":39},{"not_picked":["Expertise","Choke"],"picked":"Deflect","floor":40},{"not_picked":["Acrobatics+1","Glass Knife"],"picked":"After Image","floor":44},{"not_picked":["Backflip","Deadly Poison"],"picked":"Flechettes+1","floor":45},{"not_picked":["Leg Sweep+1","Blade Dance","Distraction"],"picked":"Singing Bowl","floor":47},{"not_picked":["Tactician+1","Accuracy+1","Acrobatics"],"picked":"Singing Bowl","floor":48},{"not_picked":["Dagger Spray+1","Poisoned Stab","Sucker Punch+1"],"picked":"Singing Bowl","floor":54}],"player_experience":1594051,"relics_obtained":[{"floor":7,"key":"Tiny Chest"},{"floor":9,"key":"Ornamental Fan"},{"floor":13,"key":"Odd Mushroom"},{"floor":14,"key":"Old Coin"},{"floor":20,"key":"Red Mask"},{"floor":24,"key":"Dream Catcher"},{"floor":26,"key":"Singing Bowl"},{"floor":28,"key":"Happy Flower"},{"floor":30,"key":"Centennial Puzzle"},{"floor":40,"key":"FossilizedHelix"},{"floor":42,"key":"Kunai"},{"floor":44,"key":"Paper Crane"},{"floor":48,"key":"Ninja Scroll"},{"floor":54,"key":"Strawberry"}],"event_choices":[{"damage_healed":0,"gold_gain":0,"player_choice":"Grow","damage_taken":0,"max_hp_gain":0,"max_hp_loss":0,"event_name":"Living Wall","floor":2,"gold_loss":0,"cards_upgraded":["Neutralize"]},{"damage_healed":0,"gold_gain":75,"player_choice":"Gather Gold","damage_taken":11,"max_hp_gain":0,"max_hp_loss":0,"event_name":"World of Goop","floor":3,"gold_loss":0},{"damage_healed":0,"gold_gain":0,"player_choice":"Fought Mushrooms","damage_taken":0,"max_hp_gain":0,"max_hp_loss":0,"event_name":"Mushrooms","floor":13,"gold_loss":0},{"damage_healed":0,"gold_gain":0,"player_choice":"Fought Bandits","damage_taken":0,"max_hp_gain":0,"max_hp_loss":0,"event_name":"Masked Bandits","floor":20,"gold_loss":0},{"damage_healed":0,"gold_gain":0,"player_choice":"Ignored","damage_taken":0,"max_hp_gain":0,"max_hp_loss":0,"event_name":"SecretPortal","floor":36,"gold_loss":0},{"damage_healed":0,"gold_gain":222,"player_choice":"Wore Mask","damage_taken":0,"max_hp_gain":0,"max_hp_loss":0,"event_name":"Tomb of Lord Red Mask","floor":41,"gold_loss":0}],"is_beta":true,"boss_relics":[{"not_picked":["Ring of the Serpent","Tiny House"],"picked":"Coffee Dripper"},{"not_picked":["HoveringKite","WristBlade"],"picked":"Runic Pyramid"}],"items_purged_floors":[22,31,53],"is_endless":false,"potions_floor_spawned":[1,4,11,13,14,19,21,29,33,39,40,45,48],"ascension_level":1}