{"gold_per_floor":[111,131,131,147,47,77,77,94,94,94,112,137,152,164,164,164],"floor_reached":16,"playtime":803,"items_purged":["Regret"],"score":165,"play_id":"8a9e6719-4bfc-4973-b95d-03263dff34b9","local_time":"20191019104815","is_ascension_mode":true,"campfire_choices":[{"floor":7,"key":"REST"},{"data":"Skewer","floor":10,"key":"SMITH"},{"floor":15,"key":"REST"}],"neow_cost":"NONE","seed_source_timestamp":147832642159200,"circlet_count":0,"master_deck":["Strike_G","Strike_G","Strike_G","Strike_G","Strike_G","Defend_G","Defend_G","Defend_G","Defend_G","Defend_G","Survivor","Neutralize","Storm of Steel","Cloak And Dagger","Skewer+1","Sucker Punch","Dash","Accuracy","Finisher","Blade Dance","Crippling Poison","Dagger Throw"],"relics":["Ring of the Snake","Dream Catcher","Bottled Flame","Ancient Tea Set","Potion Belt"],"potions_floor_usage":[8,12],"damage_taken":[{"damage":0,"enemies":"Small Slimes","floor":1,"turns":2},{"damage":7,"enemies":"2 Louse","floor":2,"turns":3},{"damage":10,"enemies":"Jaw Worm","floor":4,"turns":7},{"damage":34,"enemies":"Gremlin Nob","floor":6,"turns":5},{"damage":0,"enemies":"Red Slaver","floor":8,"turns":4},{"damage":0,"enemies":"Exordium Thugs","floor":11,"turns":3},{"damage":7,"enemies":"Lagavulin","floor":12,"turns":6},{"damage":0,"enemies":"2 Fungi Beasts","floor":13,"turns":4},{"damage":5,"enemies":"Gremlin Gang","floor":14,"turns":5},{"damage":46,"enemies":"The Guardian","floor":16,"turns":11}],"seed_played":"-2279867314967176054","potions_obtained":[{"floor":2,"key":"SpeedPotion"},{"floor":4,"key":"Energy Potion"},{"floor":8,"key":"Dexterity Potion"},{"floor":11,"key":"EssenceOfSteel"},{"floor":14,"key":"Weak Potion"}],"is_trial":false,"path_per_floor":["M","M","?","M","$","E","R","M","T","R","M","E","M","M","R","B"],"character_chosen":"THE_SILENT","items_purchased":["Sucker Punch"],"campfire_rested":2,"item_purchase_floors":[5],"current_hp_per_floor":[63,56,56,46,46,12,33,33,33,33,33,26,26,21,42,0],"gold":164,"neow_bonus":"ONE_RANDOM_RARE_CARD","is_prod":false,"is_daily":false,"chose_seed":false,"campfire_upgraded":1,"win_rate":0,"timestamp":1571507295,"path_taken":["M","M","?","M","$","E","R","M","T","R","M","E","M","M","R","BOSS"],"build_version":"2019-07-17","purchased_purges":1,"victory":false,"max_hp_per_floor":[70,70,70,70,70,70,70,70,70,70,70,70,70,70,70,70],"card_choices":[{"not_picked":["Terror","Dagger Spray"],"picked":"Cloak And Dagger","floor":1},{"not_picked":["Outmaneuver","Predator"],"picked":"Skewer","floor":2},{"not_picked":["Setup","Expertise","Distraction"],"picked":"SKIP","floor":4},{"not_picked":["Setup","Bane"],"picked":"Dash","floor":6},{"not_picked":["Bane","Slice","Deadly Poison"],"picked":"SKIP","floor":8},{"not_picked":["Heel Hook","Unload"],"picked":"Accuracy","floor":11},{"not_picked":["Quick Slash","All Out Attack"],"picked":"Finisher","floor":12},{"not_picked":["Deadly Poison","Dodge and Roll"],"picked":"Blade Dance","floor":13},{"not_picked":["Expertise","Reflex"],"picked":"Crippling Poison","floor":14},{"not_picked":["Flying Knee","Sucker Punch"],"picked":"Dagger Throw","floor":15}],"player_experience":384173,"relics_obtained":[{"floor":6,"key":"Bottled Flame"},{"floor":9,"key":"Ancient Tea Set"},{"floor":12,"key":"Potion Belt"}],"event_choices":[{"damage_healed":0,"gold_gain":0,"player_choice":"Box","damage_taken":0,"relics_obtained":["Dream Catcher"],"max_hp_gain":0,"max_hp_loss":0,"event_name":"Big Fish","floor":3,"gold_loss":0,"cards_obtained":["Regret"]}],"is_beta":false,"boss_relics":[],"items_purged_floors":[5],"is_endless":false,"potions_floor_spawned":[2,4,8,11,14],"killed_by":"The Guardian","ascension_level":9}