{"gold_per_floor":[210,210,210,224,22,22,65,65,65,96,120,120,140,163,163,284,284,300,300,316,349,6,6,19,19,19,40,40,83,99,117,117,241,241,259,259,176,200,218,218,242,242],"floor_reached":42,"playtime":2425,"items_purged":[],"score":624,"play_id":"67a0724f-92c0-4f59-9b1b-f6e9973c2c04","local_time":"20191019100339","is_ascension_mode":true,"campfire_choices":[{"data":"Neutralize","floor":6.0,"key":"SMITH"},{"floor":8.0,"key":"REST"},{"data":"Noxious Fumes","floor":12.0,"key":"SMITH"},{"floor":15.0,"key":"REST"},{"floor":23.0,"key":"REST"},{"floor":28.0,"key":"REST"},{"floor":32.0,"key":"REST"},{"floor":40,"key":"REST"}],"neow_cost":"NONE","seed_source_timestamp":0,"circlet_count":0,"master_deck":["Strike_G+1","Strike_G+1","Defend_G","Defend_G","Defend_G","Defend_G","Survivor","Neutralize+1","Backstab","Dodge and Roll","Caltrops","Noxious Fumes+1","Dagger Spray+1","After Image","Leg Sweep","After Image","Poisoned Stab+1","PiercingWail+1","Night Terror","Infinite Blades","Blade Dance+1","Skewer+1","Quick Slash+1","Die Die Die+1","Writhe","Flash of Steel+1","Riddle With Holes+1"],"special_seed":0,"relics":["Ring of the Snake","Golden Idol","Frozen Eye","Regal Pillow","Molten Egg 2","Whetstone","Empty Cage","Red Mask","OrangePellets","Orichalcum","Vajra","Cursed Key"],"potions_floor_usage":[42],"damage_taken":[{"damage":0.0,"enemies":"Small Slimes","floor":1.0,"turns":6.0},{"damage":0.0,"enemies":"2 Louse","floor":4.0,"turns":2.0},{"damage":38.0,"enemies":"3 Sentries","floor":7.0,"turns":19.0},{"damage":27.0,"enemies":"Gremlin Nob","floor":10.0,"turns":6.0},{"damage":0.0,"enemies":"Cultist","floor":11.0,"turns":3.0},{"damage":10.0,"enemies":"Exordium Thugs","floor":13.0,"turns":6.0},{"damage":2.0,"enemies":"Lots of Slimes","floor":14.0,"turns":3.0},{"damage":42.0,"enemies":"Slime Boss","floor":16.0,"turns":10.0},{"damage":10.0,"enemies":"Spheric Guardian","floor":18.0,"turns":6.0},{"damage":0.0,"enemies":"Chosen","floor":20.0,"turns":6.0},{"damage":40.0,"enemies":"Masked Bandits","floor":21.0,"turns":4.0},{"damage":25.0,"enemies":"Snake Plant","floor":24.0,"turns":5.0},{"damage":10.0,"enemies":"Cultist and Chosen","floor":27.0,"turns":5.0},{"damage":30.0,"enemies":"Book of Stabbing","floor":29.0,"turns":7.0},{"damage":10.0,"enemies":"Centurion and Healer","floor":30.0,"turns":6.0},{"damage":6.0,"enemies":"Snecko","floor":31.0,"turns":5.0},{"damage":57.0,"enemies":"Collector","floor":33.0,"turns":10.0},{"damage":15.0,"enemies":"3 Darklings","floor":35.0,"turns":5.0},{"damage":0.0,"enemies":"3 Shapes","floor":38.0,"turns":6.0},{"damage":15,"enemies":"Sphere and 2 Shapes","floor":39,"turns":7},{"damage":25,"enemies":"3 Darklings","floor":41,"turns":6},{"damage":68,"enemies":"Nemesis","floor":42,"turns":4}],"seed_played":"7447336180859567080","potions_obtained":[{"floor":1.0,"key":"SneckoOil"},{"floor":4.0,"key":"Block Potion"},{"floor":13.0,"key":"Swift Potion"},{"floor":18.0,"key":"Explosive Potion"},{"floor":20.0,"key":"Regen Potion"},{"floor":21.0,"key":"AttackPotion"},{"floor":25.0,"key":"FairyPotion"},{"floor":25.0,"key":"SkillPotion"},{"floor":33.0,"key":"SkillPotion"},{"floor":35.0,"key":"Explosive Potion"},{"floor":39,"key":"FairyPotion"}],"is_trial":false,"path_per_floor":["M","?","?","M","$","R","E","R","T","E","M","R","M","M","R","B",null,"M","?","M","?","$","R","M","?","T","M","R","E","M","M","R","B",null,"M","T","$","M","M","R","M","E"],"character_chosen":"THE_SILENT","items_purchased":["Frozen Eye","Night Terror","OrangePellets","Infinite Blades","Flash of Steel+1"],"campfire_rested":6,"item_purchase_floors":[5,22,22,22,37],"current_hp_per_floor":[63,63,63,63,63,63,25,59,59,32,32,32,22,20,54,12,52,42,42,42,16,16,50,25,25,25,15,49,19,9,3,37,6,50,35,35,35,35,20,54,29,0],"gold":242,"neow_bonus":"HUNDRED_GOLD","is_prod":false,"is_daily":false,"chose_seed":false,"campfire_upgraded":2,"win_rate":0,"timestamp":1571504619,"path_taken":["M","?","?","M","$","R","E","R","T","E","M","R","?","M","R","BOSS","M","?","?","?","$","R","M","?","T","M","R","E","M","M","R","BOSS","M","?","$","M","M","R","M","E"],"build_version":"2019-07-17","purchased_purges":0,"victory":false,"max_hp_per_floor":[70,65,65,65,65,65,65,65,65,65,65,65,65,65,65,65,65,65,65,65,65,65,65,65,65,65,65,65,65,65,65,65,65,65,65,65,65,65,65,65,65,65],"card_choices":[{"not_picked":["Leg Sweep","Deflect"],"picked":"Backstab","floor":1.0},{"not_picked":["Riddle With Holes","Slice"],"picked":"Dodge and Roll","floor":4.0},{"not_picked":["Flying Knee","Flechettes"],"picked":"Caltrops","floor":7.0},{"not_picked":["Escape Plan","Backstab+1"],"picked":"Noxious Fumes","floor":10.0},{"not_picked":["Deflect","Outmaneuver","Acrobatics"],"picked":"SKIP","floor":11.0},{"not_picked":["Cloak And Dagger","Riddle With Holes+1"],"picked":"Dagger Spray+1","floor":13.0},{"not_picked":["Acrobatics","Flying Knee+1","Prepared"],"picked":"SKIP","floor":14.0},{"not_picked":["Die Die Die+1","A Thousand Cuts"],"picked":"After Image","floor":16.0},{"not_picked":["Infinite Blades","Predator+1"],"picked":"Leg Sweep","floor":18.0},{"not_picked":["Terror","Masterful Stab+1"],"picked":"Poisoned Stab+1","floor":20.0},{"not_picked":["Prepared","Bouncing Flask+1"],"picked":"PiercingWail+1","floor":21.0},{"not_picked":["Escape Plan","Dagger Spray+1","Blur"],"picked":"SKIP","floor":24.0},{"not_picked":["Caltrops","Riddle With Holes+1","Endless Agony+1"],"picked":"SKIP","floor":27.0},{"not_picked":["Backstab+1","Eviscerate+1"],"picked":"Blade Dance+1","floor":29.0},{"not_picked":["PiercingWail","Dodge and Roll"],"picked":"Skewer+1","floor":30.0},{"not_picked":["Endless Agony+1","Deflect+1"],"picked":"Quick Slash+1","floor":31.0},{"not_picked":["Unload+1","Grand Finale+1"],"picked":"Die Die Die+1","floor":33.0},{"not_picked":["Flying Knee+1","Prepared","Blade Dance+1"],"picked":"SKIP","floor":35.0},{"not_picked":["Dagger Spray+1","Blade Dance","Endless Agony+1"],"picked":"SKIP","floor":38.0},{"not_picked":["Dagger Spray+1","Sucker Punch+1","Endless Agony+1"],"picked":"SKIP","floor":39},{"not_picked":["Flechettes+1","Dagger Spray+1"],"picked":"Riddle With Holes+1","floor":41}],"player_experience":379975,"relics_obtained":[{"floor":7.0,"key":"Regal Pillow"},{"floor":9.0,"key":"Molten Egg 2"},{"floor":10.0,"key":"Whetstone"},{"floor":21.0,"key":"Red Mask"},{"floor":26.0,"key":"Orichalcum"},{"floor":29.0,"key":"Vajra"}],"event_choices":[{"damage_healed":0.0,"max_hp_gain":0.0,"max_hp_loss":5.0,"gold_gain":0.0,"event_name":"Golden Idol","player_choice":"Lose Max HP","floor":2.0,"gold_loss":0.0,"damage_taken":0.0,"relics_obtained":["Golden Idol"]},{"cards_removed":["Strike_G"],"damage_healed":0.0,"max_hp_gain":0.0,"max_hp_loss":0.0,"gold_gain":0.0,"event_name":"Bonfire Elementals","player_choice":"Offered Basic","floor":3.0,"gold_loss":0.0,"damage_taken":0.0},{"damage_healed":0.0,"max_hp_gain":0.0,"max_hp_loss":0.0,"gold_gain":0.0,"cards_transformed":["Defend_G"],"event_name":"Transmorgrifier","player_choice":"Transformed","floor":19.0,"gold_loss":0.0,"damage_taken":0.0,"cards_obtained":["After Image"]},{"damage_healed":0.0,"max_hp_gain":0.0,"max_hp_loss":0.0,"gold_gain":0.0,"event_name":"Masked Bandits","player_choice":"Fought Bandits","floor":21.0,"gold_loss":0.0,"damage_taken":0.0},{"damage_healed":0.0,"max_hp_gain":0.0,"max_hp_loss":0.0,"gold_gain":0.0,"event_name":"Lab","player_choice":"Got Potions","floor":25.0,"gold_loss":0.0,"damage_taken":0.0}],"is_beta":false,"boss_relics":[{"not_picked":["Velvet Choker","White Beast Statue"],"picked":"Empty Cage"},{"not_picked":["Orrery","Tiny House"],"picked":"Cursed Key"}],"items_purged_floors":[],"is_endless":false,"potions_floor_spawned":[1,4,13,18,20,21,33,35,39],"killed_by":"Nemesis","ascension_level":9}