{"gold_per_floor":[369,48,48,48,61,61,85,158,182,198,198,214,214],"floor_reached":13,"playtime":383,"items_purged":["Parasite"],"score":98,"play_id":"1062f78c-d224-4fd8-b9d5-2c31ad014fa3","local_time":"20190419115216","is_ascension_mode":true,"campfire_choices":[{"data":"Jack Of All Trades","floor":6,"key":"SMITH"}],"neow_cost":"CURSE","seed_source_timestamp":2310013825335100,"circlet_count":0,"master_deck":["Strike_R","Strike_R","Strike_R","Strike_R","Defend_R","Defend_R","Defend_R","Defend_R","Bash","Limit Break","Jack Of All Trades+1","Battle Trance","Warcry","Bloodletting","Intimidate","Iron Wave"],"relics":["Burning Blood","Golden Idol","Tiny Chest","Pen Nib"],"potions_floor_usage":[8,12,13],"damage_taken":[{"damage":5,"enemies":"Small Slimes","floor":1,"turns":3},{"damage":0,"enemies":"2 Louse","floor":5,"turns":3},{"damage":1,"enemies":"Cultist","floor":7,"turns":3},{"damage":57,"enemies":"Lagavulin","floor":8,"turns":10},{"damage":18,"enemies":"2 Fungi Beasts","floor":10,"turns":3},{"damage":9,"enemies":"3 Louse","floor":12,"turns":3},{"damage":12,"enemies":"Exordium Thugs","floor":13,"turns":3}],"seed_played":"5611100057803652624","potions_obtained":[{"floor":1,"key":"LiquidBronze"},{"floor":10,"key":"Block Potion"},{"floor":12,"key":"Weak Potion"}],"is_trial":false,"path_per_floor":["M","$","?","?","M","R","M","E","T","M","?","M","M"],"character_chosen":"IRONCLAD","items_purchased":["Limit Break","Jack Of All Trades"],"campfire_rested":0,"item_purchase_floors":[2,2],"current_hp_per_floor":[80,77,77,77,77,77,77,26,26,14,14,11,0],"gold":214,"neow_bonus":"TWO_FIFTY_GOLD","is_prod":false,"is_daily":false,"chose_seed":false,"campfire_upgraded":1,"win_rate":0,"timestamp":1555663936,"path_taken":["M","$","?","?","M","R","?","E","T","M","?","M","M"],"build_version":"2019-01-23","purchased_purges":1,"victory":false,"max_hp_per_floor":[80,77,77,77,77,77,77,77,77,77,77,77,77],"card_choices":[{"not_picked":["Havoc","Rupture","Pummel"],"picked":"SKIP","floor":1},{"not_picked":["Heavy Blade","Fire Breathing"],"picked":"Battle Trance","floor":5},{"not_picked":["Searing Blow","Shockwave"],"picked":"Warcry","floor":7},{"not_picked":["Iron Wave","Battle Trance"],"picked":"Bloodletting","floor":8},{"not_picked":["Headbutt","Entrench"],"picked":"Intimidate","floor":10},{"not_picked":["Blood for Blood","Searing Blow"],"picked":"Iron Wave","floor":12}],"player_experience":317602,"relics_obtained":[{"floor":8,"key":"Tiny Chest"},{"floor":9,"key":"Pen Nib"}],"event_choices":[{"damage_healed":0,"gold_gain":0,"player_choice":"Take Wound","damage_taken":0,"relics_obtained":["Golden Idol"],"max_hp_gain":0,"max_hp_loss":0,"event_name":"Golden Idol","floor":3,"gold_loss":0,"cards_obtained":["Injury"]},{"cards_removed":["Injury"],"damage_healed":0,"gold_gain":0,"player_choice":"Purged","damage_taken":0,"max_hp_gain":0,"max_hp_loss":0,"event_name":"Purifier","floor":4,"gold_loss":0},{"cards_removed":["Strike_R"],"damage_healed":0,"gold_gain":0,"player_choice":"Forget","damage_taken":0,"max_hp_gain":0,"max_hp_loss":0,"event_name":"Living Wall","floor":11,"gold_loss":0}],"is_beta":false,"boss_relics":[],"items_purged_floors":[2],"is_endless":false,"potions_floor_spawned":[1,10,12],"killed_by":"Exordium Thugs","ascension_level":3}