{"gold_per_floor":[113,213,229,229,248,248,262,262,262,279,58,87,103,138,138,236,236,251,191,219,77,77,103,123,123,123,149,149,149,149,149,149,247,247,267,489,507,507,519,550,599,207,207,207,217,245,245,245,245,245,245,245,120,147,147],"floor_reached":56,"playtime":3678,"items_purged":["Strike_B","CommonCold","Dualcast"],"score":1324,"play_id":"2466c490-8616-494e-93a5-038980ea84a6","local_time":"20190516183244","is_ascension_mode":false,"campfire_choices":[{"data":"Defragment","floor":6,"key":"SMITH"},{"data":"Zap","floor":8,"key":"SMITH"},{"data":"Defragment","floor":15,"key":"SMITH"},{"data":"BasicCrystalCard","floor":25,"key":"SMITH"},{"data":"Recycle","floor":30,"key":"SMITH"},{"data":"Biased Cognition","floor":47,"key":"SMITH"},{"floor":49,"key":"RECALL"},{"data":"Mirror Shield","floor":52,"key":"SMITH"}],"neow_cost":"NONE","seed_source_timestamp":107709680581179,"circlet_count":0,"master_deck":["Zap+1","Cold Snap","Defragment+1","Ball Lightning+1","Ball Lightning","Undo","Defragment+1","Panic Button","Electrodynamics","Sweeping Beam+1","BasicCrystalCard+1","Steam Power+1","Recycle+1","All For One","Biased Cognition+1","Beam Cell+1","Conserve Battery+1","Deep Breath","Steam Power+1","Skim","Mirror Shield+1","Capacitor"],"relics":["Cracked Core","ReplayTheSpireMod:PocketPolymizer","Ancient Bracer","Incense Burner","Juzu Bracelet","Inserter","Red Mask","ReplayTheSpireMod:CursedCoin","Bird Faced Urn","Replay:Towering Pillar of Hats","Gremlin Horn","WingedGreaves","Sozu","Girya","ClockworkSouvenir","Peace Pipe","Strawberry","Snack Pack","ReplayTheSpireMod:Bottled Steam"],"potions_floor_usage":[20,23,27,27,55],"damage_taken":[{"damage":0,"enemies":"2 Louse","floor":1,"turns":2},{"damage":0,"enemies":"Cultist","floor":3,"turns":3},{"damage":0,"enemies":"Small Slimes","floor":5,"turns":2},{"damage":8,"enemies":"3 Louse","floor":7,"turns":4},{"damage":3,"enemies":"Blue Slaver","floor":10,"turns":2},{"damage":4,"enemies":"Lagavulin","floor":12,"turns":6},{"damage":0,"enemies":"2 Fungi Beasts","floor":13,"turns":2},{"damage":1,"enemies":"Gremlin Nob","floor":14,"turns":3},{"damage":0,"enemies":"The Guardian","floor":16,"turns":7},{"damage":0,"enemies":"Spheric Guardian","floor":18,"turns":2},{"damage":3,"enemies":"Masked Bandits","floor":20,"turns":3},{"damage":15,"enemies":"Book of Stabbing","floor":23,"turns":4},{"damage":15,"enemies":"2 Thieves","floor":24,"turns":4},{"damage":10,"enemies":"Slavers","floor":27,"turns":2},{"damage":9,"enemies":"Pondfish","floor":33,"turns":5},{"damage":10,"enemies":"3 Darklings","floor":35,"turns":4},{"damage":15,"enemies":"Orb Walker","floor":37,"turns":3},{"damage":11,"enemies":"Jaw Worm Horde","floor":39,"turns":2},{"damage":18,"enemies":"R_Hoarder","floor":40,"turns":7},{"damage":11,"enemies":"4 Shapes","floor":45,"turns":2},{"damage":0,"enemies":"Reptomancer","floor":46,"turns":5},{"damage":21,"enemies":"Donu and Deca","floor":50,"turns":6},{"damage":14,"enemies":"Shield and Spear","floor":54,"turns":4},{"damage":77,"enemies":"The Heart","floor":55,"turns":8}],"seed_played":"873868522280797175","potions_obtained":[{"floor":3,"key":"Fire Potion"},{"floor":10,"key":"Toxic Potion"},{"floor":12,"key":"SkillPotion"},{"floor":16,"key":"Reflective Coating"},{"floor":23,"key":"Adrenaline Potion"},{"floor":24,"key":"Energy Potion"},{"floor":33,"key":"Poison Potion"}],"is_trial":false,"path_per_floor":["M","?","M","?","M","R","M","R","T","M","$","E","M","E","R","B",null,"M","?","?","$","?","E","M","R","T","E","?","?","R","?","R","B",null,"M","?","M","?","M","E","T","$","T","?","M","E","R","?","R","B",null,"R","$","E","B",null],"character_chosen":"DEFECT","items_purchased":["Ancient Bracer","ReplayTheSpireMod:CursedCoin","Bird Faced Urn","ClockworkSouvenir","Deep Breath"],"campfire_rested":0,"item_purchase_floors":[11,21,21,42,42],"current_hp_per_floor":[75,75,75,75,75,75,67,67,67,64,64,60,60,59,59,59,75,75,75,72,72,72,63,50,50,50,44,44,44,44,44,66,63,75,68,68,57,57,48,47,47,47,47,47,42,57,57,57,57,48,82,82,82,74,15],"gold":147,"neow_bonus":"REMOVE_CARD","is_prod":false,"is_daily":false,"chose_seed":false,"campfire_upgraded":7,"win_rate":0,"timestamp":1558027964,"path_taken":["M","?","?","?","?","R","M","R","T","M","$","E","M","E","R","BOSS","M","?","?","$","?","E","M","R","T","E","?","?","R","?","R","BOSS","M","?","M","?","M","E","?","$","T","?","M","E","R","?","R","BOSS","R","$","E","BOSS"],"build_version":"2019-01-23","purchased_purges":3,"victory":true,"max_hp_per_floor":[75,75,75,75,75,75,75,75,75,75,75,75,75,75,75,75,75,75,75,75,75,75,75,75,75,75,75,75,75,75,75,75,75,75,75,75,75,75,75,75,75,75,75,75,75,82,82,82,82,82,82,82,82,82,82],"card_choices":[{"not_picked":["Turbo","FIFO Queue"],"picked":"Cold Snap","floor":1},{"not_picked":["Leap","Gash"],"picked":"Defragment","floor":3},{"not_picked":["Turbo","Self Repair"],"picked":"Compile Driver","floor":5},{"not_picked":["White Noise","ReplaySort"],"picked":"Ball Lightning","floor":7},{"not_picked":["ReplayTheSpireMod:System Scan","Streamline"],"picked":"Ball Lightning","floor":10},{"not_picked":["Sweeping Beam","Cold Snap"],"picked":"Undo","floor":12},{"not_picked":["Beam Cell","Self Repair","Panic Button"],"picked":"SKIP","floor":13},{"not_picked":["Hologram","Amplify"],"picked":"Defragment","floor":14},{"not_picked":["Machine Learning","Core Surge"],"picked":"Electrodynamics","floor":16},{"not_picked":["Blizzard+1","Conserve Battery"],"picked":"Sweeping Beam+1","floor":18},{"not_picked":["Hyperbeam","Barrage+1"],"picked":"BasicCrystalCard","floor":23},{"not_picked":["Steam","Leap"],"picked":"Steam Power+1","floor":24},{"not_picked":["Gash","Go for the Eyes"],"picked":"Recycle","floor":27},{"not_picked":["Hyperbeam","All For One"],"picked":"Biased Cognition","floor":33},{"not_picked":["Genetic Algorithm","Compile Driver"],"picked":"Beam Cell+1","floor":35},{"not_picked":["Stack","Panic Button","BasicCrystalCard"],"picked":"SKIP","floor":37},{"not_picked":["ReplaySort+1","Stack"],"picked":"Conserve Battery+1","floor":39},{"not_picked":["Steam+1","Beam Cell+1","Auto Shields"],"picked":"SKIP","floor":40},{"not_picked":["Cold Snap","Turbo"],"picked":"Steam Power+1","floor":45},{"not_picked":["Rip and Tear","Hologram"],"picked":"Skim","floor":46},{"not_picked":["Gash+1","ReplaySort","Time Bomb"],"picked":"SKIP","floor":54}],"player_experience":1441012,"relics_obtained":[{"floor":9,"key":"ReplayTheSpireMod:PocketPolymizer"},{"floor":12,"key":"Incense Burner"},{"floor":14,"key":"Juzu Bracelet"},{"floor":20,"key":"Red Mask"},{"floor":23,"key":"Replay:Towering Pillar of Hats"},{"floor":26,"key":"Gremlin Horn"},{"floor":27,"key":"WingedGreaves"},{"floor":40,"key":"Girya"},{"floor":43,"key":"Peace Pipe"},{"floor":46,"key":"Strawberry"},{"floor":54,"key":"ReplayTheSpireMod:Bottled Steam"}],"event_choices":[{"damage_healed":0,"gold_gain":100,"player_choice":"Pray","damage_taken":0,"max_hp_gain":0,"max_hp_loss":0,"event_name":"Golden Shrine","floor":2,"gold_loss":0},{"cards_removed":["Strike_B"],"damage_healed":0,"gold_gain":0,"player_choice":"Purged","damage_taken":0,"max_hp_gain":0,"max_hp_loss":0,"event_name":"Purifier","floor":4,"gold_loss":0},{"damage_healed":0,"gold_gain":0,"player_choice":"Fought Bandits","damage_taken":0,"max_hp_gain":0,"max_hp_loss":0,"event_name":"Masked Bandits","floor":20,"gold_loss":0},{"damage_healed":0,"gold_gain":0,"player_choice":"Ignored","damage_taken":0,"max_hp_gain":0,"max_hp_loss":0,"event_name":"Vampires","floor":22,"gold_loss":0},{"damage_healed":0,"gold_gain":0,"player_choice":"Ignored","damage_taken":0,"max_hp_gain":0,"max_hp_loss":0,"event_name":"The Mausoleum","floor":28,"gold_loss":0},{"cards_removed":["Defend_B"],"damage_healed":0,"gold_gain":0,"player_choice":"Elegance","damage_taken":0,"max_hp_gain":0,"max_hp_loss":0,"event_name":"Back to Basics","floor":29,"gold_loss":0},{"damage_healed":0,"gold_gain":222,"player_choice":"Wore Mask","damage_taken":0,"max_hp_gain":0,"max_hp_loss":0,"event_name":"Tomb of Lord Red Mask","floor":36,"gold_loss":0},{"cards_removed":["Compile Driver"],"damage_healed":0,"gold_gain":0,"player_choice":"Removed Attack","damage_taken":0,"max_hp_gain":0,"max_hp_loss":0,"event_name":"Falling","floor":38,"gold_loss":0},{"damage_healed":0,"gold_gain":0,"player_choice":"Memory 1","damage_taken":0,"max_hp_gain":0,"max_hp_loss":0,"event_name":"SensoryStone","floor":44,"gold_loss":0},{"damage_healed":0,"gold_gain":0,"player_choice":"Gave Potion","damage_taken":0,"relics_obtained":["Snack Pack"],"max_hp_gain":0,"max_hp_loss":0,"event_name":"WeMeetAgain","floor":48,"gold_loss":0}],"is_beta":false,"boss_relics":[{"not_picked":["Orrery","Painkiller Herb"],"picked":"Inserter"},{"not_picked":["Astrolabe","Philosopher\u0027s Stone"],"picked":"Sozu"}],"items_purged_floors":[11,42,53],"is_endless":false,"potions_floor_spawned":[3,10,12,13,16,23,24,33,39,40],"ascension_level":0}