{"gold_per_floor":[113,46,56,56,75,75,103,113,113,124,124,151,151,171,171,270,270,288,304,504,520,218,218],"floor_reached":23,"playtime":1019,"items_purged":["Strike_R"],"score":254,"play_id":"81204208-7226-48ed-b779-29d9ec7e4afe","local_time":"20190930192218","is_ascension_mode":true,"campfire_choices":[{"data":"Bash","floor":6,"key":"SMITH"},{"floor":11,"key":"DIG"},{"floor":13,"key":"DIG"},{"floor":15,"key":"DIG"}],"neow_cost":"NONE","seed_source_timestamp":1563880734916900,"circlet_count":0,"master_deck":["Strike_R","Strike_R","Strike_R","Strike_R","Defend_R","Defend_R","Defend_R","Defend_R","Bash+1","Anger","Rampage","Blood for Blood","Cleave","Flame Barrier","Shrug It Off","Twin Strike","Juggernaut","Reaper","CurseOfTheBell","Iron Wave","Power Through","Dual Wield+1","Uppercut","Feel No Pain"],"relics":["Burning Blood","CultistMask","Singing Bowl","Shovel","Unceasing Top","Pocketwatch","Smiling Mask","White Beast Statue","Calling Bell","Bronze Scales","Blue Candle","Incense Burner","Omamori"],"potions_floor_usage":[12,12,16,16,16,16,18,19,23,23,23],"damage_taken":[{"damage":9,"enemies":"2 Louse","floor":1,"turns":3},{"damage":0,"enemies":"Cultist","floor":3,"turns":2},{"damage":9,"enemies":"Jaw Worm","floor":5,"turns":3},{"damage":45,"enemies":"Lagavulin","floor":7,"turns":6},{"damage":4,"enemies":"Blue Slaver","floor":8,"turns":3},{"damage":6,"enemies":"Large Slime","floor":10,"turns":6},{"damage":30,"enemies":"Gremlin Nob","floor":12,"turns":4},{"damage":3,"enemies":"Exordium Thugs","floor":14,"turns":4},{"damage":9,"enemies":"Hexaghost","floor":16,"turns":8},{"damage":59,"enemies":"2 Thieves","floor":18,"turns":4},{"damage":25,"enemies":"Chosen","floor":19,"turns":5},{"damage":4,"enemies":"Snake Plant","floor":21,"turns":4},{"damage":51,"enemies":"Slavers","floor":23,"turns":6}],"seed_played":"-2605452216676508580","potions_obtained":[{"floor":0,"key":"SpeedPotion"},{"floor":0,"key":"SteroidPotion"},{"floor":0,"key":"SpeedPotion"},{"floor":7,"key":"Regen Potion"},{"floor":14,"key":"EntropicBrew"},{"floor":16,"key":"SteroidPotion"},{"floor":18,"key":"Regen Potion"},{"floor":19,"key":"Weak Potion"},{"floor":21,"key":"BloodPotion"}],"is_trial":false,"path_per_floor":["M","$","M","?","M","R","E","M","T","M","R","E","R","M","R","B",null,"M","M","?","M","$","E"],"character_chosen":"IRONCLAD","items_purchased":["Rampage","Omamori","Uppercut","Feel No Pain"],"campfire_rested":0,"item_purchase_floors":[2,22,22,22],"current_hp_per_floor":[77,77,80,80,77,77,38,40,40,40,40,28,28,33,33,30,69,34,29,29,31,31,0],"gold":218,"neow_bonus":"THREE_SMALL_POTIONS","is_prod":false,"is_daily":false,"chose_seed":false,"campfire_upgraded":1,"win_rate":0,"timestamp":1569860538,"path_taken":["M","$","M","?","M","R","E","M","T","M","R","E","R","M","R","BOSS","M","?","?","M","$","E"],"build_version":"2019-09-27","purchased_purges":1,"victory":false,"max_hp_per_floor":[80,80,80,80,80,80,80,80,80,80,80,80,80,82,82,82,82,82,82,82,82,82,82],"card_choices":[{"not_picked":["Shrug It Off","Body Slam"],"picked":"Anger","floor":1},{"not_picked":["Power Through","Combust"],"picked":"Blood for Blood","floor":3},{"not_picked":["Carnage","Corruption"],"picked":"Cleave","floor":5},{"not_picked":["Clothesline","Pummel"],"picked":"Flame Barrier","floor":7},{"not_picked":["Evolve","Bludgeon"],"picked":"Shrug It Off","floor":8},{"not_picked":["Hemokinesis","Body Slam"],"picked":"Twin Strike","floor":10},{"not_picked":["Havoc","Ghostly Armor"],"picked":"Juggernaut","floor":12},{"not_picked":["Flex","True Grit","Twin Strike"],"picked":"Singing Bowl","floor":14},{"not_picked":["Bludgeon","Exhume"],"picked":"Reaper","floor":16},{"not_picked":["Carnage+1","Pummel"],"picked":"Iron Wave","floor":18},{"not_picked":["Wild Strike","Spot Weakness"],"picked":"Power Through","floor":19},{"not_picked":["Twin Strike","Sever Soul+1"],"picked":"Dual Wield+1","floor":21}],"player_experience":364339,"relics_obtained":[{"floor":7,"key":"Singing Bowl"},{"floor":9,"key":"Shovel"},{"floor":11,"key":"Unceasing Top"},{"floor":12,"key":"Pocketwatch"},{"floor":13,"key":"Smiling Mask"},{"floor":15,"key":"White Beast Statue"},{"floor":17,"key":"Bronze Scales"},{"floor":17,"key":"Blue Candle"},{"floor":17,"key":"Incense Burner"}],"event_choices":[{"damage_healed":0,"gold_gain":0,"player_choice":"Trade","damage_taken":0,"relics_obtained":["CultistMask"],"max_hp_gain":0,"max_hp_loss":0,"event_name":"FaceTrader","floor":4,"gold_loss":0},{"damage_healed":0,"gold_gain":250,"player_choice":"Bet on Owner","damage_taken":0,"max_hp_gain":0,"max_hp_loss":0,"event_name":"The Joust","floor":20,"gold_loss":50}],"is_beta":true,"boss_relics":[{"not_picked":["Snecko Eye","Pandora\u0027s Box"],"picked":"Calling Bell"}],"items_purged_floors":[22],"is_endless":false,"potions_floor_spawned":[1,7,10,14,16,18,19,21],"killed_by":"Slavers","ascension_level":5}