{"gold_per_floor":[119,135,135,152,227,254,254,267,291,309,324,324,324,341,341,441,441,451,377,397,223,234,268,268,294,294,294,320,320,320,419,419,522,522,538,45,45,45,65,115,115,130,210,228,228,258,272,284,284,284,284,284,3,33,33],"floor_reached":56,"playtime":6421,"items_purged":["Defend_B","Strike_B","Defend_B"],"score":1616,"play_id":"82ecc11e-cfcd-46cb-a2ef-4b438bbc831e","local_time":"20191013162809","is_ascension_mode":true,"campfire_choices":[{"floor":7.0,"key":"REST"},{"data":"Defragment","floor":12.0,"key":"SMITH"},{"floor":15.0,"key":"REST"},{"floor":24.0,"key":"REST"},{"floor":27.0,"key":"REST"},{"data":"Ghostly","floor":32.0,"key":"SMITH"},{"floor":41.0,"key":"RECALL"},{"data":"Sunder","floor":45.0,"key":"SMITH"},{"floor":49.0,"key":"REST"},{"data":"Loop","floor":52,"key":"SMITH"}],"neow_cost":"NONE","seed_source_timestamp":0,"circlet_count":0,"master_deck":["Strike_B+1","Strike_B+1","Defend_B+1","Defend_B+1","Zap+1","Dualcast+1","Sweeping Beam+1","Glacier+1","Barrage+1","Static Discharge+1","Seek+1","Steam Power+1","Defragment+1","Steam+1","Seek+1","Machine Learning+1","Coolheaded+1","Coolheaded+1","Defragment+1","Turbo+1","BootSequence+1","Leap+1","Static Discharge+1","Electrodynamics+1","Genetic Algorithm+1","Ghostly+1","Ghostly+1","Ghostly+1","Ghostly+1","Ghostly+1","Seek+1","Chill+1","Defragment+1","Sunder+1","Hologram+1","Stack+1","Coolheaded+1","Creative AI","Loop+1","Capacitor","Panache","Sunder+1"],"special_seed":0,"relics":["Cracked Core","NeowsBlessing","Smiling Mask","Bronze Scales","Dream Catcher","Nuclear Battery","Boot","Bird Faced Urn","Bag of Preparation","PreservedInsect","Snecko Eye","Dead Branch","Mark of the Bloom","Question Card","Orichalcum","Centennial Puzzle"],"potions_floor_usage":[50,55,55],"damage_taken":[{"damage":0.0,"enemies":"Cultist","floor":1.0,"turns":1.0},{"damage":0.0,"enemies":"Jaw Worm","floor":2.0,"turns":1.0},{"damage":0.0,"enemies":"Small Slimes","floor":4.0,"turns":1.0},{"damage":37.0,"enemies":"Gremlin Nob","floor":6.0,"turns":4.0},{"damage":4.0,"enemies":"Blue Slaver","floor":8.0,"turns":4.0},{"damage":6.0,"enemies":"Looter","floor":10.0,"turns":3.0},{"damage":2.0,"enemies":"Large Slime","floor":11.0,"turns":6.0},{"damage":3.0,"enemies":"Blue Slaver","floor":14.0,"turns":3.0},{"damage":14.0,"enemies":"Hexaghost","floor":16.0,"turns":11.0},{"damage":7.0,"enemies":"3 Byrds","floor":18.0,"turns":3.0},{"damage":2.0,"enemies":"Chosen","floor":20.0,"turns":4.0},{"damage":9.0,"enemies":"Shelled Parasite and Fungi","floor":22.0,"turns":8.0},{"damage":24.0,"enemies":"Slavers","floor":23.0,"turns":6.0},{"damage":34.0,"enemies":"Gremlin Leader","floor":25.0,"turns":12.0},{"damage":20.0,"enemies":"Book of Stabbing","floor":28.0,"turns":7.0},{"damage":15.0,"enemies":"Collector","floor":33.0,"turns":9.0},{"damage":2.0,"enemies":"Orb Walker","floor":35.0,"turns":5.0},{"damage":0.0,"enemies":"3 Shapes","floor":39.0,"turns":5.0},{"damage":0.0,"enemies":"Sphere and 2 Shapes","floor":42.0,"turns":4.0},{"damage":0.0,"enemies":"4 Shapes","floor":44.0,"turns":3.0},{"damage":0.0,"enemies":"Nemesis","floor":46.0,"turns":7.0},{"damage":0.0,"enemies":"Jaw Worm Horde","floor":47.0,"turns":2.0},{"damage":0.0,"enemies":"Spire Growth","floor":48.0,"turns":6.0},{"damage":0,"enemies":"Time Eater","floor":50,"turns":12},{"damage":0,"enemies":"Shield and Spear","floor":54,"turns":4},{"damage":31,"enemies":"The Heart","floor":55,"turns":12}],"seed_played":"-1895205446559425066","potions_obtained":[{"floor":4.0,"key":"Energy Potion"},{"floor":8.0,"key":"AttackPotion"},{"floor":10.0,"key":"SpeedPotion"},{"floor":11.0,"key":"FocusPotion"},{"floor":18.0,"key":"SteroidPotion"},{"floor":20.0,"key":"Block Potion"},{"floor":23.0,"key":"SkillPotion"},{"floor":25.0,"key":"FocusPotion"},{"floor":33.0,"key":"Weak Potion"},{"floor":35.0,"key":"GamblersBrew"},{"floor":47.0,"key":"Poison Potion"}],"is_trial":false,"path_per_floor":["M","M","?","M","?","E","R","M","T","M","M","R","T","M","R","B",null,"M","$","M","$","M","E","R","E","T","R","E","?","?","?","R","B",null,"M","$","?","?","M","T","R","M","T","M","R","E","M","M","R","B",null,"R","$","E","B",null],"character_chosen":"DEFECT","items_purchased":["Coolheaded","Defragment","Compile Driver","Dead Branch","Chill","Defragment","Capacitor","Panache","GamblersBrew"],"campfire_rested":5,"item_purchase_floors":[19,21,21,36,36,36,53,53,53],"current_hp_per_floor":[68,68,68,68,57,20,42,38,38,32,30,30,30,27,49,35,65,58,58,56,56,47,23,45,11,11,33,25,50,37,37,37,22,33,35,35,35,35,35,35,35,35,35,35,35,35,35,35,35,35,35,35,35,35,4],"gold":33,"neow_bonus":"THREE_ENEMY_KILL","is_prod":false,"is_daily":false,"chose_seed":false,"campfire_upgraded":4,"win_rate":0,"timestamp":1571009289,"path_taken":["M","?","?","M","?","E","R","M","T","M","M","R","?","M","R","BOSS","M","$","M","$","M","E","R","E","T","R","E","?","?","?","R","BOSS","M","$","?","?","?","?","R","M","T","M","R","E","M","?","R","BOSS","R","$","E","BOSS"],"build_version":"2019-07-17","purchased_purges":3,"victory":true,"max_hp_per_floor":[75,75,75,75,75,75,75,75,75,75,75,75,75,75,75,75,75,75,75,75,75,75,75,75,75,75,75,75,75,37,37,37,37,37,37,37,37,37,37,37,37,37,37,37,37,37,37,37,37,37,37,37,37,37,37],"card_choices":[{"not_picked":["BootSequence","Compile Driver"],"picked":"Sweeping Beam","floor":1.0},{"not_picked":["Barrage","Turbo"],"picked":"Glacier","floor":2.0},{"not_picked":["Chaos","Leap"],"picked":"Static Discharge","floor":4.0},{"not_picked":["Sweeping Beam","Static Discharge"],"picked":"Seek","floor":6.0},{"not_picked":["Sweeping Beam","Blizzard","Streamline"],"picked":"SKIP","floor":8.0},{"not_picked":["Lockon","Redo"],"picked":"Steam Power","floor":10.0},{"not_picked":["Stack","Leap"],"picked":"Defragment","floor":11.0},{"not_picked":["Skim","Fusion"],"picked":"Steam","floor":14.0},{"not_picked":["Cold Snap","Chill"],"picked":"Seek","floor":15.0},{"not_picked":["Reboot","Thunder Strike"],"picked":"Machine Learning","floor":16.0},{"not_picked":["Turbo","Redo","Static Discharge"],"picked":"SKIP","floor":18.0},{"not_picked":["Stack","Go for the Eyes"],"picked":"Coolheaded","floor":20.0},{"not_picked":["Melter","Streamline"],"picked":"Turbo","floor":22.0},{"not_picked":["Go for the Eyes","Machine Learning"],"picked":"BootSequence+1","floor":23.0},{"not_picked":["Aggregate","Beam Cell"],"picked":"Leap+1","floor":24.0},{"not_picked":["Hologram","Steam+1"],"picked":"Static Discharge","floor":25.0},{"not_picked":["Steam","Conserve Battery"],"picked":"Electrodynamics","floor":27.0},{"not_picked":["Streamline","Go for the Eyes"],"picked":"Genetic Algorithm+1","floor":28.0},{"not_picked":["Amplify","Reboot"],"picked":"Seek","floor":33.0},{"not_picked":["Melter","Scrape","Undo"],"picked":"SKIP","floor":35.0},{"not_picked":["Stack","Gash+1"],"picked":"Sunder","floor":39.0},{"not_picked":["Turbo+1","Rebound"],"picked":"Hologram+1","floor":42.0},{"not_picked":["Steam+1","Streamline+1","Redo"],"picked":"Stack+1","floor":44.0},{"not_picked":["Reprogram+1","Barrage","Ball Lightning"],"picked":"Coolheaded+1","floor":46.0},{"not_picked":["Ball Lightning+1","Rip and Tear+1","Scrape","Beam Cell+1"],"picked":"SKIP","floor":47.0},{"not_picked":["Barrage+1","Leap+1","Stack+1"],"picked":"Creative AI","floor":48.0},{"not_picked":["Sweeping Beam","Recycle","Compile Driver"],"picked":"Loop","floor":49.0},{"not_picked":["Beam Cell","Go for the Eyes+1","Turbo+1"],"picked":"Sunder+1","floor":54}],"player_experience":315473,"relics_obtained":[{"floor":6.0,"key":"Smiling Mask"},{"floor":9.0,"key":"Bronze Scales"},{"floor":13.0,"key":"Dream Catcher"},{"floor":23.0,"key":"Boot"},{"floor":25.0,"key":"Bird Faced Urn"},{"floor":26.0,"key":"Bag of Preparation"},{"floor":28.0,"key":"PreservedInsect"},{"floor":43.0,"key":"Question Card"},{"floor":46.0,"key":"Orichalcum"},{"floor":54,"key":"Centennial Puzzle"}],"event_choices":[{"damage_healed":0.0,"max_hp_gain":0.0,"max_hp_loss":0.0,"gold_gain":0.0,"cards_transformed":["Strike_B"],"event_name":"Living Wall","player_choice":"Change","floor":3.0,"gold_loss":0.0,"damage_taken":0.0,"cards_obtained":["Barrage"]},{"damage_healed":0.0,"max_hp_gain":0.0,"max_hp_loss":0.0,"gold_gain":75.0,"event_name":"World of Goop","player_choice":"Gather Gold","floor":5.0,"gold_loss":0.0,"damage_taken":11.0},{"damage_healed":25.0,"max_hp_gain":0.0,"max_hp_loss":0.0,"gold_gain":0.0,"event_name":"The Library","player_choice":"Heal","floor":29.0,"gold_loss":0.0,"damage_taken":0.0},{"damage_healed":0.0,"max_hp_gain":0.0,"max_hp_loss":38.0,"gold_gain":0.0,"event_name":"Ghosts","player_choice":"Became a Ghost","floor":30.0,"gold_loss":0.0,"damage_taken":0.0,"cards_obtained":["Ghostly","Ghostly","Ghostly","Ghostly","Ghostly"]},{"damage_healed":0.0,"max_hp_gain":0.0,"max_hp_loss":0.0,"gold_gain":99.0,"event_name":"Nest","player_choice":"Stole From Cult","floor":31.0,"gold_loss":0.0,"damage_taken":0.0},{"cards_removed":["Compile Driver"],"damage_healed":0.0,"max_hp_gain":0.0,"max_hp_loss":0.0,"gold_gain":0.0,"event_name":"Falling","player_choice":"Removed Attack","floor":37.0,"gold_loss":0.0,"damage_taken":0.0},{"damage_healed":0.0,"max_hp_gain":0.0,"max_hp_loss":0.0,"gold_gain":0.0,"event_name":"MindBloom","player_choice":"Upgrade","floor":38.0,"gold_loss":0.0,"damage_taken":0.0,"cards_upgraded":["Strike_B","Strike_B","Defend_B","Defend_B","Zap","Dualcast","Sweeping Beam","Glacier","Barrage","Static Discharge","Seek","Steam Power","Steam","Seek","Machine Learning","Coolheaded","Coolheaded","Defragment","Turbo","Static Discharge","Electrodynamics","Ghostly","Ghostly","Ghostly","Ghostly","Seek","Chill","Defragment"],"relics_obtained":["Mark of the Bloom"]}],"is_beta":false,"boss_relics":[{"not_picked":["Velvet Choker","Cursed Key"],"picked":"Nuclear Battery"},{"not_picked":["White Beast Statue","Pandora\u0027s Box"],"picked":"Snecko Eye"}],"items_purged_floors":[19,21,36],"is_endless":false,"potions_floor_spawned":[4,8,10,11,18,20,23,25,33,35,39,47,48],"ascension_level":6}