{"gold_per_floor":[361,361,361,311,329,362,362,396,396,396,427,107,122,122,122,122],"floor_reached":16,"playtime":527,"items_purged":["Injury"],"score":158,"play_id":"7052222e-3391-45cc-a28d-051838df4919","local_time":"20190414004632","is_ascension_mode":true,"campfire_choices":[{"data":"Rage","floor":7,"key":"SMITH"},{"floor":10,"key":"REST"},{"floor":15,"key":"REST"}],"neow_cost":"CURSE","seed_source_timestamp":1837928285219200,"circlet_count":0,"master_deck":["Strike_R","Strike_R","Strike_R","Strike_R+1","Strike_R","Defend_R","Defend_R","Defend_R+1","Defend_R","Bash","Pommel Strike","Ghostly Armor","Rage+1","Flex","Armaments","Inflame","Inflame","Inflame","Inflame","Infernal Blade"],"relics":["Burning Blood","Golden Idol","Pear","FossilizedHelix","Paper Frog","The Courier"],"potions_floor_usage":[5,5,6,6,8,16],"damage_taken":[{"damage":8,"enemies":"Jaw Worm","floor":1,"turns":5},{"damage":0,"enemies":"2 Louse","floor":5,"turns":1},{"damage":29,"enemies":"3 Sentries","floor":6,"turns":9},{"damage":25,"enemies":"Gremlin Nob","floor":8,"turns":5},{"damage":35,"enemies":"3 Sentries","floor":11,"turns":12},{"damage":12,"enemies":"Small Slimes","floor":13,"turns":4},{"damage":48,"enemies":"Hexaghost","floor":16,"turns":10}],"seed_played":"9072876407555027325","potions_obtained":[{"floor":1,"key":"EntropicBrew"},{"floor":5,"key":"Strength Potion"},{"floor":13,"key":"SkillPotion"}],"is_trial":false,"path_per_floor":["M","?","?","?","M","E","R","E","T","R","E","$","M","?","R","B"],"character_chosen":"IRONCLAD","items_purchased":["Inflame","Inflame","Inflame","Inflame","Feel No Pain"],"campfire_rested":2,"item_purchase_floors":[12,12,12,12,12],"current_hp_per_floor":[78,78,62,62,68,55,55,36,36,63,34,34,28,21,48,0],"gold":122,"neow_bonus":"TWO_FIFTY_GOLD","is_prod":false,"is_daily":false,"chose_seed":false,"campfire_upgraded":1,"win_rate":0,"timestamp":1555191992,"path_taken":["M","?","?","?","?","E","R","E","T","R","E","?","M","?","R","BOSS"],"build_version":"2019-01-23","purchased_purges":1,"victory":false,"max_hp_per_floor":[80,80,80,80,80,90,90,90,90,90,90,90,90,90,90,90],"card_choices":[{"not_picked":["Body Slam","Perfected Strike"],"picked":"Pommel Strike","floor":1},{"not_picked":["Body Slam","Entrench"],"picked":"Ghostly Armor","floor":5},{"not_picked":["Warcry","Dark Embrace"],"picked":"Rage","floor":6},{"not_picked":["Sever Soul","Perfected Strike"],"picked":"Flex","floor":8},{"not_picked":["Heavy Blade","Cleave"],"picked":"Armaments","floor":11},{"not_picked":["Body Slam","Heavy Blade"],"picked":"Infernal Blade","floor":13}],"player_experience":281741,"relics_obtained":[{"floor":6,"key":"Pear"},{"floor":8,"key":"FossilizedHelix"},{"floor":9,"key":"Paper Frog"},{"floor":11,"key":"The Courier"}],"event_choices":[{"damage_healed":0,"gold_gain":0,"player_choice":"Take Wound","damage_taken":0,"relics_obtained":["Golden Idol"],"max_hp_gain":0,"max_hp_loss":0,"event_name":"Golden Idol","floor":2,"gold_loss":0,"cards_obtained":["Injury"]},{"damage_healed":0,"gold_gain":0,"player_choice":"Entered Light","damage_taken":16,"max_hp_gain":0,"max_hp_loss":0,"event_name":"Shining Light","floor":3,"gold_loss":0,"cards_upgraded":["Strike_R","Defend_R"]},{"cards_removed":["Doubt"],"damage_healed":0,"gold_gain":0,"player_choice":"Card Removal","damage_taken":0,"max_hp_gain":0,"max_hp_loss":0,"event_name":"The Cleric","floor":4,"gold_loss":50},{"cards_removed":["Feel No Pain"],"damage_healed":0,"gold_gain":0,"player_choice":"Card Removal","damage_taken":7,"max_hp_gain":0,"max_hp_loss":0,"event_name":"Golden Wing","floor":14,"gold_loss":0}],"is_beta":false,"boss_relics":[],"items_purged_floors":[12],"is_endless":false,"potions_floor_spawned":[1,5,13],"killed_by":"Hexaghost","ascension_level":3}