{"gold_per_floor":[415,22,22,22,197,197,213,247,323,323],"floor_reached":10,"playtime":246,"items_purged":["Parasite"],"score":74,"play_id":"dd25c6b6-18f8-42f4-8cec-b2887c32afac","local_time":"20190418230242","is_ascension_mode":true,"campfire_choices":[{"data":"Pommel Strike","floor":6,"key":"SMITH"}],"neow_cost":"CURSE","seed_source_timestamp":2263976479971700,"circlet_count":0,"master_deck":["Strike_R","Strike_R","Strike_R+1","Strike_R","Defend_R","Defend_R","Defend_R","Defend_R","Bash+1","Pommel Strike+1","Clash","Doubt","Flame Barrier","Flex"],"relics":["Burning Blood","Old Coin","Ice Cream","Singing Bowl","Bottled Flame"],"potions_floor_usage":[8],"damage_taken":[{"damage":11,"enemies":"Jaw Worm","floor":1,"turns":4},{"damage":0,"enemies":"Small Slimes","floor":7,"turns":3},{"damage":39,"enemies":"Lagavulin","floor":8,"turns":8},{"damage":51,"enemies":"3 Sentries","floor":10,"turns":10}],"seed_played":"-1953091890581564371","potions_obtained":[{"floor":7,"key":"Regen Potion"}],"is_trial":false,"path_per_floor":["M","$","?","?","?","R","M","E","T","E"],"character_chosen":"IRONCLAD","items_purchased":["Clash","Ice Cream"],"campfire_rested":0,"item_purchase_floors":[2,2],"current_hp_per_floor":[75,75,60,60,60,60,66,47,47,0],"gold":323,"neow_bonus":"ONE_RARE_RELIC","is_prod":false,"is_daily":false,"chose_seed":false,"campfire_upgraded":1,"win_rate":0,"timestamp":1555617762,"path_taken":["M","$","?","?","?","R","M","E","T","E"],"build_version":"2019-01-23","purchased_purges":1,"victory":false,"max_hp_per_floor":[80,77,77,77,77,77,77,77,77,77],"card_choices":[{"not_picked":["Twin Strike","Shrug It Off"],"picked":"Pommel Strike","floor":1},{"not_picked":["Wild Strike","Fire Breathing"],"picked":"Flame Barrier","floor":7},{"not_picked":["Bloodletting","Clash"],"picked":"Flex","floor":8}],"player_experience":313376,"relics_obtained":[{"floor":8,"key":"Singing Bowl"},{"floor":9,"key":"Bottled Flame"}],"event_choices":[{"damage_healed":0,"gold_gain":0,"player_choice":"Entered Light","damage_taken":15,"max_hp_gain":0,"max_hp_loss":0,"event_name":"Shining Light","floor":3,"gold_loss":0,"cards_upgraded":["Strike_R","Bash"]},{"cards_removed":["Strike_R"],"damage_healed":0,"gold_gain":0,"player_choice":"Forget","damage_taken":0,"max_hp_gain":0,"max_hp_loss":0,"event_name":"Living Wall","floor":4,"gold_loss":0},{"damage_healed":0,"gold_gain":175,"player_choice":"AGREE","damage_taken":0,"max_hp_gain":0,"max_hp_loss":0,"event_name":"Liars Game","floor":5,"gold_loss":0,"cards_obtained":["Doubt"]}],"is_beta":false,"boss_relics":[],"items_purged_floors":[2],"is_endless":false,"potions_floor_spawned":[7],"killed_by":"3 Sentries","ascension_level":3}