{"gold_per_floor":[109,35,35,35,47,80,93,93,93,109,109,129,158,158,158,259,259,275,294,394,31,42,73,73,98,124,124,37,37,47,57,57,160,160,171,187,187,187,43,43,71,84,84,84,112,127,156,169,169,169],"floor_reached":51,"playtime":2378,"items_purged":["Strike_R","Strike_R"],"score":860,"play_id":"355bc950-fbbd-48a3-9f7c-cff4714b3082","local_time":"20190601004209","is_ascension_mode":false,"campfire_choices":[{"data":"True Grit","floor":8,"key":"SMITH"},{"data":"Whirlwind","floor":11,"key":"SMITH"},{"data":"Bash","floor":15,"key":"SMITH"},{"data":"Offering","floor":24,"key":"SMITH"},{"data":"Spot Weakness","floor":29,"key":"SMITH"},{"data":"Battle Trance","floor":32,"key":"SMITH"},{"data":"Metallicize","floor":44,"key":"SMITH"},{"data":"Feel No Pain","floor":49,"key":"SMITH"}],"neow_cost":"TEN_PERCENT_HP_LOSS","seed_source_timestamp":301576618138232,"circlet_count":0,"master_deck":["Strike_R","Strike_R","Defend_R","Defend_R+1","Defend_R","Bash+1","Anger","Battle Trance+1","Headbutt","True Grit+1","Spot Weakness+1","Whirlwind+1","Shrug It Off","Offering+1","Pommel Strike+1","Brutality","Warcry+1","Feel No Pain+1","Dropkick+1","Impervious","Heavy Blade+1","Madness","Madness","Metallicize+1","Pommel Strike+1","Exhume","Evolve+1"],"relics":["Black Blood","FossilizedHelix","Mummified Hand","Question Card","Red Skull","The Courier","Busted Crown","Champion Belt","Shuriken","Charon\u0027s Ashes","Bottled Lightning","Bag of Marbles","War Paint","Prayer Wheel","Kunai","Dream Catcher","Singing Bowl"],"potions_floor_usage":[6,13,16,22,23],"damage_taken":[{"damage":0,"enemies":"Small Slimes","floor":1,"turns":3},{"damage":0,"enemies":"2 Louse","floor":5,"turns":4},{"damage":14,"enemies":"3 Sentries","floor":6,"turns":7},{"damage":0,"enemies":"Jaw Worm","floor":7,"turns":4},{"damage":6,"enemies":"Exordium Thugs","floor":10,"turns":4},{"damage":0,"enemies":"3 Louse","floor":12,"turns":1},{"damage":8,"enemies":"Lagavulin","floor":13,"turns":5},{"damage":18,"enemies":"The Guardian","floor":16,"turns":13},{"damage":0,"enemies":"Spheric Guardian","floor":18,"turns":3},{"damage":10,"enemies":"2 Thieves","floor":19,"turns":3},{"damage":12,"enemies":"Colosseum Slavers","floor":20,"turns":2},{"damage":7,"enemies":"Colosseum Nobs","floor":20,"turns":3},{"damage":10,"enemies":"Snake Plant","floor":22,"turns":3},{"damage":24,"enemies":"Slavers","floor":23,"turns":3},{"damage":3,"enemies":"Gremlin Leader","floor":25,"turns":5},{"damage":0,"enemies":"Shelled Parasite and Fungi","floor":30,"turns":1},{"damage":0,"enemies":"Cultist and Chosen","floor":31,"turns":1},{"damage":45,"enemies":"Champ","floor":33,"turns":7},{"damage":1,"enemies":"3 Darklings","floor":35,"turns":2},{"damage":0,"enemies":"Orb Walker","floor":36,"turns":1},{"damage":8,"enemies":"Reptomancer","floor":41,"turns":4},{"damage":4,"enemies":"Transient","floor":42,"turns":5},{"damage":4,"enemies":"Giant Head","floor":45,"turns":5},{"damage":7,"enemies":"Maw","floor":46,"turns":5},{"damage":27,"enemies":"Reptomancer","floor":47,"turns":4},{"damage":1,"enemies":"Writhing Mass","floor":48,"turns":3},{"damage":28,"enemies":"Donu and Deca","floor":50,"turns":6}],"seed_played":"1363400755499575431","potions_obtained":[{"floor":1,"key":"Strength Potion"},{"floor":5,"key":"EssenceOfSteel"},{"floor":13,"key":"Weak Potion"},{"floor":20,"key":"Strength Potion"},{"floor":22,"key":"SkillPotion"},{"floor":25,"key":"Swift Potion"},{"floor":31,"key":"Strength Potion"},{"floor":33,"key":"BloodPotion"},{"floor":35,"key":"EssenceOfSteel"}],"is_trial":false,"path_per_floor":["M","$","?","?","M","E","M","R","T","M","R","M","E","?","R","B",null,"M","M","?","$","M","E","R","E","T","$","$","R","M","M","R","B",null,"M","M","?","?","$","?","E","M","T","R","E","M","E","M","R","B",null],"character_chosen":"IRONCLAD","items_purchased":["Battle Trance","Charon\u0027s Ashes","Brutality","Feel No Pain","Metallicize"],"campfire_rested":0,"item_purchase_floors":[2,21,21,28,39],"current_hp_per_floor":[72,72,72,72,72,64,70,70,70,70,70,72,70,63,63,51,72,72,68,61,61,57,39,39,42,42,42,42,42,48,54,54,15,72,72,72,72,63,63,63,65,71,71,71,72,72,57,68,68,50],"gold":169,"neow_bonus":"ONE_RARE_RELIC","is_prod":false,"is_daily":false,"chose_seed":false,"campfire_upgraded":8,"win_rate":0,"timestamp":1559346129,"path_taken":["M","$","?","?","M","E","M","R","T","M","R","M","E","?","R","BOSS","M","M","?","$","M","E","R","E","T","?","$","R","M","?","R","BOSS","M","M","?","?","$","?","E","?","T","R","E","M","E","M","R","BOSS"],"build_version":"2019-01-23","purchased_purges":2,"victory":true,"max_hp_per_floor":[72,72,72,72,72,72,72,72,72,72,72,72,72,72,72,72,72,72,72,72,72,72,72,72,72,72,72,72,72,72,72,72,72,72,72,72,72,72,72,72,72,72,72,72,72,72,74,76,76,76],"card_choices":[{"not_picked":["Searing Blow","Thunderclap"],"picked":"Anger","floor":1},{"not_picked":["Warcry","Iron Wave"],"picked":"Headbutt","floor":5},{"not_picked":["Clothesline","Sever Soul"],"picked":"True Grit","floor":6},{"not_picked":["Dual Wield","Pommel Strike"],"picked":"Spot Weakness","floor":7},{"not_picked":["Armaments","Thunderclap","Clash"],"picked":"Whirlwind","floor":10},{"not_picked":["Cleave","Uppercut","Twin Strike","Clothesline"],"picked":"SKIP","floor":12},{"not_picked":["Clothesline","Havoc","Anger"],"picked":"Shrug It Off","floor":13},{"not_picked":["Bludgeon","Impervious","Limit Break"],"picked":"Offering","floor":16},{"not_picked":["Pummel"],"picked":"Pommel Strike+1","floor":18},{"not_picked":["Twin Strike","Corruption"],"picked":"SKIP","floor":19},{"not_picked":["Thunderclap+1","Corruption"],"picked":"SKIP","floor":22},{"not_picked":["Sentinel","Heavy Blade"],"picked":"SKIP","floor":23},{"not_picked":["Warcry+1","Entrench"],"picked":"SKIP","floor":25},{"not_picked":["Entrench"],"picked":"Warcry+1","floor":25},{"not_picked":["Rampage"],"picked":"Dropkick+1","floor":30},{"not_picked":["Combust","Thunderclap"],"picked":"SKIP","floor":31},{"not_picked":["Juggernaut"],"picked":"Impervious","floor":33},{"not_picked":["Entrench","Twin Strike+1"],"picked":"SKIP","floor":35},{"not_picked":["Cleave+1"],"picked":"Heavy Blade+1","floor":36},{"not_picked":["Headbutt+1"],"picked":"Pommel Strike+1","floor":41},{"not_picked":["Pummel","Wild Strike+1"],"picked":"SKIP","floor":42},{"not_picked":["Second Wind+1","Sword Boomerang+1"],"picked":"SKIP","floor":42},{"not_picked":["Pommel Strike","Carnage+1"],"picked":"SKIP","floor":45},{"not_picked":["Heavy Blade"],"picked":"Exhume","floor":46},{"not_picked":["Intimidate","Thunderclap+1"],"picked":"SKIP","floor":46},{"not_picked":["Bludgeon","Sever Soul+1"],"picked":"Singing Bowl","floor":47},{"not_picked":["Feel No Pain"],"picked":"Evolve+1","floor":48},{"not_picked":["Warcry","Combust+1"],"picked":"Singing Bowl","floor":48}],"player_experience":1547991,"relics_obtained":[{"floor":6,"key":"Mummified Hand"},{"floor":9,"key":"Question Card"},{"floor":13,"key":"Red Skull"},{"floor":20,"key":"Champion Belt"},{"floor":20,"key":"Shuriken"},{"floor":23,"key":"Bottled Lightning"},{"floor":25,"key":"Bag of Marbles"},{"floor":26,"key":"War Paint"},{"floor":41,"key":"Prayer Wheel"},{"floor":43,"key":"Kunai"},{"floor":45,"key":"Dream Catcher"},{"floor":47,"key":"Singing Bowl"}],"event_choices":[{"cards_removed":["Strike_R"],"damage_healed":0,"gold_gain":0,"player_choice":"Forget","damage_taken":0,"max_hp_gain":0,"max_hp_loss":0,"event_name":"Living Wall","floor":3,"gold_loss":0},{"damage_healed":0,"gold_gain":0,"player_choice":"Ignored","damage_taken":0,"max_hp_gain":0,"max_hp_loss":0,"event_name":"Liars Game","floor":4,"gold_loss":0},{"damage_healed":0,"gold_gain":0,"player_choice":"Success","damage_taken":7,"relics_obtained":["The Courier"],"max_hp_gain":0,"max_hp_loss":0,"event_name":"Scrap Ooze","floor":14,"gold_loss":0},{"damage_healed":0,"gold_gain":0,"player_choice":"Fight","damage_taken":0,"max_hp_gain":0,"max_hp_loss":0,"event_name":"Colosseum","floor":20,"gold_loss":0},{"damage_healed":0,"gold_gain":0,"player_choice":"Fought Nobs","damage_taken":0,"max_hp_gain":0,"max_hp_loss":0,"event_name":"Colosseum","floor":20,"gold_loss":0},{"cards_removed":["Defend_R"],"damage_healed":0,"gold_gain":0,"player_choice":"Removed Skill","damage_taken":0,"max_hp_gain":0,"max_hp_loss":0,"event_name":"Falling","floor":37,"gold_loss":0},{"damage_healed":0,"gold_gain":0,"player_choice":"Embrace Madness","damage_taken":9,"max_hp_gain":0,"max_hp_loss":0,"event_name":"Winding Halls","floor":38,"gold_loss":0,"cards_obtained":["Madness","Madness"]},{"damage_healed":0,"gold_gain":0,"player_choice":"Got Potions","damage_taken":0,"max_hp_gain":0,"max_hp_loss":0,"event_name":"Lab","floor":40,"gold_loss":0}],"is_beta":false,"boss_relics":[{"not_picked":["Lizard Tail","Runic Cube"],"picked":"Busted Crown"},{"not_picked":["Velvet Choker","Orrery"],"picked":"Black Blood"}],"items_purged_floors":[28,39],"is_endless":false,"potions_floor_spawned":[1,5,13,20,22,25,31,33,35,36,41,48],"ascension_level":0}