{"gold_per_floor":[118,23,23,36,47,47,72,72,99,99,99,99,174,204,204,301,301,317,367,367,367,377,377,392,392,465,9,9,37,37,37,37,142,142,159,259,259,275,286,319,319,346,346,346,346,397,412,427,427,427,427,427,59,88,88],"floor_reached":56,"playtime":2959,"items_purged":[],"score":1327,"play_id":"b577a81d-0ff1-4e57-a842-d0b3f79b4f84","local_time":"20190623181747","is_ascension_mode":false,"campfire_choices":[{"data":"Defragment","floor":6,"key":"SMITH"},{"floor":15,"key":"REST"},{"floor":23,"key":"REST"},{"data":"Consume","floor":28,"key":"SMITH"},{"floor":32,"key":"REST"},{"floor":41,"key":"REST"},{"floor":44,"key":"RECALL"},{"floor":49,"key":"REST"},{"floor":52,"key":"REST"}],"neow_cost":"TEN_PERCENT_HP_LOSS","seed_source_timestamp":693459117139253,"circlet_count":0,"master_deck":["Dualcast","Defragment+1","Compile Driver+1","Conserve Battery","Chill","Capacitor","Cold Snap+1","Consume+1","Echo Form","Rebound+1","Skim+1","Force Field+1","Double Energy","Leap+1","Steam","Blizzard","Turbo","Cold Snap","Hologram","Machine Learning","Ball Lightning+1","Sweeping Beam+1","Cold Snap+1","Cold Snap+1","Dramatic Entrance","Master of Strategy","Compile Driver+1","Coolheaded","Loop+1","Cold Snap+1","Turbo+1","Capacitor","Capacitor+1"],"relics":["Cracked Core","Matryoshka","Juzu Bracelet","Bronze Scales","Lantern","Potion Belt","Astrolabe","hubris:Metronome","Strawberry","Question Card","Regal Pillow","PreservedInsect","Mango","Fusion Hammer","hubris:FunFungus","Kunai","Art of War","Prayer Wheel","hubris:EmptyBottle","Bag of Marbles"],"potions_floor_usage":[14,16,29,29,33,54,54,55,55,55,55,55,55,55,55,55,55,55,55,55,55,55,55,55,55,55,55],"damage_taken":[{"damage":0,"enemies":"Cultist","floor":1,"turns":3},{"damage":4,"enemies":"Jaw Worm","floor":4,"turns":3},{"damage":0,"enemies":"Small Slimes","floor":5,"turns":3},{"damage":16,"enemies":"Lagavulin","floor":7,"turns":6},{"damage":9,"enemies":"Gremlin Nob","floor":14,"turns":4},{"damage":9,"enemies":"Slime Boss","floor":16,"turns":9},{"damage":0,"enemies":"Spheric Guardian","floor":18,"turns":4},{"damage":28,"enemies":"2 Thieves","floor":22,"turns":5},{"damage":10,"enemies":"Cultist and Chosen","floor":24,"turns":7},{"damage":16,"enemies":"Slavers","floor":29,"turns":5},{"damage":16,"enemies":"Champ","floor":33,"turns":15},{"damage":0,"enemies":"3 Shapes","floor":35,"turns":6},{"damage":11,"enemies":"Orb Walker","floor":38,"turns":4},{"damage":12,"enemies":"Transient","floor":39,"turns":5},{"damage":43,"enemies":"Nemesis","floor":40,"turns":6},{"damage":0,"enemies":"Giant Head","floor":42,"turns":8},{"damage":17,"enemies":"2 Orb Walkers","floor":46,"turns":4},{"damage":19,"enemies":"3 Darklings","floor":47,"turns":13},{"damage":0,"enemies":"Maw","floor":48,"turns":7},{"damage":9,"enemies":"Awakened One","floor":50,"turns":12},{"damage":0,"enemies":"Shield and Spear","floor":54,"turns":3},{"damage":13,"enemies":"The Heart","floor":55,"turns":9}],"seed_played":"6238076146406478905","potions_obtained":[{"floor":5,"key":"FearPotion"},{"floor":7,"key":"Regen Potion"},{"floor":8,"key":"Block Potion"},{"floor":16,"key":"LiquidBronze"},{"floor":24,"key":"Dexterity Potion"},{"floor":29,"key":"Explosive Potion"},{"floor":38,"key":"EntropicBrew"},{"floor":46,"key":"Poison Potion"}],"is_trial":false,"path_per_floor":["M","$","$","M","M","R","E","?","T","?","?","?","?","E","R","B",null,"M","?","?","?","M","R","M","?","T","$","R","E","$","$","R","B",null,"M","?","?","M","M","E","R","E","T","R","?","?","M","M","R","B",null,"R","$","E","B",null],"character_chosen":"DEFECT","items_purchased":["Compile Driver","Conserve Battery","Turbo","Cold Snap","Strawberry","Question Card","PreservedInsect","Mango","Capacitor","hubris:EmptyBottle","Weak Potion","Fire Potion"],"campfire_rested":6,"item_purchase_floors":[2,2,27,27,27,27,30,30,53,53,53,53],"current_hp_per_floor":[68,68,68,64,64,64,48,48,48,34,34,27,16,19,39,30,68,68,68,56,56,28,49,39,39,39,46,46,30,15,15,58,42,94,94,94,94,83,71,28,71,87,87,87,77,62,84,91,94,90,94,94,94,94,90],"gold":88,"neow_bonus":"REMOVE_TWO","is_prod":false,"is_daily":false,"chose_seed":false,"campfire_upgraded":2,"win_rate":0,"timestamp":1561310267,"path_taken":["M","?","$","M","M","R","E","?","T","?","?","?","?","E","R","BOSS","M","?","?","?","M","R","M","?","T","$","R","E","?","$","R","BOSS","M","?","?","M","M","E","R","E","T","R","?","?","M","M","R","BOSS","R","$","E","BOSS"],"build_version":"2019-01-23","purchased_purges":0,"victory":true,"max_hp_per_floor":[68,68,68,68,68,68,68,68,68,68,68,68,68,68,68,68,68,68,68,73,73,73,73,73,73,73,80,80,80,94,94,94,94,94,94,94,94,94,94,94,94,94,94,94,94,94,94,94,94,94,94,94,94,94,94],"card_choices":[{"not_picked":["Rebound","Static Discharge"],"picked":"Defragment","floor":1},{"not_picked":["Rebound","Streamline"],"picked":"Chill","floor":4},{"not_picked":["Redo","Recycle"],"picked":"Capacitor","floor":5},{"not_picked":["Auto Shields","Hologram"],"picked":"Cold Snap","floor":7},{"not_picked":["Tempest","Loop"],"picked":"Consume","floor":14},{"not_picked":["Fission","hubris:Prefetch"],"picked":"Echo Form","floor":16},{"not_picked":["Leap","FTL"],"picked":"Double Energy","floor":18},{"not_picked":["Reinforced Body","Streamline"],"picked":"Leap+1","floor":22},{"not_picked":["Barrage","Steam Power"],"picked":"Steam","floor":24},{"not_picked":["Cold Snap","Gash+1","Sweeping Beam"],"picked":"Hologram","floor":29},{"not_picked":["hubris:SpecializedCircuitry","Buffer","Amplify"],"picked":"Machine Learning","floor":33},{"not_picked":["Beam Cell+1","Go for the Eyes+1","Leap"],"picked":"Ball Lightning+1","floor":35},{"not_picked":["Rebound","Scrape","Chill+1"],"picked":"Sweeping Beam+1","floor":38},{"not_picked":["Gash","Ball Lightning+1","BootSequence+1"],"picked":"Cold Snap+1","floor":39},{"not_picked":["hubris:DoWhile","Consume","Hello World","Sunder"],"picked":"SKIP","floor":40},{"not_picked":["Turbo","Stack+1","Steam+1"],"picked":"Cold Snap+1","floor":42},{"not_picked":["The Bomb","Dark Shackles","Metamorphosis"],"picked":"Dramatic Entrance","floor":45},{"not_picked":["Swift Strike","Good Instincts","Trip"],"picked":"Master of Strategy","floor":45},{"not_picked":["Rebound+1","Reinforced Body","Genetic Algorithm"],"picked":"Compile Driver+1","floor":46},{"not_picked":["Consume+1","Rip and Tear+1","Leap+1"],"picked":"Coolheaded","floor":47},{"not_picked":["Hologram","Redo+1","Stack+1"],"picked":"Loop+1","floor":47},{"not_picked":["Sweeping Beam+1","Turbo","Gash+1"],"picked":"Cold Snap+1","floor":48},{"not_picked":["Auto Shields+1","Sweeping Beam","Consume+1"],"picked":"Turbo+1","floor":48},{"not_picked":["Sweeping Beam+1","hubris:DoWhile","Steam+1"],"picked":"Capacitor+1","floor":54}],"player_experience":1635957,"relics_obtained":[{"floor":7,"key":"Matryoshka"},{"floor":9,"key":"Juzu Bracelet"},{"floor":9,"key":"Bronze Scales"},{"floor":14,"key":"Potion Belt"},{"floor":26,"key":"hubris:Metronome"},{"floor":29,"key":"Regal Pillow"},{"floor":40,"key":"hubris:FunFungus"},{"floor":42,"key":"Kunai"},{"floor":43,"key":"Art of War"},{"floor":46,"key":"Prayer Wheel"},{"floor":54,"key":"Bag of Marbles"}],"event_choices":[{"damage_healed":0,"gold_gain":0,"player_choice":"Got Potions","damage_taken":0,"max_hp_gain":0,"max_hp_loss":0,"event_name":"Lab","floor":8,"gold_loss":0},{"damage_healed":0,"gold_gain":0,"player_choice":"Entered Light","damage_taken":14,"max_hp_gain":0,"max_hp_loss":0,"event_name":"Shining Light","floor":10,"gold_loss":0,"cards_upgraded":["Cold Snap","Compile Driver"]},{"damage_healed":0,"gold_gain":0,"player_choice":"Searched \u00271\u0027 times","damage_taken":0,"relics_obtained":["Lantern"],"max_hp_gain":0,"max_hp_loss":0,"event_name":"Dead Adventurer","floor":11,"gold_loss":0},{"cards_removed":["Strike_B"],"damage_healed":0,"gold_gain":0,"player_choice":"Card Removal","damage_taken":7,"max_hp_gain":0,"max_hp_loss":0,"event_name":"Golden Wing","floor":12,"gold_loss":0},{"damage_healed":0,"gold_gain":75,"player_choice":"Gather Gold","damage_taken":11,"max_hp_gain":0,"max_hp_loss":0,"event_name":"World of Goop","floor":13,"gold_loss":0},{"damage_healed":0,"gold_gain":100,"player_choice":"Bet on Murderer","damage_taken":0,"max_hp_gain":0,"max_hp_loss":0,"event_name":"The Joust","floor":19,"gold_loss":50},{"damage_healed":0,"gold_gain":0,"player_choice":"Shed Blood","damage_taken":17,"max_hp_gain":5,"max_hp_loss":0,"event_name":"Forgotten Altar","floor":20,"gold_loss":0},{"cards_removed":["Defend_B"],"damage_healed":0,"gold_gain":0,"player_choice":"Elegance","damage_taken":0,"max_hp_gain":0,"max_hp_loss":0,"event_name":"Back to Basics","floor":21,"gold_loss":0},{"damage_healed":0,"gold_gain":0,"cards_transformed":["Defend_B","Zap"],"player_choice":"Became Test Subject","damage_taken":0,"max_hp_gain":0,"max_hp_loss":0,"event_name":"Drug Dealer","floor":25,"gold_loss":0,"cards_obtained":["Blizzard","BootSequence"]},{"damage_healed":0,"gold_gain":100,"player_choice":"Pray","damage_taken":0,"max_hp_gain":0,"max_hp_loss":0,"event_name":"Golden Shrine","floor":36,"gold_loss":0},{"cards_removed":["BootSequence"],"damage_healed":0,"gold_gain":0,"player_choice":"Removed Skill","damage_taken":0,"max_hp_gain":0,"max_hp_loss":0,"event_name":"Falling","floor":37,"gold_loss":0},{"damage_healed":0,"gold_gain":0,"player_choice":"Memory 3","damage_taken":10,"max_hp_gain":0,"max_hp_loss":0,"event_name":"SensoryStone","floor":45,"gold_loss":0},{"damage_healed":0,"gold_gain":0,"player_choice":"Fight","damage_taken":0,"max_hp_gain":0,"max_hp_loss":0,"event_name":"Mysterious Sphere","floor":46,"gold_loss":0}],"is_beta":false,"boss_relics":[{"not_picked":["Lizard Tail","Velvet Choker"],"picked":"Astrolabe"},{"not_picked":["hubris:GrandSneckoEye","hubris:Stopwatch"],"picked":"Fusion Hammer"}],"items_purged_floors":[],"is_endless":false,"potions_floor_spawned":[5,7,16,24,29,38,46],"ascension_level":0}