{"gold_per_floor":[210,223,0,0,20,47,47,62,62,62,137,137,167,183,183,280,280,290,290,309,309,309,309,324,355,355,385,402,435,65,83,83,185,185,201,423,423,300,320,345,356,370,370,718,743,499,499,529,529,529,529,529,89,124,124],"floor_reached":56,"playtime":2971,"items_purged":["Defend_B","Strike_B","Strike_B","Defend_B","Defend_B"],"score":1483,"play_id":"35d89cd9-5169-4022-bb18-5a658cd3a4a6","local_time":"20190912234457","is_ascension_mode":false,"campfire_choices":[{"data":"Consume","floor":7,"key":"SMITH"},{"data":"Zap","floor":10,"key":"SMITH"},{"data":"Hologram","floor":12,"key":"SMITH"},{"floor":15,"key":"REST"},{"data":"Echo Form","floor":23,"key":"SMITH"},{"data":"Biased Cognition","floor":32,"key":"SMITH"},{"data":"Barrage","floor":47,"key":"SMITH"},{"floor":49,"key":"RECALL"},{"data":"Coolheaded","floor":52,"key":"SMITH"}],"neow_cost":"NONE","seed_source_timestamp":16645347344599,"circlet_count":0,"master_deck":["Defend_B","Zap+1","Dualcast","Ball Lightning","Coolheaded+1","Consume+1","Loop+1","Compile Driver","Echo Form+1","Hologram+1","Core Surge","Steam+1","Doom and Gloom+1","Ghostly+1","Ghostly+1","Ghostly+1","Ghostly+1","Ghostly+1","BootSequence+1","Biased Cognition+1","BootSequence+1","Impatience+1","Glacier+1","Barrage+1","Electrodynamics","Recycle+1","Conserve Battery+1","Lockon"],"relics":["Cracked Core","Smiling Mask","Bottled Tornado","Toxic Egg 2","Inserter","Red Mask","Bottled Lightning","Centennial Puzzle","Pen Nib","Runic Capacitor","Runic Pyramid","Eternal Feather","Old Coin","Dodecahedron","Medical Kit","Frozen Egg 2","OrangePellets","Vajra","Gambling Chip"],"potions_floor_usage":[13,14,16,55,55],"damage_taken":[{"damage":0,"enemies":"Cultist","floor":1,"turns":3},{"damage":2,"enemies":"Jaw Worm","floor":2,"turns":3},{"damage":0,"enemies":"2 Louse","floor":5,"turns":1},{"damage":12,"enemies":"Gremlin Nob","floor":6,"turns":5},{"damage":5,"enemies":"Looter","floor":8,"turns":2},{"damage":25,"enemies":"3 Sentries","floor":13,"turns":6},{"damage":6,"enemies":"Gremlin Gang","floor":14,"turns":3},{"damage":8,"enemies":"The Guardian","floor":16,"turns":7},{"damage":10,"enemies":"Shell Parasite","floor":18,"turns":5},{"damage":6,"enemies":"Spheric Guardian","floor":20,"turns":5},{"damage":6,"enemies":"Snake Plant","floor":24,"turns":5},{"damage":4,"enemies":"Masked Bandits","floor":25,"turns":7},{"damage":0,"enemies":"Gremlin Leader","floor":27,"turns":8},{"damage":3,"enemies":"Centurion and Healer","floor":28,"turns":6},{"damage":5,"enemies":"Slavers","floor":29,"turns":5},{"damage":0,"enemies":"Snecko","floor":31,"turns":6},{"damage":0,"enemies":"Automaton","floor":33,"turns":10},{"damage":0,"enemies":"Orb Walker","floor":35,"turns":5},{"damage":0,"enemies":"3 Darklings","floor":39,"turns":6},{"damage":0,"enemies":"Nemesis","floor":40,"turns":8},{"damage":2,"enemies":"Sphere and 2 Shapes","floor":41,"turns":5},{"damage":0,"enemies":"Jaw Worm Horde","floor":42,"turns":5},{"damage":0,"enemies":"2 Orb Walkers","floor":44,"turns":3},{"damage":0,"enemies":"Giant Head","floor":45,"turns":9},{"damage":0,"enemies":"Nemesis","floor":48,"turns":7},{"damage":0,"enemies":"Awakened One","floor":50,"turns":9},{"damage":4,"enemies":"Shield and Spear","floor":54,"turns":5},{"damage":15,"enemies":"The Heart","floor":55,"turns":9}],"seed_played":"5652455541343524552","potions_obtained":[{"floor":1,"key":"Swift Potion"},{"floor":2,"key":"AttackPotion"},{"floor":6,"key":"PowerPotion"},{"floor":16,"key":"Swift Potion"},{"floor":20,"key":"Block Potion"},{"floor":22,"key":"Fire Potion"}],"is_trial":false,"path_per_floor":["M","M","$","?","M","E","R","M","T","R","?","R","E","M","R","B",null,"M","?","M","?","?","R","M","?","T","E","M","E","$","M","R","B",null,"M","?","?","$","M","E","M","M","T","?","E","$","R","E","R","B",null,"R","$","E","B",null],"character_chosen":"DEFECT","items_purchased":["Consume","Loop","Impatience+1","Glacier+1","Runic Capacitor","DuplicationPotion","Conserve Battery+1","Medical Kit","OrangePellets","Vajra","Lockon"],"campfire_rested":1,"item_purchase_floors":[3,3,30,30,30,38,46,46,53,53,53],"current_hp_per_floor":[75,73,73,73,73,61,61,56,56,56,45,45,20,14,36,28,75,65,65,59,37,37,37,31,27,27,27,24,19,19,19,19,19,37,37,37,37,37,37,37,35,35,35,35,35,35,37,37,37,37,37,37,37,33,18],"gold":124,"neow_bonus":"HUNDRED_GOLD","is_prod":false,"is_daily":false,"chose_seed":false,"campfire_upgraded":7,"win_rate":0,"timestamp":1568328297,"path_taken":["M","M","$","?","?","E","R","M","T","R","?","R","E","M","R","BOSS","M","?","M","?","?","R","?","?","T","E","M","E","$","M","R","BOSS","M","?","?","$","M","E","?","M","T","?","E","$","R","E","R","BOSS","R","$","E","BOSS"],"build_version":"2019-09-11v2","purchased_purges":5,"victory":true,"max_hp_per_floor":[75,75,75,75,75,75,75,75,75,75,75,75,75,75,75,75,75,75,75,75,37,37,37,37,37,37,37,37,37,37,37,37,37,37,37,37,37,37,37,37,37,37,37,37,37,37,37,37,37,37,37,37,37,37,37],"card_choices":[{"not_picked":["Auto Shields","Loop"],"picked":"Ball Lightning","floor":1},{"not_picked":["Compile Driver","Ball Lightning"],"picked":"Coolheaded","floor":2},{"not_picked":["Heatsinks","Tempest"],"picked":"Compile Driver","floor":5},{"not_picked":["Barrage","Rebound"],"picked":"Echo Form","floor":6},{"not_picked":["Steam","Barrage"],"picked":"Hologram","floor":8},{"not_picked":["Steam Power","Redo","Cold Snap"],"picked":"SKIP","floor":13},{"not_picked":["Cold Snap","Beam Cell","Compile Driver"],"picked":"SKIP","floor":14},{"not_picked":["Meteor Strike","All For One"],"picked":"Core Surge","floor":16},{"not_picked":["Leap+1","Compile Driver"],"picked":"Steam+1","floor":18},{"not_picked":["Streamline","Blizzard"],"picked":"Doom and Gloom+1","floor":20},{"not_picked":["Consume+1","Steam+1"],"picked":"BootSequence+1","floor":24},{"not_picked":["BootSequence+1","Self Repair"],"picked":"Biased Cognition","floor":25},{"not_picked":["Turbo+1","Ball Lightning","Redo+1"],"picked":"SKIP","floor":27},{"not_picked":["Static Discharge+1","Force Field+1"],"picked":"BootSequence+1","floor":28},{"not_picked":["Defragment","Turbo+1","Heatsinks"],"picked":"SKIP","floor":29},{"not_picked":["Skim+1","Leap+1","Scrape+1"],"picked":"SKIP","floor":31},{"not_picked":["Cold Snap+1","Compile Driver+1","Ball Lightning+1"],"picked":"SKIP","floor":35},{"not_picked":["Hello World","Blizzard","Compile Driver+1"],"picked":"SKIP","floor":39},{"not_picked":["Capacitor+1","Coolheaded+1"],"picked":"Electrodynamics","floor":40},{"not_picked":["Sweeping Beam","Ball Lightning","Leap+1"],"picked":"SKIP","floor":41},{"not_picked":["Heatsinks+1","Undo+1","Beam Cell"],"picked":"SKIP","floor":42},{"not_picked":["FTL","Barrage"],"picked":"Recycle+1","floor":45},{"not_picked":["Cold Snap+1","Coolheaded+1","Rebound"],"picked":"SKIP","floor":48},{"not_picked":["Ball Lightning","Barrage+1","Thunder Strike"],"picked":"SKIP","floor":54}],"player_experience":1462056,"relics_obtained":[{"floor":6,"key":"Smiling Mask"},{"floor":9,"key":"Bottled Tornado"},{"floor":13,"key":"Toxic Egg 2"},{"floor":25,"key":"Red Mask"},{"floor":26,"key":"Bottled Lightning"},{"floor":27,"key":"Centennial Puzzle"},{"floor":29,"key":"Pen Nib"},{"floor":40,"key":"Eternal Feather"},{"floor":44,"key":"Old Coin"},{"floor":45,"key":"Dodecahedron"},{"floor":48,"key":"Frozen Egg 2"},{"floor":54,"key":"Gambling Chip"}],"event_choices":[{"damage_healed":0,"gold_gain":0,"player_choice":"Upgraded","damage_taken":0,"max_hp_gain":0,"max_hp_loss":0,"event_name":"Upgrade Shrine","floor":4,"gold_loss":0,"cards_upgraded":["Loop"]},{"damage_healed":0,"gold_gain":75,"player_choice":"Gather Gold","damage_taken":11,"max_hp_gain":0,"max_hp_loss":0,"event_name":"World of Goop","floor":11,"gold_loss":0},{"cards_removed":["Strike_B"],"damage_healed":0,"gold_gain":0,"player_choice":"Elegance","damage_taken":0,"max_hp_gain":0,"max_hp_loss":0,"event_name":"Back to Basics","floor":19,"gold_loss":0},{"damage_healed":0,"gold_gain":0,"player_choice":"Became a Ghost","damage_taken":0,"max_hp_gain":0,"max_hp_loss":38,"event_name":"Ghosts","floor":21,"gold_loss":0,"cards_obtained":["Ghostly","Ghostly","Ghostly","Ghostly","Ghostly"]},{"damage_healed":0,"gold_gain":0,"player_choice":"Got Potions","damage_taken":0,"max_hp_gain":0,"max_hp_loss":0,"event_name":"Lab","floor":22,"gold_loss":0},{"damage_healed":0,"gold_gain":0,"player_choice":"Fought Bandits","damage_taken":0,"max_hp_gain":0,"max_hp_loss":0,"event_name":"Masked Bandits","floor":25,"gold_loss":0},{"damage_healed":0,"gold_gain":222,"player_choice":"Wore Mask","damage_taken":0,"max_hp_gain":0,"max_hp_loss":0,"event_name":"Tomb of Lord Red Mask","floor":36,"gold_loss":0},{"damage_healed":0,"gold_gain":0,"cards_transformed":["Strike_B"],"player_choice":"Transformed","damage_taken":0,"max_hp_gain":0,"max_hp_loss":0,"event_name":"Transmorgrifier","floor":37,"gold_loss":0,"cards_obtained":["Barrage"]},{"damage_healed":0,"gold_gain":0,"player_choice":"Fight","damage_taken":0,"max_hp_gain":0,"max_hp_loss":0,"event_name":"Mysterious Sphere","floor":44,"gold_loss":0}],"is_beta":true,"boss_relics":[{"not_picked":["SlaversCollar","Cursed Key"],"picked":"Inserter"},{"not_picked":["Tiny House","Velvet Choker"],"picked":"Runic Pyramid"}],"items_purged_floors":[3,30,38,46,53],"is_endless":false,"potions_floor_spawned":[1,2,6,16,20,24,27,31,35,40,41,45],"ascension_level":0}