{"gold_per_floor":[119,139,214,228,228,255,266,266,315,4,39,50,383,402,402,498,498,481,481,498,23,42,42,67,67,92,118,138,138,238,257,257,361,361,372,129,144,154,108,108,142,142,169,204,219,62,96,150,150,150,150,150,76,101,101],"floor_reached":55,"playtime":2874,"items_purged":["Strike_G"],"score":1409,"play_id":"c1470cc3-d51c-4045-8d16-24fc66bc87ca","local_time":"20191025193136","is_ascension_mode":true,"campfire_choices":[{"data":"Glass Knife","floor":8,"key":"SMITH"},{"floor":15,"key":"REST"},{"data":"Noxious Fumes","floor":23,"key":"SMITH"},{"data":"Malaise","floor":25,"key":"SMITH"},{"data":"Footwork","floor":29,"key":"SMITH"},{"data":"Neutralize","floor":32,"key":"SMITH"},{"data":"Envenom","floor":40,"key":"SMITH"},{"floor":42,"key":"RECALL"},{"data":"Well Laid Plans","floor":49,"key":"SMITH"},{"data":"Dash","floor":52,"key":"SMITH"}],"neow_cost":"TEN_PERCENT_HP_LOSS","seed_source_timestamp":1247271584808600,"circlet_count":0,"master_deck":["AscendersBane","Defend_G","Defend_G","Defend_G+1","Defend_G","Defend_G","Survivor","Neutralize+1","Glass Knife+1","Finisher+1","Endless Agony","Deflect","Malaise+1","Corpse Explosion","Cloak And Dagger","Blur","Acrobatics","Slice","Footwork+1","Noxious Fumes+1","Dagger Spray+1","Backflip+1","Envenom+1","Dash+1","Adrenaline","Malaise+1","Unload+1","Concentrate+1","Backflip","Footwork","Backflip","Well Laid Plans+1","PiercingWail","Dagger Spray+1"],"relics":["Ring of the Snake","Matryoshka","Blood Vial","TungstenRod","Letter Opener","Old Coin","Philosopher\u0027s Stone","Oddly Smooth Stone","InkBottle","Akabeko","Whetstone","Anchor","Eternal Feather","Astrolabe","Shuriken","War Paint","Vajra","Centennial Puzzle","Happy Flower","Du-Vu Doll","Mango","Orichalcum"],"potions_floor_usage":[6,11,16,24,33,48,55,55],"damage_taken":[{"damage":0,"enemies":"Jaw Worm","floor":1,"turns":4},{"damage":2,"enemies":"Small Slimes","floor":2,"turns":4},{"damage":0,"enemies":"Cultist","floor":4,"turns":3},{"damage":19,"enemies":"Lagavulin","floor":6,"turns":11},{"damage":4,"enemies":"Red Slaver","floor":7,"turns":3},{"damage":0,"enemies":"3 Sentries","floor":11,"turns":3},{"damage":0,"enemies":"3 Louse","floor":12,"turns":3},{"damage":20,"enemies":"Gremlin Nob","floor":13,"turns":4},{"damage":6,"enemies":"Lots of Slimes","floor":14,"turns":3},{"damage":3,"enemies":"The Guardian","floor":16,"turns":10},{"damage":12,"enemies":"2 Thieves","floor":18,"turns":4},{"damage":0,"enemies":"Shell Parasite","floor":20,"turns":4},{"damage":0,"enemies":"Cultist and Chosen","floor":22,"turns":4},{"damage":0,"enemies":"Gremlin Leader","floor":24,"turns":7},{"damage":1,"enemies":"Book of Stabbing","floor":27,"turns":6},{"damage":0,"enemies":"3 Cultists","floor":28,"turns":2},{"damage":10,"enemies":"Shelled Parasite and Fungi","floor":31,"turns":5},{"damage":22,"enemies":"Automaton","floor":33,"turns":12},{"damage":0,"enemies":"Orb Walker","floor":35,"turns":3},{"damage":0,"enemies":"3 Shapes","floor":37,"turns":2},{"damage":0,"enemies":"Spire Growth","floor":38,"turns":7},{"damage":3,"enemies":"Nemesis","floor":41,"turns":8},{"damage":11,"enemies":"Reptomancer","floor":44,"turns":5},{"damage":0,"enemies":"3 Darklings","floor":45,"turns":3},{"damage":0,"enemies":"Giant Head","floor":47,"turns":9},{"damage":0,"enemies":"2 Orb Walkers","floor":48,"turns":3},{"damage":12,"enemies":"Donu and Deca","floor":50,"turns":7},{"damage":37,"enemies":"Shield and Spear","floor":54,"turns":6},{"damage":47,"enemies":"The Heart","floor":55,"turns":2}],"seed_played":"1682966293565061238","potions_obtained":[{"floor":1,"key":"Dexterity Potion"},{"floor":2,"key":"PowerPotion"},{"floor":13,"key":"CultistPotion"},{"floor":18,"key":"GamblersBrew"},{"floor":22,"key":"Poison Potion"},{"floor":24,"key":"SkillPotion"},{"floor":28,"key":"EssenceOfSteel"},{"floor":35,"key":"Swift Potion"},{"floor":48,"key":"ColorlessPotion"}],"is_trial":false,"path_per_floor":["M","M","?","M","?","E","M","R","T","$","E","M","E","M","R","B",null,"M","?","M","$","M","R","E","R","T","E","M","R","?","M","R","B",null,"M","$","M","M","$","R","E","R","T","E","M","$","E","?","R","B",null,"R","$","E","B"],"character_chosen":"THE_SILENT","items_purchased":["TungstenRod","Oddly Smooth Stone","InkBottle","Shuriken","Backflip","Happy Flower","LiquidBronze"],"campfire_rested":1,"item_purchase_floors":[10,21,21,36,39,46,53],"current_hp_per_floor":[63,61,50,50,50,31,27,27,27,27,29,31,13,9,27,26,54,44,44,46,46,48,48,50,50,50,51,53,63,63,53,63,41,58,60,60,62,63,63,63,60,63,63,52,54,54,56,72,77,65,74,77,77,40,0],"gold":101,"neow_bonus":"THREE_RARE_CARDS","is_prod":false,"is_daily":false,"chose_seed":false,"campfire_upgraded":8,"win_rate":0,"timestamp":1572028296,"path_taken":["M","M","?","M","?","E","M","R","T","$","E","M","E","M","R","BOSS","M","?","M","$","M","R","E","R","T","E","?","R","?","M","R","BOSS","M","?","M","M","?","R","E","R","T","E","M","$","E","?","R","BOSS","R","$","E","BOSS"],"build_version":"2019-10-25-V2","purchased_purges":1,"victory":false,"max_hp_per_floor":[63,63,63,63,63,63,63,63,63,63,63,63,63,63,63,63,63,63,63,63,63,63,63,63,63,63,63,63,63,63,63,63,63,63,63,63,63,63,63,63,63,63,63,63,63,63,63,77,77,77,77,77,77,77,77],"card_choices":[{"not_picked":["Bullet Time","Wraith Form v2"],"picked":"Glass Knife","floor":0},{"not_picked":["Eviscerate","Acrobatics"],"picked":"Finisher","floor":1},{"not_picked":["Distraction","Bane"],"picked":"Endless Agony","floor":2},{"not_picked":["Bane","Acrobatics"],"picked":"Deflect","floor":4},{"not_picked":["Dodge and Roll","Caltrops"],"picked":"Corpse Explosion","floor":6},{"not_picked":["Setup","Deflect"],"picked":"Cloak And Dagger","floor":7},{"not_picked":["Envenom","Deadly Poison"],"picked":"Blur","floor":11},{"not_picked":["Accuracy","All Out Attack","Heel Hook"],"picked":"SKIP","floor":12},{"not_picked":["Deflect","Glass Knife","Eviscerate"],"picked":"SKIP","floor":13},{"not_picked":["Poisoned Stab","Backstab"],"picked":"Acrobatics","floor":14},{"not_picked":["Dagger Spray","Outmaneuver","Infinite Blades"],"picked":"SKIP","floor":18},{"not_picked":["Bouncing Flask","Masterful Stab"],"picked":"Footwork","floor":20},{"not_picked":["Cloak And Dagger+1","PiercingWail"],"picked":"Noxious Fumes","floor":22},{"not_picked":["Backflip","Sucker Punch"],"picked":"Dagger Spray","floor":24},{"not_picked":["Bane","Slice"],"picked":"Backflip","floor":27},{"not_picked":["Underhanded Strike","Expertise"],"picked":"Envenom","floor":28},{"not_picked":["Bane","Noxious Fumes"],"picked":"Dash","floor":31},{"not_picked":["A Thousand Cuts","Night Terror"],"picked":"Adrenaline","floor":33},{"not_picked":["Deadly Poison","Sucker Punch"],"picked":"Backflip","floor":35},{"not_picked":["Outmaneuver","Deflect"],"picked":"Footwork","floor":37},{"not_picked":["Leg Sweep","Slice","Accuracy"],"picked":"SKIP","floor":38},{"not_picked":["Deadly Poison","Accuracy","Bane"],"picked":"SKIP","floor":41},{"not_picked":["Deadly Poison","Accuracy","Bane"],"picked":"SKIP","floor":41},{"not_picked":["Malaise","Predator+1"],"picked":"Well Laid Plans","floor":44},{"not_picked":["Dodge and Roll","Finisher"],"picked":"PiercingWail","floor":45},{"not_picked":["Well Laid Plans","Cloak And Dagger","Poisoned Stab"],"picked":"SKIP","floor":47},{"not_picked":["Deflect+1","Backflip+1"],"picked":"Dagger Spray+1","floor":54}],"player_experience":1675588,"relics_obtained":[{"floor":6,"key":"Matryoshka"},{"floor":9,"key":"Blood Vial"},{"floor":11,"key":"Letter Opener"},{"floor":13,"key":"Old Coin"},{"floor":24,"key":"Akabeko"},{"floor":26,"key":"Whetstone"},{"floor":26,"key":"Anchor"},{"floor":27,"key":"Eternal Feather"},{"floor":41,"key":"War Paint"},{"floor":43,"key":"Vajra"},{"floor":44,"key":"Centennial Puzzle"},{"floor":47,"key":"Du-Vu Doll"},{"floor":48,"key":"Mango"},{"floor":54,"key":"Orichalcum"}],"event_choices":[{"damage_healed":0,"gold_gain":75,"player_choice":"Gather Gold","damage_taken":11,"max_hp_gain":0,"max_hp_loss":0,"event_name":"World of Goop","floor":3,"gold_loss":0},{"damage_healed":0,"gold_gain":0,"player_choice":"1 cards matched","damage_taken":0,"max_hp_gain":0,"max_hp_loss":0,"event_name":"Match and Keep!","floor":5,"gold_loss":0,"cards_obtained":["Malaise"]},{"damage_healed":0,"gold_gain":0,"cards_transformed":["Strike_G"],"player_choice":"Transformed","damage_taken":0,"max_hp_gain":0,"max_hp_loss":0,"event_name":"Transmorgrifier","floor":19,"gold_loss":0,"cards_obtained":["Slice"]},{"damage_healed":0,"gold_gain":100,"player_choice":"Pray","damage_taken":0,"max_hp_gain":0,"max_hp_loss":0,"event_name":"Golden Shrine","floor":30,"gold_loss":0},{"damage_healed":0,"gold_gain":0,"player_choice":"Fight","damage_taken":0,"max_hp_gain":0,"max_hp_loss":0,"event_name":"Mysterious Sphere","floor":48,"gold_loss":0}],"is_beta":true,"boss_relics":[{"not_picked":["SacredBark","Calling Bell"],"picked":"Philosopher\u0027s Stone"},{"not_picked":["Busted Crown","Ring of the Serpent"],"picked":"Astrolabe"}],"items_purged_floors":[21],"is_endless":false,"potions_floor_spawned":[1,2,4,13,18,22,24,28,35,45,48],"killed_by":"The Heart","ascension_level":12}