{"gold_per_floor":[210,210,222,222,237,237,312,323,323,334,351,351,526,295,295,393,393,404,404,414,425,228,228,242,260,260,260,260,274,189,206,206,206],"floor_reached":33,"playtime":2367,"items_purged":["Doubt"],"score":241,"play_id":"9ba29c02-70fa-48ab-8651-9d290291e76a","local_time":"20190909223808","is_ascension_mode":false,"campfire_choices":[{"data":"Pommel Strike","floor":6,"key":"SMITH"},{"data":"Flex","floor":12,"key":"SMITH"},{"data":"Clash","floor":15,"key":"SMITH"},{"data":"Bash","floor":23,"key":"SMITH"},{"floor":32,"key":"REST"}],"neow_cost":"NONE","seed_source_timestamp":343403553750500,"circlet_count":0,"master_deck":["Strike_R","Strike_R","Strike_R","Strike_R","Strike_R","Defend_R","Defend_R","Defend_R","Defend_R","Bash+1","Flex+1","Pommel Strike+1","Wild Strike","Clash+1","Twin Strike","Shrug It Off","Shrug It Off+1","Twin Strike+1","Pommel Strike+1","Armaments+1","Perfected Strike"],"relics":["Burning Blood","Paper Frog","Nunchaku","Membership Card","Eternal Feather","Nilry\u0027s Codex","Meat on the Bone","Centennial Puzzle","Juzu Bracelet","Pear"],"potions_floor_usage":[16,33,33,33],"damage_taken":[{"damage":1,"enemies":"Jaw Worm","floor":1,"turns":5},{"damage":2,"enemies":"2 Louse","floor":3,"turns":4},{"damage":0,"enemies":"Cultist","floor":5,"turns":2},{"damage":9,"enemies":"Blue Slaver","floor":8,"turns":4},{"damage":10,"enemies":"Looter","floor":10,"turns":3},{"damage":6,"enemies":"Lots of Slimes","floor":11,"turns":4},{"damage":55,"enemies":"Slime Boss","floor":16,"turns":15},{"damage":30,"enemies":"2 Thieves","floor":18,"turns":3},{"damage":4,"enemies":"Shell Parasite","floor":20,"turns":3},{"damage":24,"enemies":"Centurion and Healer","floor":21,"turns":6},{"damage":14,"enemies":"Cultist and Chosen","floor":24,"turns":5},{"damage":3,"enemies":"Snecko","floor":25,"turns":4},{"damage":29,"enemies":"Snake Plant","floor":29,"turns":4},{"damage":37,"enemies":"3 Cultists","floor":31,"turns":8},{"damage":81,"enemies":"Champ","floor":33,"turns":9}],"seed_played":"-1545228298913025806","potions_obtained":[{"floor":5,"key":"SpeedPotion"},{"floor":8,"key":"Strength Potion"},{"floor":18,"key":"Energy Potion"},{"floor":24,"key":"Strength Potion"},{"floor":25,"key":"PowerPotion"}],"is_trial":false,"path_per_floor":["M","$","M","?","M","R","?","M","T","M","M","R","?","$","R","B",null,"M","?","M","M","$","R","M","M","T","?","?","M","?","M","R","B"],"character_chosen":"IRONCLAD","items_purchased":["Membership Card","Meat on the Bone","Centennial Puzzle"],"campfire_rested":1,"item_purchase_floors":[14,22,22],"current_hp_per_floor":[80,80,80,73,79,79,68,65,65,61,61,61,61,61,61,12,80,56,40,42,24,24,33,37,52,52,52,52,41,51,32,71,0],"gold":206,"neow_bonus":"HUNDRED_GOLD","is_prod":false,"is_daily":false,"chose_seed":false,"campfire_upgraded":4,"win_rate":0,"timestamp":1568061488,"path_taken":["M","$","M","?","M","R","?","?","T","M","M","R","?","$","R","BOSS","M","?","M","M","$","R","M","M","T","?","?","M","?","M","R","BOSS"],"build_version":"2019-07-17","purchased_purges":1,"victory":false,"max_hp_per_floor":[80,80,80,80,80,80,80,80,80,80,80,80,80,80,80,80,80,80,80,80,80,80,80,80,80,80,80,80,80,90,90,90,90],"card_choices":[{"not_picked":["Wild Strike","Cleave"],"picked":"Flex","floor":1},{"not_picked":["Anger","Body Slam","Sword Boomerang"],"picked":"SKIP","floor":3},{"not_picked":["Fire Breathing","Immolate"],"picked":"Pommel Strike","floor":5},{"not_picked":["Second Wind","Inflame"],"picked":"Wild Strike","floor":8},{"not_picked":["Whirlwind","Inflame","Heavy Blade"],"picked":"SKIP","floor":10},{"not_picked":["Rampage","Clothesline"],"picked":"Clash","floor":11},{"not_picked":["Flex","Headbutt"],"picked":"Twin Strike","floor":18},{"not_picked":["Sword Boomerang+1","Reckless Charge"],"picked":"Shrug It Off","floor":20},{"not_picked":["Bloodletting","Twin Strike+1"],"picked":"Shrug It Off+1","floor":21},{"not_picked":["Warcry","True Grit"],"picked":"Twin Strike+1","floor":24},{"not_picked":["Reckless Charge","Burning Pact","Body Slam+1"],"picked":"SKIP","floor":25},{"not_picked":["Second Wind","Bloodletting"],"picked":"Armaments+1","floor":29},{"not_picked":["Wild Strike","Clash"],"picked":"Perfected Strike","floor":31}],"player_experience":49023,"relics_obtained":[{"floor":9,"key":"Nunchaku"},{"floor":19,"key":"Nilry\u0027s Codex"},{"floor":26,"key":"Juzu Bracelet"}],"event_choices":[{"damage_healed":0,"gold_gain":0,"player_choice":"Success","damage_taken":7,"relics_obtained":["Paper Frog"],"max_hp_gain":0,"max_hp_loss":0,"event_name":"Scrap Ooze","floor":4,"gold_loss":0},{"damage_healed":0,"gold_gain":75,"player_choice":"Gather Gold","damage_taken":11,"max_hp_gain":0,"max_hp_loss":0,"event_name":"World of Goop","floor":7,"gold_loss":0},{"damage_healed":0,"gold_gain":175,"player_choice":"AGREE","damage_taken":0,"max_hp_gain":0,"max_hp_loss":0,"event_name":"Liars Game","floor":13,"gold_loss":0,"cards_obtained":["Doubt"]},{"damage_healed":0,"gold_gain":0,"player_choice":"Obtained Book","damage_taken":16,"max_hp_gain":0,"max_hp_loss":0,"event_name":"Cursed Tome","floor":19,"gold_loss":0},{"damage_healed":0,"gold_gain":0,"player_choice":"Copied","damage_taken":0,"max_hp_gain":0,"max_hp_loss":0,"event_name":"Duplicator","floor":27,"gold_loss":0,"cards_obtained":["Pommel Strike"]},{"damage_healed":0,"gold_gain":0,"player_choice":"Ignored","damage_taken":0,"max_hp_gain":0,"max_hp_loss":0,"event_name":"Ghosts","floor":28,"gold_loss":0},{"damage_healed":0,"gold_gain":0,"player_choice":"Obtained Relic","damage_taken":0,"relics_obtained":["Pear"],"max_hp_gain":0,"max_hp_loss":0,"event_name":"Addict","floor":30,"gold_loss":85}],"is_beta":false,"boss_relics":[{"not_picked":["White Beast Statue","Calling Bell"],"picked":"Eternal Feather"}],"items_purged_floors":[14],"is_endless":false,"potions_floor_spawned":[5,8,18,24,25],"killed_by":"Champ","ascension_level":0}