{"gold_per_floor":[117,135,210,210,223,257,257,283,283,283,283,283,301,329,329,429,429,445,445,6,6,17,17],"floor_reached":23,"playtime":1258,"items_purged":[],"score":253,"play_id":"5922f2de-6e04-4047-9e6b-c34f178b967d","local_time":"20190915114226","is_ascension_mode":true,"campfire_choices":[{"data":"Double Energy","floor":7,"key":"SMITH"},{"floor":12,"key":"REST"},{"data":"Zap","floor":15,"key":"SMITH"}],"neow_cost":"NONE","seed_source_timestamp":269862665521900,"circlet_count":0,"master_deck":["Strike_B","Strike_B","Strike_B","Defend_B","Defend_B","Defend_B","Defend_B","Zap+1","Dualcast","BootSequence","Go for the Eyes","Ball Lightning","Double Energy+1","Beam Cell","Hologram","Lockon","Seek","Hologram+1","Ghostly","Ghostly","Ghostly","Ghostly","Ghostly","Self Repair","Redo","Go for the Eyes","Electrodynamics"],"relics":["Cracked Core","NeowsBlessing","Letter Opener","Strawberry","Bottled Lightning","Oddly Smooth Stone","Ginger","Black Star","Bird Faced Urn"],"potions_floor_usage":[6,8,14,16],"damage_taken":[{"damage":0,"enemies":"Small Slimes","floor":1,"turns":1},{"damage":0,"enemies":"2 Louse","floor":2,"turns":1},{"damage":0,"enemies":"Cultist","floor":5,"turns":1},{"damage":15,"enemies":"3 Sentries","floor":6,"turns":6},{"damage":11,"enemies":"Lagavulin","floor":8,"turns":6},{"damage":0,"enemies":"Blue Slaver","floor":13,"turns":3},{"damage":29,"enemies":"Gremlin Nob","floor":14,"turns":5},{"damage":10,"enemies":"Hexaghost","floor":16,"turns":9},{"damage":19,"enemies":"Shell Parasite","floor":18,"turns":5},{"damage":25,"enemies":"2 Thieves","floor":22,"turns":4},{"damage":31,"enemies":"Gremlin Leader","floor":23,"turns":6}],"seed_played":"-5064619625406625856","potions_obtained":[{"floor":1,"key":"SkillPotion"},{"floor":6,"key":"SkillPotion"},{"floor":13,"key":"Ancient Potion"},{"floor":14,"key":"EssenceOfSteel"},{"floor":22,"key":"SteroidPotion"}],"is_trial":false,"path_per_floor":["M","M","?","?","M","E","R","E","T","?","?","R","M","E","R","B",null,"M","?","$","?","M","E"],"character_chosen":"DEFECT","items_purchased":["Bird Faced Urn","Self Repair","Redo","Go for the Eyes"],"campfire_rested":1,"item_purchase_floors":[20,20,20,20],"current_hp_per_floor":[75,75,64,64,64,49,49,45,45,50,32,58,58,29,29,19,87,68,43,43,43,27,0],"gold":17,"neow_bonus":"THREE_ENEMY_KILL","is_prod":false,"is_daily":false,"chose_seed":false,"campfire_upgraded":2,"win_rate":0,"timestamp":1568572946,"path_taken":["M","M","?","?","?","E","R","E","T","?","?","R","M","E","R","BOSS","M","?","$","?","M","E"],"build_version":"2019-07-17","purchased_purges":0,"victory":false,"max_hp_per_floor":[75,75,75,75,75,75,75,82,82,87,87,87,87,87,87,87,87,87,43,43,43,43,43],"card_choices":[{"not_picked":["Capacitor","Cold Snap"],"picked":"BootSequence","floor":1},{"not_picked":["Leap","Auto Shields"],"picked":"Go for the Eyes","floor":2},{"not_picked":["All For One","Rip and Tear"],"picked":"Ball Lightning","floor":5},{"not_picked":["Static Discharge","Stack"],"picked":"Double Energy","floor":6},{"not_picked":["Compile Driver","Turbo"],"picked":"Beam Cell","floor":8},{"not_picked":["Ball Lightning","Doom and Gloom"],"picked":"Hologram","floor":13},{"not_picked":["Compile Driver","Gash"],"picked":"Lockon","floor":14},{"not_picked":["Thunder Strike","Meteor Strike"],"picked":"Seek","floor":16},{"not_picked":["Stack","Beam Cell"],"picked":"Hologram+1","floor":18},{"not_picked":["Beam Cell","Doom and Gloom"],"picked":"Electrodynamics","floor":22}],"player_experience":69333,"relics_obtained":[{"floor":6,"key":"Letter Opener"},{"floor":8,"key":"Strawberry"},{"floor":9,"key":"Bottled Lightning"},{"floor":14,"key":"Ginger"}],"event_choices":[{"damage_healed":0,"gold_gain":75,"player_choice":"Gather Gold","damage_taken":11,"max_hp_gain":0,"max_hp_loss":0,"event_name":"World of Goop","floor":3,"gold_loss":0},{"cards_removed":["Strike_B"],"damage_healed":0,"gold_gain":0,"player_choice":"Purged","damage_taken":0,"max_hp_gain":0,"max_hp_loss":0,"event_name":"Purifier","floor":4,"gold_loss":0},{"damage_healed":0,"gold_gain":0,"player_choice":"Donut","damage_taken":0,"max_hp_gain":5,"max_hp_loss":0,"event_name":"Big Fish","floor":10,"gold_loss":0},{"damage_healed":0,"gold_gain":0,"player_choice":"Success","damage_taken":18,"relics_obtained":["Oddly Smooth Stone"],"max_hp_gain":0,"max_hp_loss":0,"event_name":"Scrap Ooze","floor":11,"gold_loss":0},{"damage_healed":0,"gold_gain":0,"player_choice":"Became a Ghost","damage_taken":0,"max_hp_gain":0,"max_hp_loss":44,"event_name":"Ghosts","floor":19,"gold_loss":0,"cards_obtained":["Ghostly","Ghostly","Ghostly","Ghostly","Ghostly"]},{"damage_healed":0,"gold_gain":0,"player_choice":"Ignored","damage_taken":0,"max_hp_gain":0,"max_hp_loss":0,"event_name":"Vampires","floor":21,"gold_loss":0}],"is_beta":false,"boss_relics":[{"not_picked":["Philosopher\u0027s Stone","Velvet Choker"],"picked":"Black Star"}],"items_purged_floors":[],"is_endless":false,"potions_floor_spawned":[1,6,13,14,22],"killed_by":"Gremlin Leader","ascension_level":2}