{"gold_per_floor":[117,137,137,137,25,25,38,38,38,53,53,53,1,44,44,163,163,188,188,202,202,202,202,226,265,265,304,323,347,47,47,47,176,176,192,210,51,176,190,223,223,267,294,294,294,11,34,70,70,70,70,70,39,73,73],"floor_reached":55,"playtime":2627,"items_purged":["Strike_R","Strike_R+1","Strike_R+1"],"score":791,"play_id":"0f5b3ca4-e4cf-4a99-bd3b-220d147b84db","local_time":"20190524145040","is_ascension_mode":false,"campfire_choices":[{"data":"Carnage","floor":6,"key":"SMITH"},{"data":"Bash","floor":8,"key":"SMITH"},{"data":"Dropkick","floor":11,"key":"SMITH"},{"data":"Disarm","floor":15,"key":"SMITH"},{"data":"Havoc","floor":23,"key":"SMITH"},{"floor":32,"key":"REST"},{"data":"Limit Break","floor":41,"key":"SMITH"},{"data":"J.A.X.","floor":45,"key":"SMITH"},{"floor":49,"key":"RECALL"},{"data":"Battle Trance","floor":52,"key":"SMITH"}],"neow_cost":"NONE","seed_source_timestamp":233579120723554,"circlet_count":0,"master_deck":["Defend_R+1","Defend_R+1","Defend_R+1","Defend_R+1","Bash+1","Havoc+1","Warcry","Disarm+1","Carnage+1","Battle Trance+1","Dropkick+1","Sword Boomerang","Feed","Cleave","J.A.X.+1","Headbutt","Iron Wave+1","Battle Trance","Seeing Red","Disarm+1","Limit Break+1","Flex+1","Heavy Blade+1","Fiend Fire","Whirlwind+1","Disarm+1","Metallicize+1","Spot Weakness","Dark Embrace+1"],"relics":["Burning Blood","Golden Idol","Pantograph","Juzu Bracelet","Eternal Feather","Boot","The Courier","Frozen Egg 2","Velvet Choker","Incense Burner","Bronze Scales","Thread and Needle","Regal Pillow","HandDrill","Happy Flower","Dream Catcher","StoneCalendar"],"potions_floor_usage":[16,18,20,25,27,35,35,39,40,47,54,55,55],"damage_taken":[{"damage":2,"enemies":"2 Louse","floor":1,"turns":3},{"damage":5,"enemies":"Jaw Worm","floor":2,"turns":5},{"damage":0,"enemies":"Small Slimes","floor":7,"turns":2},{"damage":4,"enemies":"2 Fungi Beasts","floor":10,"turns":4},{"damage":16,"enemies":"Lagavulin","floor":14,"turns":5},{"damage":26,"enemies":"Hexaghost","floor":16,"turns":8},{"damage":19,"enemies":"Spheric Guardian","floor":18,"turns":4},{"damage":37,"enemies":"2 Thieves","floor":20,"turns":4},{"damage":3,"enemies":"Centurion and Healer","floor":24,"turns":7},{"damage":22,"enemies":"Gremlin Leader","floor":25,"turns":11},{"damage":35,"enemies":"Book of Stabbing","floor":27,"turns":4},{"damage":20,"enemies":"Snecko","floor":28,"turns":5},{"damage":19,"enemies":"Shelled Parasite and Fungi","floor":29,"turns":6},{"damage":61,"enemies":"Collector","floor":33,"turns":11},{"damage":4,"enemies":"3 Darklings","floor":35,"turns":7},{"damage":10,"enemies":"Orb Walker","floor":36,"turns":2},{"damage":13,"enemies":"Mind Bloom Boss Battle","floor":38,"turns":7},{"damage":0,"enemies":"3 Darklings","floor":39,"turns":2},{"damage":29,"enemies":"Giant Head","floor":40,"turns":7},{"damage":35,"enemies":"Reptomancer","floor":42,"turns":7},{"damage":17,"enemies":"Sphere and 2 Shapes","floor":47,"turns":5},{"damage":47,"enemies":"Giant Head","floor":48,"turns":8},{"damage":3,"enemies":"Awakened One","floor":50,"turns":8},{"damage":79,"enemies":"Shield and Spear","floor":54,"turns":6},{"damage":63,"enemies":"The Heart","floor":55,"turns":6}],"seed_played":"4298442790798910698","potions_obtained":[{"floor":1,"key":"BloodPotion"},{"floor":10,"key":"SkillPotion"},{"floor":16,"key":"PowerPotion"},{"floor":24,"key":"Energy Potion"},{"floor":33,"key":"Block Potion"},{"floor":35,"key":"Fire Potion"},{"floor":39,"key":"Weak Potion"},{"floor":40,"key":"Dexterity Potion"},{"floor":48,"key":"BloodPotion"},{"floor":54,"key":"Explosive Potion"}],"is_trial":false,"path_per_floor":["M","M","?","?","$","R","M","R","T","M","R","?","$","E","R","B",null,"M","?","M","?","?","R","M","E","T","E","M","M","$","?","R","B",null,"M","M","$","?","M","E","R","E","T","?","R","$","M","E","R","B",null,"R","$","E","B"],"character_chosen":"IRONCLAD","items_purchased":["Carnage","Strength Potion","Seeing Red","Explosive Potion","FairyPotion","Fire Potion","Fiend Fire","HandDrill","Happy Flower","Spot Weakness"],"campfire_rested":1,"item_purchase_floors":[5,13,30,30,30,30,37,46,46,53],"current_hp_per_floor":[80,80,73,73,73,73,74,74,74,74,74,49,49,39,39,44,74,64,64,40,65,65,74,80,67,67,38,27,17,17,17,55,25,89,92,88,88,88,94,71,86,57,57,57,72,72,64,23,38,66,98,98,98,37,0],"gold":73,"neow_bonus":"TRANSFORM_CARD","is_prod":false,"is_daily":false,"chose_seed":false,"campfire_upgraded":8,"win_rate":0,"timestamp":1558705840,"path_taken":["M","M","?","?","$","R","M","R","T","M","R","?","?","E","R","BOSS","M","?","M","?","?","R","M","E","T","E","M","M","$","?","R","BOSS","M","M","$","?","M","E","R","E","T","?","R","$","M","E","R","BOSS","R","$","E","BOSS"],"build_version":"2019-01-23","purchased_purges":3,"victory":false,"max_hp_per_floor":[80,80,80,74,74,74,74,74,74,74,74,74,74,74,74,74,74,77,77,77,77,77,77,80,83,83,83,86,89,89,89,89,89,89,92,92,92,95,95,95,95,95,95,95,95,95,98,98,98,98,98,98,98,101,101],"card_choices":[{"not_picked":["Infernal Blade","True Grit"],"picked":"Warcry","floor":1},{"not_picked":["Rupture","Twin Strike"],"picked":"Disarm","floor":2},{"not_picked":["Anger","Power Through"],"picked":"Battle Trance","floor":7},{"not_picked":["Sword Boomerang","Second Wind"],"picked":"Dropkick","floor":10},{"not_picked":["Pummel","Fire Breathing"],"picked":"Sword Boomerang","floor":14},{"not_picked":["Impervious","Immolate"],"picked":"Feed","floor":16},{"not_picked":["Burning Pact","Iron Wave"],"picked":"Cleave","floor":18},{"not_picked":["Warcry","Sever Soul","True Grit"],"picked":"SKIP","floor":20},{"not_picked":["Battle Trance","Evolve+1","Armaments"],"picked":"SKIP","floor":24},{"not_picked":["Juggernaut","Power Through"],"picked":"Headbutt","floor":25},{"not_picked":["Disarm","Heavy Blade"],"picked":"Iron Wave+1","floor":27},{"not_picked":["Thunderclap","Sword Boomerang"],"picked":"Battle Trance","floor":28},{"not_picked":["True Grit","Wild Strike+1","Fire Breathing+1"],"picked":"SKIP","floor":29},{"not_picked":["Dark Embrace+1","Feed"],"picked":"Limit Break","floor":33},{"not_picked":["Dual Wield+1","Carnage"],"picked":"Flex+1","floor":35},{"not_picked":["Intimidate","Flex+1"],"picked":"Heavy Blade+1","floor":36},{"not_picked":["Twin Strike","Inflame+1"],"picked":"Whirlwind+1","floor":38},{"not_picked":["Corruption+1","Shrug It Off+1"],"picked":"Disarm+1","floor":39},{"not_picked":["Iron Wave","Rampage","Heavy Blade+1"],"picked":"SKIP","floor":40},{"not_picked":["Berserk+1","Cleave+1","Pummel+1"],"picked":"SKIP","floor":42},{"not_picked":["Warcry","Whirlwind+1"],"picked":"Metallicize+1","floor":47},{"not_picked":["Armaments+1","Sever Soul+1","Rage"],"picked":"SKIP","floor":48},{"not_picked":["Sword Boomerang","Thunderclap"],"picked":"Dark Embrace+1","floor":54}],"player_experience":1487956,"relics_obtained":[{"floor":14,"key":"Juzu Bracelet"},{"floor":25,"key":"Boot"},{"floor":26,"key":"The Courier"},{"floor":27,"key":"Frozen Egg 2"},{"floor":38,"key":"Incense Burner"},{"floor":40,"key":"Bronze Scales"},{"floor":42,"key":"Thread and Needle"},{"floor":43,"key":"Regal Pillow"},{"floor":48,"key":"Dream Catcher"},{"floor":54,"key":"StoneCalendar"}],"event_choices":[{"cards_removed":["Strike_R"],"damage_healed":0,"gold_gain":0,"player_choice":"Card Removal","damage_taken":7,"max_hp_gain":0,"max_hp_loss":0,"event_name":"Golden Wing","floor":3,"gold_loss":0},{"damage_healed":0,"gold_gain":0,"player_choice":"Lose Max HP","damage_taken":0,"relics_obtained":["Golden Idol"],"max_hp_gain":0,"max_hp_loss":6,"event_name":"Golden Idol","floor":4,"gold_loss":0},{"damage_healed":0,"gold_gain":0,"player_choice":"Success","damage_taken":25,"relics_obtained":["Pantograph"],"max_hp_gain":0,"max_hp_loss":0,"event_name":"Scrap Ooze","floor":12,"gold_loss":0},{"damage_healed":0,"gold_gain":0,"player_choice":"Obtain J.A.X.","damage_taken":0,"max_hp_gain":0,"max_hp_loss":0,"event_name":"Drug Dealer","floor":19,"gold_loss":0,"cards_obtained":["J.A.X."]},{"damage_healed":25,"gold_gain":0,"player_choice":"Heal","damage_taken":0,"max_hp_gain":0,"max_hp_loss":0,"event_name":"The Library","floor":21,"gold_loss":0},{"damage_healed":0,"gold_gain":0,"player_choice":"Simplicity","damage_taken":0,"max_hp_gain":0,"max_hp_loss":0,"event_name":"Back to Basics","floor":22,"gold_loss":0,"cards_upgraded":["Strike_R","Strike_R","Defend_R","Defend_R","Defend_R","Defend_R"]},{"damage_healed":0,"gold_gain":0,"player_choice":"Copied","damage_taken":0,"max_hp_gain":0,"max_hp_loss":0,"event_name":"Duplicator","floor":31,"gold_loss":0,"cards_obtained":["Disarm"]},{"damage_healed":0,"gold_gain":0,"player_choice":"Fight","damage_taken":0,"max_hp_gain":0,"max_hp_loss":0,"event_name":"MindBloom","floor":38,"gold_loss":0},{"damage_healed":0,"gold_gain":0,"player_choice":"Ignored","damage_taken":0,"max_hp_gain":0,"max_hp_loss":0,"event_name":"Tomb of Lord Red Mask","floor":44,"gold_loss":0}],"is_beta":false,"boss_relics":[{"not_picked":["Pandora\u0027s Box","Mark of Pain"],"picked":"Eternal Feather"},{"not_picked":["Lizard Tail","Tiny House"],"picked":"Velvet Choker"}],"items_purged_floors":[5,30,37],"is_endless":false,"potions_floor_spawned":[1,10,16,24,33,35,39,40,48,54],"killed_by":"The Heart","ascension_level":0}