{"gold_per_floor":[110,110,110,128,138,138,163,163,187,207,222,255,47,47,47,148,148,168,149,149,166,179,179,79,79,79,79,107,120,120,144,144,144],"floor_reached":33,"playtime":1706,"items_purged":["Strike_G","Defend_G"],"score":465,"play_id":"90f8cbfe-9a9c-4569-be76-b62495d46c38","local_time":"20190615142158","is_ascension_mode":true,"campfire_choices":[{"data":"Skewer","floor":6,"key":"SMITH"},{"floor":8,"key":"REST"},{"data":"Footwork","floor":15,"key":"SMITH"},{"data":"A Thousand Cuts","floor":23,"key":"SMITH"},{"data":"Cloak And Dagger","floor":25,"key":"SMITH"},{"data":"Neutralize","floor":27,"key":"SMITH"},{"floor":30,"key":"REST"},{"floor":32,"key":"REST"}],"neow_cost":"NONE","seed_source_timestamp":275582993730635,"circlet_count":0,"master_deck":["AscendersBane","Defend_G","Defend_G","Defend_G","Defend_G","Survivor","Neutralize+1","Dash","Dagger Spray","Flying Knee","Skewer+1","Footwork+1","Infinite Blades","Cloak And Dagger+1","Dodge and Roll","Good Instincts","Flying Knee","A Thousand Cuts+1","Backflip","Deadly Poison+1","PiercingWail","PiercingWail+1","Calculated Gamble+1"],"relics":["Ring of the Snake","Oddly Smooth Stone","Orichalcum","Bronze Scales","Empty Cage","Singing Bowl","Boot","Dream Catcher"],"potions_floor_usage":[12,19,21,21,29,33,33],"damage_taken":[{"damage":0,"enemies":"Jaw Worm","floor":1,"turns":5},{"damage":4,"enemies":"Small Slimes","floor":4,"turns":4},{"damage":0,"enemies":"2 Louse","floor":5,"turns":3},{"damage":42,"enemies":"Lagavulin","floor":7,"turns":8},{"damage":3,"enemies":"2 Fungi Beasts","floor":10,"turns":3},{"damage":0,"enemies":"Red Slaver","floor":11,"turns":5},{"damage":5,"enemies":"Gremlin Nob","floor":12,"turns":4},{"damage":4,"enemies":"The Guardian","floor":16,"turns":12},{"damage":3,"enemies":"Shell Parasite","floor":18,"turns":8},{"damage":8,"enemies":"2 Thieves","floor":19,"turns":4},{"damage":0,"enemies":"3 Cultists","floor":21,"turns":5},{"damage":8,"enemies":"Snake Plant","floor":22,"turns":5},{"damage":0,"enemies":"Book of Stabbing","floor":28,"turns":6},{"damage":29,"enemies":"Cultist and Chosen","floor":29,"turns":6},{"damage":115,"enemies":"Automaton","floor":33,"turns":12}],"seed_played":"-5643041891705419934","potions_obtained":[{"floor":4,"key":"GhostInAJar"},{"floor":12,"key":"Energy Potion"},{"floor":16,"key":"EntropicBrew"},{"floor":19,"key":"Block Potion"},{"floor":29,"key":"Poison Potion"}],"is_trial":false,"path_per_floor":["M","?","?","M","M","R","E","R","T","M","M","E","$","?","R","B",null,"M","M","?","M","M","R","$","R","T","R","E","M","R","T","R","B"],"character_chosen":"THE_SILENT","items_purchased":["Good Instincts","Flying Knee"],"campfire_rested":3,"item_purchase_floors":[13,13],"current_hp_per_floor":[63,63,63,59,59,59,17,38,38,35,35,30,30,35,35,31,64,61,53,53,53,45,45,45,45,45,45,47,18,41,41,64,0],"gold":144,"neow_bonus":"THREE_CARDS","is_prod":false,"is_daily":false,"chose_seed":false,"campfire_upgraded":5,"win_rate":0,"timestamp":1560604918,"path_taken":["M","?","?","M","M","R","E","R","T","M","M","E","$","?","R","BOSS","M","M","?","?","M","R","$","R","T","R","E","M","R","?","R","BOSS"],"build_version":"2019-01-23","purchased_purges":2,"victory":false,"max_hp_per_floor":[70,70,70,70,70,70,70,70,70,70,70,70,70,75,75,75,75,75,75,75,75,75,75,75,75,75,75,77,77,77,77,77,77],"card_choices":[{"not_picked":["Dagger Throw","Slice"],"picked":"Dash","floor":0},{"not_picked":["Sucker Punch","Calculated Gamble"],"picked":"Dagger Spray","floor":1},{"not_picked":["Slice","Acrobatics"],"picked":"Flying Knee","floor":4},{"not_picked":["Riddle With Holes","Masterful Stab"],"picked":"Skewer","floor":5},{"not_picked":["Burst","Dagger Throw"],"picked":"Footwork","floor":7},{"not_picked":["Acrobatics","Flechettes"],"picked":"Infinite Blades","floor":10},{"not_picked":["All Out Attack","Blade Dance"],"picked":"Cloak And Dagger","floor":11},{"not_picked":["Prepared","Flying Knee"],"picked":"Dodge and Roll","floor":12},{"not_picked":["Unload","Envenom"],"picked":"A Thousand Cuts","floor":16},{"not_picked":["Bouncing Flask","Outmaneuver"],"picked":"Backflip","floor":18},{"not_picked":["Distraction+1","PiercingWail"],"picked":"Deadly Poison+1","floor":19},{"not_picked":["Cloak And Dagger","All Out Attack"],"picked":"PiercingWail","floor":21},{"not_picked":["Backflip","Slice","Prepared"],"picked":"SKIP","floor":22},{"not_picked":["Dodge and Roll","Dagger Spray","All Out Attack"],"picked":"Singing Bowl","floor":28},{"not_picked":["Envenom","Acrobatics"],"picked":"PiercingWail+1","floor":29},{"not_picked":["Flying Knee+1","Skewer"],"picked":"Calculated Gamble+1","floor":32}],"player_experience":1607028,"relics_obtained":[{"floor":7,"key":"Oddly Smooth Stone"},{"floor":9,"key":"Orichalcum"},{"floor":12,"key":"Bronze Scales"},{"floor":26,"key":"Singing Bowl"},{"floor":28,"key":"Boot"},{"floor":31,"key":"Dream Catcher"}],"event_choices":[{"damage_healed":0,"gold_gain":0,"player_choice":"Ignored","damage_taken":0,"max_hp_gain":0,"max_hp_loss":0,"event_name":"Liars Game","floor":2,"gold_loss":0},{"cards_removed":["Strike_G"],"damage_healed":0,"gold_gain":0,"player_choice":"Forget","damage_taken":0,"max_hp_gain":0,"max_hp_loss":0,"event_name":"Living Wall","floor":3,"gold_loss":0},{"damage_healed":0,"gold_gain":0,"player_choice":"Donut","damage_taken":0,"max_hp_gain":5,"max_hp_loss":0,"event_name":"Big Fish","floor":14,"gold_loss":0},{"cards_removed":["Strike_G"],"damage_healed":0,"gold_gain":0,"player_choice":"Purged","damage_taken":0,"max_hp_gain":0,"max_hp_loss":0,"event_name":"Purifier","floor":20,"gold_loss":0}],"is_beta":false,"boss_relics":[{"not_picked":["Orrery","Calling Bell"],"picked":"Empty Cage"}],"items_purged_floors":[13,24],"is_endless":false,"potions_floor_spawned":[4,12,16,19,29],"killed_by":"Automaton","ascension_level":11}