{"gold_per_floor":[119,135,67,17,17,49,49,83,83,117,129,146,165,177,177,279,279,299,275,275,293,304,304,111,111,111,131,163,183,203,203],"floor_reached":31,"playtime":2178,"items_purged":["Strike_R"],"score":395,"play_id":"ade8a33f-944d-4e14-97a5-6e86f2bae245","local_time":"20191013112024","is_ascension_mode":true,"campfire_choices":[{"data":"Whirlwind","floor":7,"key":"SMITH"},{"data":"Metallicize","floor":15,"key":"SMITH"},{"floor":23,"key":"REST"},{"data":"Limit Break","floor":25,"key":"SMITH"}],"neow_cost":"NONE","seed_source_timestamp":0,"circlet_count":0,"master_deck":["Strike_R","Strike_R","Defend_R","Defend_R","Defend_R","Defend_R","Bash","Sword Boomerang","Evolve","Whirlwind+1","Iron Wave","Limit Break+1","Fire Breathing","Flex","Metallicize+1","Sentinel","Reaper","Headbutt","Twin Strike","Cleave","Disarm","Pommel Strike+1","Spot Weakness","Iron Wave","Second Wind+1","Ghostly Armor","Pommel Strike+1"],"special_seed":0,"relics":["Burning Blood","NeowsBlessing","Bag of Marbles","Regal Pillow","Bottled Flame","Darkstone Periapt","Velvet Choker","Blood Vial","Girya"],"potions_floor_usage":[8,10,16,16,28],"damage_taken":[{"damage":0,"enemies":"Cultist","floor":1,"turns":1},{"damage":0,"enemies":"2 Louse","floor":2,"turns":1},{"damage":0,"enemies":"Lagavulin","floor":6,"turns":1},{"damage":19,"enemies":"Gremlin Nob","floor":8,"turns":4},{"damage":20,"enemies":"Lagavulin","floor":10,"turns":5},{"damage":12,"enemies":"Jaw Worm","floor":11,"turns":3},{"damage":14,"enemies":"Exordium Thugs","floor":12,"turns":2},{"damage":0,"enemies":"Lots of Slimes","floor":13,"turns":1},{"damage":0,"enemies":"3 Louse","floor":14,"turns":1},{"damage":43,"enemies":"The Guardian","floor":16,"turns":14},{"damage":24,"enemies":"Shell Parasite","floor":18,"turns":8},{"damage":17,"enemies":"Spheric Guardian","floor":21,"turns":4},{"damage":29,"enemies":"Shelled Parasite and Fungi","floor":22,"turns":8},{"damage":15,"enemies":"Snake Plant","floor":27,"turns":4},{"damage":48,"enemies":"Gremlin Leader","floor":28,"turns":8},{"damage":45,"enemies":"Chosen and Byrds","floor":29,"turns":7},{"damage":0,"enemies":"3 Cultists","floor":30,"turns":1},{"damage":31,"enemies":"Book of Stabbing","floor":31,"turns":3}],"seed_played":"-7882296076255051573","potions_obtained":[{"floor":2,"key":"SkillPotion"},{"floor":5,"key":"Block Potion"},{"floor":5,"key":"SteroidPotion"},{"floor":6,"key":"Fire Potion"},{"floor":8,"key":"AttackPotion"},{"floor":10,"key":"Energy Potion"},{"floor":16,"key":"Ancient Potion"},{"floor":22,"key":"SkillPotion"},{"floor":28,"key":"Poison Potion"},{"floor":30,"key":"SteroidPotion"}],"is_trial":false,"path_per_floor":["M","M","$","?","?","E","R","E","T","E","M","M","M","M","R","B",null,"M","$","?","M","M","R","$","R","T","M","E","M","M","E"],"character_chosen":"IRONCLAD","items_purchased":["Whirlwind","Twin Strike","Spot Weakness","Iron Wave"],"campfire_rested":1,"item_purchase_floors":[3,19,24,24],"current_hp_per_floor":[78,80,80,80,80,80,80,67,67,53,47,39,45,51,51,14,64,51,51,51,46,27,66,66,66,66,59,42,14,22,0],"gold":203,"neow_bonus":"THREE_ENEMY_KILL","is_prod":false,"is_daily":false,"chose_seed":false,"campfire_upgraded":3,"win_rate":0,"timestamp":1570990824,"path_taken":["M","?","$","?","?","E","R","E","T","E","M","?","M","M","R","BOSS","M","?","?","M","M","R","$","R","T","M","E","M","M","E"],"build_version":"2019-07-17","purchased_purges":1,"victory":false,"max_hp_per_floor":[80,80,80,80,80,80,80,80,80,80,80,80,80,80,80,80,80,80,80,80,80,80,80,80,80,80,80,80,80,80,80],"card_choices":[{"not_picked":["Clash","Rupture"],"picked":"Sword Boomerang","floor":1},{"not_picked":["Dual Wield","Power Through"],"picked":"Evolve","floor":2},{"not_picked":["Havoc","Flex"],"picked":"Iron Wave","floor":6},{"not_picked":["Dark Embrace","Clothesline"],"picked":"Limit Break","floor":8},{"not_picked":["Cleave","Whirlwind"],"picked":"Fire Breathing","floor":10},{"not_picked":["Sword Boomerang","Perfected Strike","Havoc"],"picked":"SKIP","floor":11},{"not_picked":["Bloodletting","True Grit"],"picked":"Flex","floor":12},{"not_picked":["Iron Wave","Sword Boomerang"],"picked":"Metallicize","floor":13},{"not_picked":["Sword Boomerang","Clash"],"picked":"Sentinel","floor":14},{"not_picked":["Exhume","Bludgeon"],"picked":"Reaper","floor":16},{"not_picked":["Searing Blow","Cleave+1"],"picked":"Headbutt","floor":18},{"not_picked":["Warcry","Wild Strike"],"picked":"Disarm","floor":21},{"not_picked":["Flex","Burning Pact"],"picked":"Pommel Strike+1","floor":22},{"not_picked":["Clash","Iron Wave"],"picked":"Second Wind+1","floor":27},{"not_picked":["Clothesline","Cleave+1"],"picked":"Ghostly Armor","floor":28},{"not_picked":["Thunderclap","Rupture","Evolve"],"picked":"SKIP","floor":29},{"not_picked":["Thunderclap","Anger"],"picked":"Pommel Strike+1","floor":30}],"player_experience":306501,"relics_obtained":[{"floor":6,"key":"Bag of Marbles"},{"floor":8,"key":"Regal Pillow"},{"floor":9,"key":"Bottled Flame"},{"floor":10,"key":"Darkstone Periapt"},{"floor":26,"key":"Blood Vial"},{"floor":28,"key":"Girya"}],"event_choices":[{"cards_removed":["Strike_R"],"damage_healed":0,"gold_gain":0,"player_choice":"Card Removal","damage_taken":0,"max_hp_gain":0,"max_hp_loss":0,"event_name":"The Cleric","floor":4,"gold_loss":50},{"damage_healed":0,"gold_gain":0,"player_choice":"Got Potions","damage_taken":0,"max_hp_gain":0,"max_hp_loss":0,"event_name":"Lab","floor":5,"gold_loss":0},{"damage_healed":0,"gold_gain":0,"cards_transformed":["Strike_R"],"player_choice":"Transformed","damage_taken":0,"max_hp_gain":0,"max_hp_loss":0,"event_name":"Transmorgrifier","floor":20,"gold_loss":0,"cards_obtained":["Cleave"]}],"is_beta":false,"boss_relics":[{"not_picked":["Empty Cage","Tiny House"],"picked":"Velvet Choker"}],"items_purged_floors":[24],"is_endless":false,"potions_floor_spawned":[2,6,8,10,16,22,27,28,30],"killed_by":"Book of Stabbing","ascension_level":6}