{"gold_per_floor":[117,192,192,192,192,192,232,232,256,289,313,357,357,357,357,453,453,477,500,147,147,47,88,88,113,168,184,184,234,234,257,257,346,346,361,361,236,256,106,137,162,197,197,218,252,252,252,292,292,292,292,292,292,28,68,68],"floor_reached":57,"playtime":2969,"items_purged":["Defend_B","Defend_B","Strike_B","Barrage","Zap"],"score":3029,"play_id":"0dd74c9d-6761-4bd0-b10b-28f5f2cf23cc","local_time":"20190328002813","is_ascension_mode":true,"campfire_choices":[{"floor":6,"key":"REST"},{"floor":8,"key":"REST"},{"data":"Darkness","floor":13,"key":"SMITH"},{"data":"Multi-Cast","floor":15,"key":"SMITH"},{"floor":24,"key":"REST"},{"data":"Coolheaded","floor":28,"key":"SMITH"},{"data":"Conserve Battery","floor":30,"key":"SMITH"},{"data":"Recycle","floor":32,"key":"SMITH"},{"data":"Force Field","floor":46,"key":"SMITH"},{"floor":49,"key":"RECALL"},{"floor":53,"key":"REST"}],"neow_cost":"NONE","seed_source_timestamp":1209379063964500,"circlet_count":0,"master_deck":["AscendersBane","Defend_B+1","Dualcast+1","Coolheaded+1","Tempest+1","Multi-Cast+1","Darkness+1","Buffer+1","Loop+1","Rip and Tear+1","White Noise+1","Redo+1","Self Repair+1","Chill+1","Conserve Battery+1","Compile Driver+1","Recycle+1","Electrodynamics+1","Force Field+1","Undo","Hologram+1","Glacier","Defragment+1","Seek"],"relics":["Cracked Core","NeowsBlessing","Golden Idol","Frozen Egg 2","Orichalcum","Matryoshka","Potion Belt","Astrolabe","Bag of Preparation","StoneCalendar","Tiny Chest","Strawberry","Sozu","Calipers","Bottled Tornado","Lantern","War Paint","Bronze Scales","Whetstone"],"potions_floor_usage":[16,23,23],"damage_taken":[{"damage":0,"enemies":"Cultist","floor":1,"turns":1},{"damage":0,"enemies":"Lagavulin","floor":7,"turns":1},{"damage":0,"enemies":"Gremlin Nob","floor":10,"turns":1},{"damage":0,"enemies":"Jaw Worm","floor":11,"turns":2},{"damage":30,"enemies":"Lagavulin","floor":12,"turns":8},{"damage":13,"enemies":"Hexaghost","floor":16,"turns":9},{"damage":12,"enemies":"3 Byrds","floor":18,"turns":3},{"damage":11,"enemies":"Chosen","floor":19,"turns":5},{"damage":41,"enemies":"Book of Stabbing","floor":23,"turns":5},{"damage":14,"enemies":"Shelled Parasite and Fungi","floor":25,"turns":5},{"damage":10,"enemies":"Snecko","floor":27,"turns":6},{"damage":1,"enemies":"Centurion and Healer","floor":31,"turns":5},{"damage":19,"enemies":"Automaton","floor":33,"turns":8},{"damage":0,"enemies":"3 Shapes","floor":35,"turns":2},{"damage":0,"enemies":"3 Darklings","floor":38,"turns":4},{"damage":18,"enemies":"Giant Head","floor":40,"turns":7},{"damage":0,"enemies":"Sphere and 2 Shapes","floor":41,"turns":4},{"damage":21,"enemies":"Nemesis","floor":42,"turns":7},{"damage":19,"enemies":"Writhing Mass","floor":44,"turns":6},{"damage":0,"enemies":"Giant Head","floor":45,"turns":6},{"damage":23,"enemies":"Reptomancer","floor":48,"turns":7},{"damage":43,"enemies":"Time Eater","floor":50,"turns":6},{"damage":14,"enemies":"Awakened One","floor":51,"turns":20},{"damage":19,"enemies":"Shield and Spear","floor":55,"turns":7},{"damage":63,"enemies":"The Heart","floor":56,"turns":12}],"seed_played":"4299389308831665401","potions_obtained":[{"floor":10,"key":"Fire Potion"},{"floor":16,"key":"FairyPotion"},{"floor":18,"key":"AttackPotion"},{"floor":19,"key":"Regen Potion"}],"is_trial":false,"path_per_floor":["M","?","?","?","?","R","E","R","T","E","M","E","R","?","R","B",null,"M","M","$","?","$","E","R","M","T","M","R","?","R","M","R","B",null,"M","?","$","M","$","E","M","E","T","M","E","R","?","E","R","B","B",null,"R","$","E","B",null],"character_chosen":"DEFECT","items_purchased":["Bag of Preparation","Self Repair+1","Chill","Seek"],"campfire_rested":4,"item_purchase_floors":[20,20,20,54],"current_hp_per_floor":[64,53,53,29,8,29,29,50,50,50,50,20,20,25,25,12,60,48,37,37,37,37,20,42,38,45,45,45,45,45,54,54,45,74,83,83,83,83,83,75,83,72,72,63,73,73,73,60,60,17,13,66,83,83,74,21],"gold":68,"neow_bonus":"THREE_ENEMY_KILL","is_prod":false,"is_daily":false,"chose_seed":false,"campfire_upgraded":6,"win_rate":0,"timestamp":1553700493,"path_taken":["M","?","?","?","?","R","E","R","T","E","?","E","R","?","R","BOSS","M","M","$","?","$","E","R","M","T","?","R","?","R","M","R","BOSS","M","?","$","?","$","E","M","E","T","M","E","R","?","E","R","BOSS","BOSS","R","$","E","BOSS"],"build_version":"2019-01-23","purchased_purges":5,"victory":true,"max_hp_per_floor":[71,71,71,71,71,71,71,71,71,71,71,71,71,76,76,76,76,76,76,76,76,76,76,76,76,83,83,83,83,83,83,83,83,83,83,83,83,83,83,83,83,83,83,83,83,83,83,83,83,83,83,83,83,83,83,83],"card_choices":[{"not_picked":["Leap","Steam"],"picked":"Coolheaded","floor":1},{"not_picked":["Turbo","Undo"],"picked":"FTL","floor":7},{"not_picked":["Rebound","Tempest"],"picked":"Barrage","floor":10},{"not_picked":["Turbo","Hologram"],"picked":"Multi-Cast","floor":11},{"not_picked":["Coolheaded","Barrage"],"picked":"Darkness","floor":12},{"not_picked":["All For One","Fission"],"picked":"Buffer+1","floor":16},{"not_picked":["Coolheaded","Melter"],"picked":"Redo","floor":18},{"not_picked":["Stack","Streamline","Lockon"],"picked":"SKIP","floor":19},{"not_picked":["Leap","Capacitor+1"],"picked":"Conserve Battery","floor":23},{"not_picked":["Barrage+1","Recycle","Rebound"],"picked":"SKIP","floor":25},{"not_picked":["Consume","Sweeping Beam"],"picked":"Compile Driver","floor":27},{"not_picked":["Stack","Beam Cell"],"picked":"Recycle","floor":31},{"not_picked":["Seek","Core Surge"],"picked":"Electrodynamics+1","floor":33},{"not_picked":["Coolheaded","Ball Lightning","Double Energy+1"],"picked":"SKIP","floor":35},{"not_picked":["Auto Shields+1","Sunder"],"picked":"Force Field","floor":38},{"not_picked":["Chaos","Go for the Eyes"],"picked":"Undo","floor":40},{"not_picked":["Beam Cell","Steam Power","Rebound"],"picked":"SKIP","floor":41},{"not_picked":["Undo","Auto Shields","Turbo+1"],"picked":"SKIP","floor":42},{"not_picked":["Stack","Steam Power"],"picked":"Hologram+1","floor":44},{"not_picked":["Hologram","Steam","Rainbow"],"picked":"SKIP","floor":45},{"not_picked":["Auto Shields","Turbo"],"picked":"Defragment+1","floor":48},{"not_picked":["Self Repair+1","Ball Lightning","Go for the Eyes+1"],"picked":"SKIP","floor":55}],"player_experience":4637922,"relics_obtained":[{"floor":7,"key":"Frozen Egg 2"},{"floor":9,"key":"Orichalcum"},{"floor":10,"key":"Matryoshka"},{"floor":12,"key":"Potion Belt"},{"floor":23,"key":"StoneCalendar"},{"floor":26,"key":"Tiny Chest"},{"floor":26,"key":"Strawberry"},{"floor":40,"key":"Calipers"},{"floor":42,"key":"Bottled Tornado"},{"floor":43,"key":"Lantern"},{"floor":45,"key":"War Paint"},{"floor":48,"key":"Bronze Scales"},{"floor":55,"key":"Whetstone"}],"event_choices":[{"damage_healed":0,"gold_gain":75,"player_choice":"Gather Gold","damage_taken":11,"max_hp_gain":0,"max_hp_loss":0,"event_name":"World of Goop","floor":2,"gold_loss":0},{"damage_healed":0,"gold_gain":0,"cards_transformed":["Strike_B"],"player_choice":"Change","damage_taken":0,"max_hp_gain":0,"max_hp_loss":0,"event_name":"Living Wall","floor":3,"gold_loss":0,"cards_obtained":["Tempest"]},{"damage_healed":0,"gold_gain":0,"player_choice":"Take Damage","damage_taken":24,"relics_obtained":["Golden Idol"],"max_hp_gain":0,"max_hp_loss":0,"event_name":"Golden Idol","floor":4,"gold_loss":0},{"damage_healed":0,"gold_gain":0,"player_choice":"Entered Light","damage_taken":21,"max_hp_gain":0,"max_hp_loss":0,"event_name":"Shining Light","floor":5,"gold_loss":0,"cards_upgraded":["Dualcast","Defend_B"]},{"damage_healed":0,"gold_gain":0,"player_choice":"Donut","damage_taken":0,"max_hp_gain":5,"max_hp_loss":0,"event_name":"Big Fish","floor":14,"gold_loss":0},{"damage_healed":0,"gold_gain":0,"player_choice":"Forge","damage_taken":0,"max_hp_gain":0,"max_hp_loss":0,"event_name":"Accursed Blacksmith","floor":21,"gold_loss":0,"cards_upgraded":["Redo"]},{"damage_healed":0,"gold_gain":50,"player_choice":"Stole From Cult","damage_taken":0,"max_hp_gain":0,"max_hp_loss":0,"event_name":"Nest","floor":29,"gold_loss":0},{"damage_healed":0,"gold_gain":0,"player_choice":"0 cards matched","damage_taken":0,"max_hp_gain":0,"max_hp_loss":0,"event_name":"Match and Keep!","floor":36,"gold_loss":0,"cards_obtained":[]},{"damage_healed":0,"gold_gain":0,"cards_transformed":["FTL"],"player_choice":"Transformed","damage_taken":0,"max_hp_gain":0,"max_hp_loss":0,"event_name":"Transmorgrifier","floor":47,"gold_loss":0,"cards_obtained":["Glacier"]}],"is_beta":false,"boss_relics":[{"not_picked":["Eternal Feather","Cursed Key"],"picked":"Astrolabe"},{"not_picked":["Snecko Eye","FrozenCore"],"picked":"Sozu"}],"items_purged_floors":[20,22,37,39,54],"is_endless":false,"potions_floor_spawned":[10,16,18,19,40,45,48,55],"ascension_level":20}