{"gold_per_floor":[112,128,128,153,153,153,186,186,186,207,228,193,193],"floor_reached":13,"playtime":404,"items_purged":[],"score":102,"play_id":"ff16759d-3b0f-4af8-a5ba-4b62b26e00db","local_time":"20181230214552","is_ascension_mode":true,"campfire_choices":[{"data":"True Grit","floor":6,"key":"SMITH"},{"data":"Bash","floor":8,"key":"SMITH"}],"neow_cost":"TEN_PERCENT_HP_LOSS","seed_source_timestamp":692709460310579,"circlet_count":0,"master_deck":["Strike_R","Strike_R","Strike_R","Defend_R","Defend_R","Defend_R","Bash+1","True Grit+1","Metallicize","Hemokinesis","Clothesline","Uppercut","Carnage","Pommel Strike","Infernal Blade"],"special_seed":0,"relics":["Burning Blood","Golden Idol","Dodecahedron","Omamori"],"potions_floor_usage":[7,7],"damage_taken":[{"damage":6,"enemies":"Cultist","floor":1,"turns":4},{"damage":0,"enemies":"2 Louse","floor":2,"turns":5},{"damage":15,"enemies":"Jaw Worm","floor":4,"turns":3},{"damage":15,"enemies":"Gremlin Nob","floor":7,"turns":3},{"damage":15,"enemies":"2 Fungi Beasts","floor":10,"turns":3},{"damage":17,"enemies":"3 Louse","floor":11,"turns":3},{"damage":36,"enemies":"3 Sentries","floor":13,"turns":4}],"seed_played":"-4724639111168688187","potions_obtained":[{"floor":1,"key":"Strength Potion"},{"floor":2,"key":"Poison Potion"}],"is_trial":false,"path_per_floor":["M","M","?","M","?","R","E","R","T","M","M","?","E"],"character_chosen":"IRONCLAD","items_purchased":[],"campfire_rested":0,"item_purchase_floors":[],"current_hp_per_floor":[72,72,54,45,45,45,36,36,36,27,16,34,0],"gold":193,"neow_bonus":"TRANSFORM_TWO_CARDS","is_prod":false,"is_daily":false,"chose_seed":false,"campfire_upgraded":2,"win_rate":0,"timestamp":1546173952,"path_taken":["M","?","?","M","?","R","E","R","T","?","M","?","E"],"build_version":"2018-12-20","purchased_purges":0,"victory":false,"max_hp_per_floor":[72,72,72,72,72,72,72,72,72,72,72,72,72],"card_choices":[{"not_picked":["Anger","Heavy Blade"],"picked":"Hemokinesis","floor":1},{"not_picked":["Warcry","Metallicize"],"picked":"Clothesline","floor":2},{"not_picked":["Iron Wave","Combust"],"picked":"Uppercut","floor":4},{"not_picked":["Feel No Pain","Shockwave"],"picked":"Carnage","floor":7},{"not_picked":["Warcry","Havoc"],"picked":"Pommel Strike","floor":10},{"not_picked":["Pommel Strike","Havoc"],"picked":"Infernal Blade","floor":11}],"player_experience":280941,"relics_obtained":[{"floor":7,"key":"Dodecahedron"},{"floor":9,"key":"Omamori"}],"event_choices":[{"damage_healed":0,"gold_gain":0,"player_choice":"Take Damage","damage_taken":18,"relics_obtained":["Golden Idol"],"max_hp_gain":0,"max_hp_loss":0,"event_name":"Golden Idol","floor":3,"gold_loss":0},{"cards_removed":["Strike_R"],"damage_healed":0,"gold_gain":0,"player_choice":"Offered Basic","damage_taken":0,"max_hp_gain":0,"max_hp_loss":0,"event_name":"Bonfire Elementals","floor":5,"gold_loss":0},{"damage_healed":18,"gold_gain":0,"player_choice":"Healed","damage_taken":0,"max_hp_gain":0,"max_hp_loss":0,"event_name":"The Cleric","floor":12,"gold_loss":35}],"is_beta":false,"boss_relics":[],"items_purged_floors":[],"is_endless":false,"potions_floor_spawned":[1,2],"killed_by":"3 Sentries","ascension_level":4}