{"gold_per_floor":[111,111,19,19,94,94,129,188,214,239,270,270,288,46,46,120,120,132,29,41,41,54,54,73,73,73,73,91,91,91,105,105,176,176,193,193,293,49,60,60,60,60,60,70,70,70,70,85,85,85],"floor_reached":51,"playtime":1865,"items_purged":[],"score":1230,"play_id":"ea57a506-865c-4d11-b118-c171c4448a54","local_time":"20181209113132","is_ascension_mode":true,"campfire_choices":[{"data":"Uppercut","floor":6.0,"key":"SMITH"},{"data":"Juggernaut","floor":12.0,"key":"SMITH"},{"data":"Sword Boomerang","floor":15.0,"key":"SMITH"},{"floor":23.0,"key":"REST"},{"floor":27.0,"key":"REST"},{"floor":30.0,"key":"REST"},{"floor":32.0,"key":"RECALL"},{"floor":40,"key":"REST"},{"floor":42,"key":"REST"},{"floor":45,"key":"REST"},{"floor":47,"key":"REST"},{"floor":49,"key":"REST"}],"neow_cost":"NONE","seed_source_timestamp":471778770524929,"circlet_count":0,"master_deck":["AscendersBane","Strike_R+1","Strike_R+1","Strike_R","Strike_R+1","Defend_R","Defend_R","Defend_R","Defend_R","Bash","Uppercut+1","Flash of Steel+1","Sword Boomerang+1","Ghostly Armor","Juggernaut+1","Sword Boomerang","Barricade","Dropkick","Entrench+1","Warcry+1","Shockwave+1","True Grit+1","Demon Form","Impervious+1","Shrug It Off+1","True Grit+1","Dropkick","Panacea+1","Dual Wield+1","Feel No Pain","Exhume+1","Body Slam+1"],"special_seed":0,"relics":["Burning Blood","NeowsBlessing","Vajra","Bag of Preparation","Whetstone","Pen Nib","Red Skull","Toxic Egg 2","Fusion Hammer","Enchiridion","Meat on the Bone","Shuriken","Sozu","Incense Burner","Singing Bowl"],"potions_floor_usage":[50,50],"damage_taken":[{"damage":0.0,"enemies":"Small Slimes","floor":1.0,"turns":1.0},{"damage":0.0,"enemies":"Lagavulin","floor":7.0,"turns":1.0},{"damage":0.0,"enemies":"3 Sentries","floor":8.0,"turns":2.0},{"damage":0.0,"enemies":"Gremlin Nob","floor":11.0,"turns":2.0},{"damage":0.0,"enemies":"2 Louse","floor":13.0,"turns":2.0},{"damage":17.0,"enemies":"The Guardian","floor":16.0,"turns":8.0},{"damage":24.0,"enemies":"2 Thieves","floor":18.0,"turns":3.0},{"damage":0.0,"enemies":"Chosen","floor":20.0,"turns":3.0},{"damage":0.0,"enemies":"Snecko","floor":22.0,"turns":4.0},{"damage":0.0,"enemies":"Cultist and Chosen","floor":24.0,"turns":5.0},{"damage":15.0,"enemies":"Chosen and Byrds","floor":28.0,"turns":5.0},{"damage":0.0,"enemies":"3 Cultists","floor":31.0,"turns":4.0},{"damage":21.0,"enemies":"Collector","floor":33.0,"turns":7.0},{"damage":17.0,"enemies":"3 Shapes","floor":35.0,"turns":6.0},{"damage":0,"enemies":"Mind Bloom Boss Battle","floor":37,"turns":9},{"damage":10,"enemies":"Orb Walker","floor":39,"turns":5},{"damage":5,"enemies":"4 Shapes","floor":44,"turns":6},{"damage":21,"enemies":"Sphere and 2 Shapes","floor":48,"turns":5},{"damage":47,"enemies":"Donu and Deca","floor":50,"turns":8}],"seed_played":"7213356410223201683","potions_obtained":[{"floor":1.0,"key":"SteroidPotion"},{"floor":7.0,"key":"Ancient Potion"},{"floor":13.0,"key":"Dexterity Potion"},{"floor":31.0,"key":"PowerPotion"},{"floor":33.0,"key":"BloodPotion"}],"is_trial":false,"path_per_floor":["M","?","$","?","?","R","E","?","T","T","E","R","M","$","R","B",null,"M","$","M","?","M","R","M","?","T","R","M","T","R","M","R","B",null,"M","?","?","$","M","R","$","R","T","M","R","$","R","M","R","B",null],"character_chosen":"IRONCLAD","items_purchased":["Flash of Steel","Toxic Egg 2","Entrench+1","Warcry+1","Dropkick","Panacea+1","Dual Wield+1"],"campfire_rested":8,"item_purchase_floors":[3,14,19,19,38,38,38],"current_hp_per_floor":[74,51,51,51,40,40,46,52,52,52,58,58,64,64,64,53,70,52,52,58,37,43,65,71,50,50,74,65,65,80,80,80,65,76,65,65,71,71,67,80,80,80,80,80,80,80,80,65,80,47],"gold":85,"neow_bonus":"THREE_ENEMY_KILL","is_prod":false,"is_daily":false,"chose_seed":false,"campfire_upgraded":3,"win_rate":0,"timestamp":1544322692,"path_taken":["M","?","$","?","?","R","E","?","T","?","E","R","M","?","R","BOSS","M","$","M","?","M","R","M","?","T","R","?","?","R","M","R","BOSS","M","?","?","?","?","R","$","R","T","M","R","$","R","M","R","BOSS"],"build_version":"2018-12-06","purchased_purges":0,"victory":true,"max_hp_per_floor":[75,75,75,75,75,75,75,75,75,75,75,75,75,75,75,75,75,75,75,75,75,75,75,75,80,80,80,80,80,80,80,80,80,80,80,80,80,80,80,80,80,80,80,80,80,80,80,80,80,80],"card_choices":[{"not_picked":["Carnage","Searing Blow"],"picked":"Uppercut","floor":1.0},{"not_picked":["Anger","Warcry"],"picked":"Sword Boomerang","floor":7.0},{"not_picked":["Feel No Pain","Searing Blow"],"picked":"Ghostly Armor","floor":8.0},{"not_picked":["Cleave","Sword Boomerang"],"picked":"Juggernaut","floor":11.0},{"not_picked":["Feel No Pain","Carnage"],"picked":"Sword Boomerang","floor":13.0},{"not_picked":["Juggernaut","Brutality"],"picked":"Barricade","floor":16.0},{"not_picked":["Flex+1","Evolve"],"picked":"Dropkick","floor":18.0},{"not_picked":["Heavy Blade+1","Pommel Strike"],"picked":"Shockwave+1","floor":20.0},{"not_picked":["Sword Boomerang","Inflame"],"picked":"True Grit+1","floor":22.0},{"not_picked":["Anger+1","Wild Strike","Pommel Strike"],"picked":"SKIP","floor":24.0},{"not_picked":["Rupture","Wild Strike+1"],"picked":"Demon Form","floor":28.0},{"not_picked":["Havoc+1","Heavy Blade","Infernal Blade+1"],"picked":"SKIP","floor":31.0},{"not_picked":["Brutality","Exhume+1"],"picked":"Impervious+1","floor":33.0},{"not_picked":["Pummel","Wild Strike+1"],"picked":"Shrug It Off+1","floor":35.0},{"not_picked":["Anger","Havoc+1"],"picked":"True Grit+1","floor":37},{"not_picked":["Fire Breathing","Anger"],"picked":"Feel No Pain","floor":39},{"not_picked":["Sword Boomerang","Warcry+1"],"picked":"Exhume+1","floor":44},{"not_picked":["Iron Wave+1","Fire Breathing"],"picked":"Body Slam+1","floor":48}],"player_experience":2537075,"relics_obtained":[{"floor":7.0,"key":"Vajra"},{"floor":8.0,"key":"Bag of Preparation"},{"floor":9.0,"key":"Whetstone"},{"floor":10.0,"key":"Pen Nib"},{"floor":11.0,"key":"Red Skull"},{"floor":21.0,"key":"Enchiridion"},{"floor":26.0,"key":"Meat on the Bone"},{"floor":29.0,"key":"Shuriken"},{"floor":37,"key":"Incense Burner"},{"floor":43,"key":"Singing Bowl"}],"event_choices":[{"damage_healed":0.0,"max_hp_gain":0.0,"max_hp_loss":0.0,"gold_gain":0.0,"event_name":"Shining Light","player_choice":"Entered Light","floor":2.0,"gold_loss":0.0,"damage_taken":23.0,"cards_upgraded":["Strike_R","Strike_R"]},{"cards_removed":["Strike_R"],"damage_healed":0.0,"max_hp_gain":0.0,"max_hp_loss":0.0,"gold_gain":0.0,"event_name":"Living Wall","player_choice":"Forget","floor":4.0,"gold_loss":0.0,"damage_taken":0.0},{"damage_healed":0.0,"max_hp_gain":0.0,"max_hp_loss":0.0,"gold_gain":75.0,"event_name":"World of Goop","player_choice":"Gather Gold","floor":5.0,"gold_loss":0.0,"damage_taken":11.0},{"damage_healed":0.0,"max_hp_gain":0.0,"max_hp_loss":0.0,"gold_gain":0.0,"event_name":"Dead Adventurer","player_choice":"Searched \u00272\u0027 times","floor":8.0,"gold_loss":0.0,"damage_taken":0.0},{"damage_healed":0.0,"max_hp_gain":0.0,"max_hp_loss":0.0,"gold_gain":0.0,"event_name":"Cursed Tome","player_choice":"Obtained Book","floor":21.0,"gold_loss":0.0,"damage_taken":21.0},{"damage_healed":0.0,"max_hp_gain":5.0,"max_hp_loss":0.0,"gold_gain":0.0,"event_name":"Forgotten Altar","player_choice":"Shed Blood","floor":25.0,"gold_loss":0.0,"damage_taken":26.0},{"damage_healed":0,"gold_gain":0,"player_choice":"Ignored","damage_taken":0,"max_hp_gain":0,"max_hp_loss":0,"event_name":"Mysterious Sphere","floor":36,"gold_loss":0},{"damage_healed":0,"gold_gain":0,"player_choice":"Fight","damage_taken":0,"max_hp_gain":0,"max_hp_loss":0,"event_name":"MindBloom","floor":37,"gold_loss":0}],"is_beta":true,"boss_relics":[{"not_picked":["Empty Cage","Coffee Dripper"],"picked":"Fusion Hammer"},{"not_picked":["Astrolabe","Tiny House"],"picked":"Sozu"}],"items_purged_floors":[],"is_endless":false,"potions_floor_spawned":[1,7,13,16,18,24,31,33,35,44],"ascension_level":15}