{"gold_per_floor":[118,43,60,23,33,33,66,78,103,122,144,159,159,169,169,270,270,280,20,20,37,37,37,49,49,49,49,49,59,77,105,105,200,250,266,266,7,7,25,25,37,37,61,61,61,93,43,62,62,62],"floor_reached":50,"playtime":2525,"items_purged":["Strike_B","Strike_B","Defend_B"],"score":709,"play_id":"a776ee79-6997-4079-b300-267c99b29a90","local_time":"20190119122218","is_ascension_mode":true,"campfire_choices":[{"data":"Zap","floor":6.0,"key":"SMITH"},{"floor":13.0,"key":"REST"},{"data":"Darkness","floor":15.0,"key":"SMITH"},{"data":"Dualcast","floor":23.0,"key":"SMITH"},{"data":"Fission","floor":28.0,"key":"SMITH"},{"data":"White Noise","floor":32.0,"key":"SMITH"},{"data":"Reinforced Body","floor":40,"key":"SMITH"},{"data":"Echo Form","floor":44,"key":"SMITH"},{"floor":49,"key":"REST"}],"neow_cost":"NONE","seed_source_timestamp":766576471022503,"circlet_count":0,"master_deck":["Defend_B","Defend_B","Defend_B","Zap+1","Dualcast+1","Coolheaded","Coolheaded","Doom and Gloom","White Noise+1","Go for the Eyes","Sweeping Beam","Self Repair+1","Reinforced Body+1","Darkness+1","Biased Cognition+1","Darkness+1","Redo+1","Fusion+1","Fission+1","Echo Form+1","Machine Learning","Consume","Force Field","Melter+1","Multi-Cast"],"special_seed":0,"relics":["Cracked Core","NeowsBlessing","Smiling Mask","Omamori","Odd Mushroom","Velvet Choker","DollysMirror","Sundial","Red Mask","Tiny House","Symbiotic Virus","DataDisk","Lantern"],"potions_floor_usage":[50],"damage_taken":[{"damage":0.0,"enemies":"Cultist","floor":1.0,"turns":1.0},{"damage":0.0,"enemies":"2 Louse","floor":3.0,"turns":1.0},{"damage":0.0,"enemies":"Small Slimes","floor":5.0,"turns":1.0},{"damage":14.0,"enemies":"3 Sentries","floor":7.0,"turns":5.0},{"damage":6.0,"enemies":"3 Louse","floor":8.0,"turns":3.0},{"damage":13.0,"enemies":"Exordium Wildlife","floor":10.0,"turns":5.0},{"damage":21.0,"enemies":"The Mushroom Lair","floor":11.0,"turns":3.0},{"damage":12.0,"enemies":"Looter","floor":12.0,"turns":3.0},{"damage":0.0,"enemies":"Large Slime","floor":14.0,"turns":5.0},{"damage":3.0,"enemies":"The Guardian","floor":16.0,"turns":12.0},{"damage":0.0,"enemies":"Spheric Guardian","floor":18.0,"turns":3.0},{"damage":16.0,"enemies":"Chosen","floor":21.0,"turns":6.0},{"damage":28.0,"enemies":"Centurion and Healer","floor":24.0,"turns":5.0},{"damage":14.0,"enemies":"Cultist and Chosen","floor":29.0,"turns":6.0},{"damage":2.0,"enemies":"Sentry and Sphere","floor":30.0,"turns":4.0},{"damage":39.0,"enemies":"Masked Bandits","floor":31.0,"turns":5.0},{"damage":39.0,"enemies":"Champ","floor":33.0,"turns":10.0},{"damage":18.0,"enemies":"3 Shapes","floor":35.0,"turns":6.0},{"damage":17,"enemies":"Orb Walker","floor":39,"turns":4},{"damage":20,"enemies":"Sphere and 2 Shapes","floor":41,"turns":6},{"damage":58,"enemies":"Reptomancer","floor":46,"turns":7},{"damage":20,"enemies":"3 Darklings","floor":48,"turns":6},{"damage":64,"enemies":"Time Eater","floor":50,"turns":4}],"seed_played":"-5287602517685504036","potions_obtained":[{"floor":1.0,"key":"Dexterity Potion"},{"floor":11.0,"key":"SkillPotion"},{"floor":12.0,"key":"Fire Potion"},{"floor":14.0,"key":"PowerPotion"},{"floor":16.0,"key":"Block Potion"},{"floor":21.0,"key":"Fire Potion"},{"floor":29.0,"key":"Regen Potion"},{"floor":34.0,"key":"SkillPotion"},{"floor":41,"key":"SteroidPotion"},{"floor":48,"key":"LiquidBronze"}],"is_trial":false,"path_per_floor":["M","$","M","$","M","R","E","M","T","M","?","M","R","M","R","B",null,"M","$","?","M","?","R","M","?","T","?","R","M","M","?","R","B",null,"M","?","$","?","M","R","M","?","T","R","?","E","$","M","R","B"],"character_chosen":"DEFECT","items_purchased":["Doom and Gloom","DollysMirror","Symbiotic Virus"],"campfire_rested":2,"item_purchase_floors":[4,19,37],"current_hp_per_floor":[68,68,68,68,68,68,54,48,48,35,14,9,31,38,38,42,67,74,74,74,65,65,65,44,44,44,69,69,62,75,43,43,18,66,58,58,58,90,90,90,80,90,90,90,90,42,42,32,59,0],"gold":62,"neow_bonus":"THREE_ENEMY_KILL","is_prod":false,"is_daily":false,"chose_seed":false,"campfire_upgraded":7,"win_rate":0,"timestamp":1547868138,"path_taken":["M","?","M","$","M","R","E","M","T","M","?","M","R","M","R","BOSS","M","$","?","M","?","R","M","?","T","?","R","M","?","?","R","BOSS","M","?","$","?","M","R","?","?","T","R","?","E","$","M","R","BOSS"],"build_version":"2019-01-17v2","purchased_purges":3,"victory":false,"max_hp_per_floor":[75,75,75,75,75,75,75,75,75,75,75,75,75,75,75,75,75,75,75,75,75,75,75,75,75,75,75,75,75,75,75,75,75,80,80,80,80,90,90,90,90,90,90,90,90,90,90,90,90,90],"card_choices":[{"not_picked":["Turbo","Scrape"],"picked":"Coolheaded","floor":1.0},{"not_picked":["Aggregate","Turbo"],"picked":"Coolheaded","floor":3.0},{"not_picked":["Ball Lightning","Sweeping Beam"],"picked":"White Noise","floor":5.0},{"not_picked":["Rainbow","Barrage"],"picked":"Go for the Eyes","floor":7.0},{"not_picked":["Go for the Eyes","Beam Cell"],"picked":"Sweeping Beam","floor":8.0},{"not_picked":["Beam Cell","Multi-Cast","Reprogram"],"picked":"SKIP","floor":10.0},{"not_picked":["Genetic Algorithm","Loop"],"picked":"Self Repair","floor":11.0},{"not_picked":["White Noise","Rebound"],"picked":"Reinforced Body","floor":12.0},{"not_picked":["Compile Driver","Gash"],"picked":"Darkness","floor":14.0},{"not_picked":["Machine Learning","Echo Form"],"picked":"Biased Cognition","floor":16.0},{"not_picked":["Hologram","Leap","Hello World"],"picked":"SKIP","floor":18.0},{"not_picked":["Streamline","Barrage"],"picked":"Redo+1","floor":21.0},{"not_picked":["Turbo","Barrage+1"],"picked":"Fusion+1","floor":24.0},{"not_picked":["Darkness","Reprogram","Aggregate+1"],"picked":"SKIP","floor":29.0},{"not_picked":["Rebound","Sweeping Beam","Coolheaded"],"picked":"SKIP","floor":30.0},{"not_picked":["Static Discharge","Heatsinks"],"picked":"Echo Form","floor":31.0},{"not_picked":["All For One","Echo Form"],"picked":"Machine Learning","floor":33.0},{"not_picked":["Conserve Battery","Sweeping Beam"],"picked":"Consume","floor":34.0},{"not_picked":["Steam+1","Sweeping Beam+1","Ball Lightning+1"],"picked":"SKIP","floor":35.0},{"not_picked":["Cold Snap","Chill","Conserve Battery+1"],"picked":"SKIP","floor":39},{"not_picked":["Static Discharge","Beam Cell"],"picked":"Force Field","floor":41},{"not_picked":["Rebound","Turbo"],"picked":"Melter+1","floor":46},{"not_picked":["Aggregate+1","Sweeping Beam"],"picked":"Multi-Cast","floor":48}],"player_experience":404520,"relics_obtained":[{"floor":7.0,"key":"Smiling Mask"},{"floor":9.0,"key":"Omamori"},{"floor":11.0,"key":"Odd Mushroom"},{"floor":26.0,"key":"Sundial"},{"floor":31.0,"key":"Red Mask"},{"floor":43,"key":"DataDisk"},{"floor":46,"key":"Lantern"}],"event_choices":[{"damage_healed":0.0,"max_hp_gain":0.0,"max_hp_loss":0.0,"gold_gain":0.0,"event_name":"Mushrooms","player_choice":"Fought Mushrooms","floor":11.0,"gold_loss":0.0,"damage_taken":0.0},{"damage_healed":0.0,"max_hp_gain":0.0,"max_hp_loss":0.0,"gold_gain":0.0,"event_name":"Beggar","player_choice":"Ignored","floor":20.0,"gold_loss":0.0,"damage_taken":0.0},{"damage_healed":0.0,"max_hp_gain":0.0,"max_hp_loss":0.0,"gold_gain":0.0,"event_name":"Cursed Tome","player_choice":"Ignored","floor":22.0,"gold_loss":0.0,"damage_taken":0.0},{"damage_healed":0.0,"max_hp_gain":0.0,"max_hp_loss":0.0,"gold_gain":0.0,"cards_transformed":["Strike_B","Strike_B"],"event_name":"Drug Dealer","player_choice":"Became Test Subject","floor":25.0,"gold_loss":0.0,"damage_taken":0.0,"cards_obtained":["Biased Cognition","Fission"]},{"damage_healed":25.0,"max_hp_gain":0.0,"max_hp_loss":0.0,"gold_gain":0.0,"event_name":"The Library","player_choice":"Heal","floor":27.0,"gold_loss":0.0,"damage_taken":0.0},{"damage_healed":0.0,"max_hp_gain":0.0,"max_hp_loss":0.0,"gold_gain":0.0,"event_name":"Masked Bandits","player_choice":"Fought Bandits","floor":31.0,"gold_loss":0.0,"damage_taken":0.0},{"damage_healed":0.0,"max_hp_gain":0.0,"max_hp_loss":0.0,"gold_gain":0.0,"event_name":"Mysterious Sphere","player_choice":"Ignored","floor":36.0,"gold_loss":0.0,"damage_taken":0.0},{"cards_removed":["Biased Cognition"],"damage_healed":22,"gold_gain":0,"player_choice":"Offered Rare","damage_taken":0,"max_hp_gain":10,"max_hp_loss":0,"event_name":"Bonfire Elementals","floor":38,"gold_loss":0},{"damage_healed":23,"gold_gain":0,"player_choice":"Writhe","damage_taken":0,"max_hp_gain":0,"max_hp_loss":0,"event_name":"Winding Halls","floor":42,"gold_loss":0,"cards_obtained":["Writhe"]},{"damage_healed":0,"gold_gain":0,"player_choice":"Upgraded","damage_taken":0,"max_hp_gain":0,"max_hp_loss":0,"event_name":"Upgrade Shrine","floor":45,"gold_loss":0,"cards_upgraded":["Biased Cognition"]}],"is_beta":false,"boss_relics":[{"not_picked":["Fusion Hammer","FrozenCore"],"picked":"Velvet Choker"},{"not_picked":["Lizard Tail","Eternal Feather"],"picked":"Tiny House"}],"items_purged_floors":[2,19,47],"is_endless":false,"potions_floor_spawned":[1,11,12,14,16,21,29,41,48],"killed_by":"Time Eater","ascension_level":9}