{"gold_per_floor":[117,3,14,30,50,50,83,83,161,187,204,204,167,33,33,33],"floor_reached":16,"playtime":700,"items_purged":["Strike_R","Strike_R"],"score":132,"play_id":"60ac91c7-514c-4457-be75-a6e1013b8cec","local_time":"20181230234603","is_ascension_mode":true,"campfire_choices":[{"data":"Body Slam","floor":6,"key":"SMITH"},{"data":"Rage","floor":8,"key":"SMITH"},{"floor":15,"key":"REST"}],"neow_cost":"NONE","seed_source_timestamp":0,"circlet_count":0,"master_deck":["Strike_R","Strike_R","Strike_R","Defend_R","Defend_R","Defend_R","Defend_R","Bash","Fiend Fire","Body Slam+1","Sentinel","Cleave","Headbutt","Rage+1","Pommel Strike","Clothesline","Dual Wield"],"special_seed":0,"relics":["Burning Blood","Ice Cream","Letter Opener","Vajra"],"potions_floor_usage":[7,10],"damage_taken":[{"damage":6,"enemies":"Cultist","floor":1,"turns":3},{"damage":0,"enemies":"2 Louse","floor":3,"turns":3},{"damage":5,"enemies":"Small Slimes","floor":4,"turns":3},{"damage":15,"enemies":"2 Fungi Beasts","floor":5,"turns":3},{"damage":45,"enemies":"Lagavulin","floor":7,"turns":6},{"damage":28,"enemies":"3 Sentries","floor":10,"turns":6},{"damage":0,"enemies":"3 Louse","floor":11,"turns":3},{"damage":42,"enemies":"The Guardian","floor":16,"turns":9}],"seed_played":"-4479230102375561046","potions_obtained":[{"floor":1,"key":"LiquidBronze"},{"floor":4,"key":"Energy Potion"},{"floor":7,"key":"Block Potion"}],"is_trial":false,"path_per_floor":["M","$","M","M","M","R","E","R","T","E","M","?","?","$","R","B"],"character_chosen":"IRONCLAD","items_purchased":["Sentinel","Dual Wield"],"campfire_rested":1,"item_purchase_floors":[2,14],"current_hp_per_floor":[80,80,80,80,71,71,32,32,32,10,16,16,16,16,40,0],"gold":33,"neow_bonus":"ONE_RANDOM_RARE_CARD","is_prod":false,"is_daily":false,"chose_seed":false,"campfire_upgraded":2,"win_rate":0,"timestamp":1546181163,"path_taken":["M","$","M","?","M","R","E","R","T","E","M","?","?","$","R","BOSS"],"build_version":"2018-12-20","purchased_purges":2,"victory":false,"max_hp_per_floor":[80,80,80,80,80,80,80,80,80,80,80,80,80,80,80,80],"card_choices":[{"not_picked":["Dual Wield","Feel No Pain"],"picked":"Body Slam","floor":1},{"not_picked":["Shrug It Off","Flex"],"picked":"Cleave","floor":3},{"not_picked":["Heavy Blade","Perfected Strike"],"picked":"Headbutt","floor":4},{"not_picked":["Wild Strike","Heavy Blade","Perfected Strike"],"picked":"SKIP","floor":5},{"not_picked":["Searing Blow","Hemokinesis"],"picked":"Rage","floor":7},{"not_picked":["Metallicize","Body Slam"],"picked":"Pommel Strike","floor":10},{"not_picked":["Clash","Feel No Pain"],"picked":"Clothesline","floor":11}],"player_experience":285333,"relics_obtained":[{"floor":7,"key":"Ice Cream"},{"floor":9,"key":"Letter Opener"},{"floor":10,"key":"Vajra"}],"event_choices":[{"damage_healed":0,"gold_gain":0,"player_choice":"Ignored","damage_taken":0,"max_hp_gain":0,"max_hp_loss":0,"event_name":"Shining Light","floor":12,"gold_loss":0},{"damage_healed":0,"gold_gain":0,"player_choice":"Left Gold","damage_taken":0,"max_hp_gain":0,"max_hp_loss":0,"event_name":"World of Goop","floor":13,"gold_loss":37}],"is_beta":false,"boss_relics":[],"items_purged_floors":[2,14],"is_endless":false,"potions_floor_spawned":[1,4,7],"killed_by":"The Guardian","ascension_level":4}