{"gold_per_floor":[114,132,78,78,88,88,122,122,122,122,122,135,135,161,161,232,232,250,250,266,286,304,304,334,334,334,350,360,360,360],"floor_reached":30,"playtime":1557,"items_purged":[],"score":527,"play_id":"d226bd4e-cfc2-4972-8479-bf4d72f33cb1","local_time":"20190419133921","is_ascension_mode":true,"campfire_choices":[{"data":"Bouncing Flask","floor":6.0,"key":"SMITH"},{"floor":8.0,"key":"REST"},{"floor":10.0,"key":"REST"},{"floor":13.0,"key":"REST"},{"data":"Burst","floor":15,"key":"SMITH"},{"floor":23,"key":"REST"},{"data":"After Image","floor":25,"key":"SMITH"},{"floor":29,"key":"REST"}],"neow_cost":"NONE","seed_source_timestamp":595670270734894,"circlet_count":0,"master_deck":["AscendersBane","Defend_G","Defend_G","Defend_G","Defend_G+1","Defend_G","Strike_G","Survivor","Neutralize+1","Expertise+1","Dagger Spray+1","Bouncing Flask+1","After Image+1","Endless Agony+1","Burst+1","Venomology+1","Backstab+1","Wraith Form v2+1","Phantasmal Killer+1","PiercingWail","PiercingWail+1","Blur","Blade Dance+1"],"special_seed":0,"relics":["Ring of the Snake","NeowsBlessing","The Specimen","Matryoshka","Vajra","Astrolabe","War Paint","Whetstone","Frozen Egg 2"],"potions_floor_usage":[14,14,18,21,22,24,27,28,30,30,30],"damage_taken":[{"damage":0.0,"enemies":"Cultist","floor":1.0,"turns":1.0},{"damage":0.0,"enemies":"Small Slimes","floor":2.0,"turns":1.0},{"damage":0.0,"enemies":"2 Louse","floor":5.0,"turns":1.0},{"damage":34.0,"enemies":"3 Sentries","floor":7.0,"turns":6.0},{"damage":0.0,"enemies":"2 Fungi Beasts","floor":12.0,"turns":4.0},{"damage":0,"enemies":"Gremlin Nob","floor":14,"turns":2},{"damage":12,"enemies":"Hexaghost","floor":16,"turns":7},{"damage":19,"enemies":"Shell Parasite","floor":18,"turns":12},{"damage":13,"enemies":"Spheric Guardian","floor":20,"turns":6},{"damage":11,"enemies":"Snecko","floor":21,"turns":4},{"damage":10,"enemies":"Snake Plant","floor":22,"turns":6},{"damage":9,"enemies":"Book of Stabbing","floor":24,"turns":6},{"damage":3,"enemies":"Centurion and Healer","floor":27,"turns":14},{"damage":11,"enemies":"Shelled Parasite and Fungi","floor":28,"turns":6},{"damage":41,"enemies":"Gremlin Leader","floor":30,"turns":8}],"seed_played":"4822260649041706303","potions_obtained":[{"floor":7.0,"key":"SteroidPotion"},{"floor":12.0,"key":"AttackPotion"},{"floor":14,"key":"SteroidPotion"}],"is_trial":false,"path_per_floor":["M","M","$","?","M","R","E","R","T","R","?","M","R","E","R","B",null,"M","?","M","M","M","R","E","R","T","M","M","R","E"],"character_chosen":"THE_SILENT","items_purchased":["PowerPotion"],"campfire_rested":5,"item_purchase_floors":[3],"current_hp_per_floor":[59,59,59,39,39,39,5,24,24,43,36,36,55,55,55,43,60,56,56,43,32,22,41,32,32,32,29,18,37,0],"gold":360,"neow_bonus":"THREE_ENEMY_KILL","is_prod":false,"is_daily":false,"chose_seed":false,"campfire_upgraded":3,"win_rate":0,"timestamp":1555648761,"path_taken":["M","?","$","?","M","R","E","R","T","R","?","M","R","E","R","BOSS","M","?","M","M","M","R","E","R","T","M","M","R","E"],"build_version":"2019-04-04","purchased_purges":0,"victory":false,"max_hp_per_floor":[66,66,66,66,66,66,66,66,66,66,66,66,66,66,66,66,66,66,66,66,66,66,66,66,66,66,66,66,66,66],"card_choices":[{"not_picked":["Slice","Reflex"],"picked":"Expertise","floor":1.0},{"not_picked":["Outmaneuver","Dodge and Roll"],"picked":"Dagger Spray","floor":2.0},{"not_picked":["Bane","Deflect"],"picked":"Bouncing Flask","floor":5.0},{"not_picked":["Bane","Outmaneuver"],"picked":"After Image","floor":7.0},{"not_picked":["Underhanded Strike","Prepared"],"picked":"Endless Agony","floor":12.0},{"not_picked":["All Out Attack","Sucker Punch"],"picked":"Burst","floor":14},{"not_picked":["Doppelganger","Storm of Steel"],"picked":"Venomology","floor":16},{"not_picked":["Acrobatics","Outmaneuver","Finisher"],"picked":"SKIP","floor":18},{"not_picked":["Sucker Punch","Accuracy","All Out Attack"],"picked":"SKIP","floor":20},{"not_picked":["All Out Attack","Quick Slash"],"picked":"PiercingWail","floor":21},{"not_picked":["Cloak And Dagger","Heel Hook"],"picked":"PiercingWail","floor":22},{"not_picked":["Deadly Poison","Quick Slash"],"picked":"Blur","floor":24},{"not_picked":["Deadly Poison","Deflect","Finisher"],"picked":"SKIP","floor":27},{"not_picked":["All Out Attack","Outmaneuver"],"picked":"Blade Dance+1","floor":28}],"player_experience":2985116,"relics_obtained":[{"floor":7.0,"key":"The Specimen"},{"floor":9.0,"key":"Matryoshka"},{"floor":14,"key":"Vajra"},{"floor":24,"key":"War Paint"},{"floor":26,"key":"Whetstone"},{"floor":26,"key":"Frozen Egg 2"}],"event_choices":[{"damage_healed":0.0,"max_hp_gain":0.0,"max_hp_loss":0.0,"gold_gain":0.0,"event_name":"Shining Light","player_choice":"Entered Light","floor":4.0,"gold_loss":0.0,"damage_taken":20.0,"cards_upgraded":["Neutralize","Expertise"]},{"cards_removed":["Strike_G"],"damage_healed":0.0,"max_hp_gain":0.0,"max_hp_loss":0.0,"gold_gain":0.0,"event_name":"Golden Wing","player_choice":"Card Removal","floor":11.0,"gold_loss":0.0,"damage_taken":7.0},{"damage_healed":0,"gold_gain":0,"player_choice":"Upgraded","damage_taken":0,"max_hp_gain":0,"max_hp_loss":0,"event_name":"Upgrade Shrine","floor":19,"gold_loss":0,"cards_upgraded":["Venomology"]}],"is_beta":true,"boss_relics":[{"not_picked":["Pandora\u0027s Box","Fusion Hammer"],"picked":"Astrolabe"}],"items_purged_floors":[],"is_endless":false,"potions_floor_spawned":[7,12,14,22,27],"killed_by":"Gremlin Leader","ascension_level":17}