{"gold_per_floor":[119,119,15,34,54,54,83,2,2,2,2,2,13,113,113,217,267,283,59,59,70,85,85,85,85,139,13,41,41,53,69,69,167,167,179,191,201,214,80,115,115,135,135,135,235,246,0,34,34,34],"floor_reached":51,"playtime":3733,"items_purged":["Strike_G","Strike_G"],"score":1113,"play_id":"bd46c16e-9e38-4028-9554-c0eefb8a0af4","local_time":"20190116201643","is_ascension_mode":true,"campfire_choices":[{"data":"Noxious Fumes","floor":6.0,"key":"SMITH"},{"data":"Deadly Poison","floor":10.0,"key":"SMITH"},{"data":"Strike_G","floor":12.0,"key":"PURGE"},{"data":"Bouncing Flask","floor":15.0,"key":"SMITH"},{"data":"Tactician","floor":23,"key":"SMITH"},{"data":"Prepared","floor":25,"key":"SMITH"},{"floor":29,"key":"REST"},{"floor":32,"key":"REST"},{"floor":41,"key":"REST"},{"floor":44,"key":"REST"},{"floor":49,"key":"REST"}],"neow_cost":"NONE","seed_source_timestamp":534784367907153,"circlet_count":0,"master_deck":["AscendersBane","Defend_G+1","Defend_G","Defend_G","Defend_G","Defend_G+1","Strike_G","Strike_G","Survivor","Neutralize+1","Corpse Explosion","Prepared+1","Deadly Poison+1","Noxious Fumes+1","Backflip","Adrenaline+1","Bouncing Flask+1","Adrenaline","Well Laid Plans","Dodge and Roll+1","Tactician+1","Reflex","Well Laid Plans+1","PiercingWail","Tactician","Noxious Fumes","Crippling Poison+1","Footwork","Acrobatics+1","Calculated Gamble","Backflip+1","Reflex+1","Prepared+1"],"special_seed":0,"relics":["Ring of the Snake","Potion Belt","Pear","Peace Pipe","Tiny House","Lantern","Dream Catcher","The Specimen","Sozu","Frozen Egg 2","Happy Flower","Tough Bandages","Red Mask","War Paint"],"potions_floor_usage":[16,28,33,38,38,42],"damage_taken":[{"damage":4.0,"enemies":"Jaw Worm","floor":1.0,"turns":5.0},{"damage":0.0,"enemies":"Cultist","floor":4.0,"turns":4.0},{"damage":0.0,"enemies":"Small Slimes","floor":5.0,"turns":7.0},{"damage":20.0,"enemies":"Lagavulin","floor":7.0,"turns":6.0},{"damage":1.0,"enemies":"Exordium Thugs","floor":13.0,"turns":3.0},{"damage":26,"enemies":"Slime Boss","floor":16,"turns":8},{"damage":12,"enemies":"Chosen","floor":18,"turns":4},{"damage":1,"enemies":"Spheric Guardian","floor":21,"turns":3},{"damage":0,"enemies":"Centurion and Healer","floor":22,"turns":4},{"damage":21,"enemies":"Slavers","floor":28,"turns":3},{"damage":4,"enemies":"Cultist and Chosen","floor":30,"turns":4},{"damage":2,"enemies":"Sentry and Sphere","floor":31,"turns":4},{"damage":42,"enemies":"Champ","floor":33,"turns":12},{"damage":19,"enemies":"3 Darklings","floor":35,"turns":4},{"damage":26,"enemies":"Orb Walker","floor":36,"turns":5},{"damage":0,"enemies":"4 Shapes","floor":37,"turns":3},{"damage":19,"enemies":"Transient","floor":38,"turns":5},{"damage":0,"enemies":"Nemesis","floor":40,"turns":7},{"damage":9,"enemies":"Writhing Mass","floor":42,"turns":5},{"damage":23,"enemies":"Mind Bloom Boss Battle","floor":45,"turns":8},{"damage":0,"enemies":"3 Darklings","floor":46,"turns":3},{"damage":28,"enemies":"Reptomancer","floor":48,"turns":6},{"damage":15,"enemies":"Awakened One","floor":50,"turns":11}],"seed_played":"-7960920244580237055","potions_obtained":[{"floor":1.0,"key":"SpeedPotion"},{"floor":4.0,"key":"Energy Potion"},{"floor":16,"key":"FairyPotion"},{"floor":18,"key":"LiquidBronze"},{"floor":30,"key":"EssenceOfSteel"},{"floor":31,"key":"Energy Potion"},{"floor":33,"key":"SkillPotion"}],"is_trial":false,"path_per_floor":["M","?","$","M","M","R","E","$","T","R","?","R","M","?","R","B",null,"M","$","?","M","M","R","?","R","T","$","E","R","M","M","R","B",null,"M","M","M","M","$","E","R","M","T","R","?","M","?","E","R","B",null],"character_chosen":"THE_SILENT","items_purchased":["Deadly Poison","Noxious Fumes","Adrenaline","Lantern","Reflex","Energy Potion","Calculated Gamble"],"campfire_rested":5,"item_purchase_floors":[3,3,8,19,27,27,39],"current_hp_per_floor":[59,59,59,59,59,59,39,39,49,49,49,49,48,48,48,22,71,59,59,43,42,42,42,42,42,42,42,21,48,44,42,69,27,74,55,29,29,10,10,10,37,28,28,55,32,32,32,4,31,16],"gold":34,"neow_bonus":"ONE_RANDOM_RARE_CARD","is_prod":false,"is_daily":false,"chose_seed":false,"campfire_upgraded":5,"win_rate":0,"timestamp":1547637403,"path_taken":["M","?","?","M","M","R","E","$","T","R","?","R","?","?","R","BOSS","M","?","?","M","M","R","?","R","T","?","E","R","M","M","R","BOSS","M","M","M","M","$","E","R","M","T","R","?","M","?","E","R","BOSS"],"build_version":"2019-01-10","purchased_purges":2,"victory":true,"max_hp_per_floor":[70,70,70,70,70,70,70,70,80,80,80,80,80,80,80,80,85,85,85,90,90,90,90,90,90,90,90,90,90,90,90,90,90,90,90,90,90,90,90,90,90,90,90,90,90,90,90,90,90,90],"card_choices":[{"not_picked":["Endless Agony","Dodge and Roll"],"picked":"Prepared","floor":1.0},{"not_picked":["Dodge and Roll","Expertise"],"picked":"Backflip","floor":4.0},{"not_picked":["Deflect","Cloak And Dagger","Quick Slash"],"picked":"SKIP","floor":5.0},{"not_picked":["Dodge and Roll","Dagger Spray","Choke"],"picked":"SKIP","floor":7.0},{"not_picked":["Backflip","Outmaneuver"],"picked":"Bouncing Flask","floor":13.0},{"not_picked":["Die Die Die","Envenom"],"picked":"Adrenaline","floor":16},{"not_picked":["Dagger Throw","Poisoned Stab"],"picked":"Well Laid Plans","floor":17},{"not_picked":["Cloak And Dagger","Underhanded Strike+1","Sucker Punch"],"picked":"SKIP","floor":18},{"not_picked":["Finisher+1","PiercingWail"],"picked":"Dodge and Roll+1","floor":21},{"not_picked":["Dagger Throw","Poisoned Stab+1"],"picked":"Tactician","floor":22},{"not_picked":["Masterful Stab","Backflip","Deflect"],"picked":"SKIP","floor":28},{"not_picked":["Quick Slash","Flying Knee"],"picked":"Well Laid Plans+1","floor":29},{"not_picked":["Bullet Time","Dagger Throw"],"picked":"PiercingWail","floor":30},{"not_picked":["Bane","Endless Agony"],"picked":"Tactician","floor":31},{"not_picked":["Outmaneuver","Slice"],"picked":"Noxious Fumes","floor":32},{"not_picked":["Outmaneuver","Underhanded Strike"],"picked":"Crippling Poison+1","floor":35},{"not_picked":["Predator","Bouncing Flask"],"picked":"Footwork","floor":36},{"not_picked":["Infinite Blades+1","Malaise"],"picked":"Acrobatics+1","floor":37},{"not_picked":["All Out Attack","Underhanded Strike+1","Poisoned Stab"],"picked":"SKIP","floor":38},{"not_picked":["PiercingWail","Well Laid Plans+1","Sucker Punch"],"picked":"SKIP","floor":40},{"not_picked":["Acrobatics","Deflect"],"picked":"Backflip+1","floor":41},{"not_picked":["Bane+1","Dash+1"],"picked":"Reflex+1","floor":42},{"not_picked":["Flying Knee+1","Sucker Punch","Outmaneuver+1"],"picked":"SKIP","floor":46},{"not_picked":["Riddle With Holes","Eviscerate+1","Venomology"],"picked":"SKIP","floor":48},{"not_picked":["Dagger Spray+1","Deflect+1"],"picked":"Prepared+1","floor":49}],"player_experience":383571,"relics_obtained":[{"floor":7.0,"key":"Potion Belt"},{"floor":9.0,"key":"Pear"},{"floor":26,"key":"Dream Catcher"},{"floor":28,"key":"The Specimen"},{"floor":40,"key":"Frozen Egg 2"},{"floor":43,"key":"Happy Flower"},{"floor":45,"key":"Tough Bandages"},{"floor":48,"key":"War Paint"}],"event_choices":[{"damage_healed":0.0,"max_hp_gain":0.0,"max_hp_loss":0.0,"gold_gain":0.0,"event_name":"Upgrade Shrine","player_choice":"Upgraded","floor":2.0,"gold_loss":0.0,"damage_taken":0.0,"cards_upgraded":["Neutralize"]},{"damage_healed":0.0,"max_hp_gain":0.0,"max_hp_loss":0.0,"gold_gain":0.0,"event_name":"WeMeetAgain","player_choice":"Gave Potion","floor":11.0,"gold_loss":0.0,"damage_taken":0.0,"relics_obtained":["Peace Pipe"]},{"damage_healed":0.0,"max_hp_gain":0.0,"max_hp_loss":0.0,"gold_gain":100.0,"event_name":"Golden Shrine","player_choice":"Pray","floor":14.0,"gold_loss":0.0,"damage_taken":0.0},{"damage_healed":0,"gold_gain":0,"player_choice":"Shed Blood","damage_taken":21,"max_hp_gain":5,"max_hp_loss":0,"event_name":"Forgotten Altar","floor":20,"gold_loss":0},{"damage_healed":0,"gold_gain":0,"player_choice":"Ignored","damage_taken":0,"max_hp_gain":0,"max_hp_loss":0,"event_name":"Vampires","floor":24,"gold_loss":0},{"damage_healed":0,"gold_gain":0,"player_choice":"Fight","damage_taken":0,"max_hp_gain":0,"max_hp_loss":0,"event_name":"MindBloom","floor":45,"gold_loss":0},{"damage_healed":0,"gold_gain":0,"player_choice":"Paid","damage_taken":0,"relics_obtained":["Red Mask"],"max_hp_gain":0,"max_hp_loss":0,"event_name":"Tomb of Lord Red Mask","floor":47,"gold_loss":246}],"is_beta":false,"boss_relics":[{"not_picked":["Busted Crown","Lizard Tail"],"picked":"Tiny House"},{"not_picked":["WristBlade","Orrery"],"picked":"Sozu"}],"items_purged_floors":[19,39],"is_endless":false,"potions_floor_spawned":[1,4,16,18,30,31,33,36,38,45,48],"ascension_level":10}