{"gold_per_floor":[119,119,138,153,204,204,261,271,271,271,302,315,315],"floor_reached":13,"playtime":1021,"items_purged":[],"score":162,"play_id":"8bcb7457-d0ef-478f-a7c3-993ec5e10974","local_time":"20190525112455","is_ascension_mode":true,"campfire_choices":[{"floor":6,"key":"REST"},{"floor":10,"key":"REST"}],"neow_cost":"NONE","seed_source_timestamp":183810915669,"circlet_count":0,"master_deck":["AscendersBane","Strike_R","Strike_R","Strike_R","Strike_R","Strike_R","Defend_R","Defend_R","Defend_R","Defend_R+1","Bash","Sentinel+1","Offering","Heavy Blade","Pommel Strike","Warcry","Burning Pact","Dual Wield"],"relics":["Burning Blood","Vajra","Matryoshka","Red Skull","Pantograph","War Paint"],"potions_floor_usage":[],"damage_taken":[{"damage":19,"enemies":"Jaw Worm","floor":1,"turns":4},{"damage":1,"enemies":"Cultist","floor":3,"turns":3},{"damage":9,"enemies":"Small Slimes","floor":4,"turns":4},{"damage":50,"enemies":"3 Sentries","floor":7,"turns":13},{"damage":10,"enemies":"3 Louse","floor":8,"turns":3},{"damage":40,"enemies":"Lagavulin","floor":11,"turns":5},{"damage":6,"enemies":"Looter","floor":12,"turns":2},{"damage":15,"enemies":"Large Slime","floor":13,"turns":2}],"seed_played":"-5812830781304440780","potions_obtained":[{"floor":1,"key":"Ancient Potion"},{"floor":3,"key":"Ancient Potion"}],"is_trial":false,"path_per_floor":["M","?","M","M","?","R","?","M","T","R","E","M","M"],"character_chosen":"IRONCLAD","items_purchased":[],"campfire_rested":2,"item_purchase_floors":[],"current_hp_per_floor":[55,55,60,57,57,75,31,27,27,49,15,15,0],"gold":315,"neow_bonus":"RANDOM_COMMON_RELIC","is_prod":false,"is_daily":false,"chose_seed":false,"campfire_upgraded":0,"win_rate":0,"timestamp":1558772695,"path_taken":["M","?","M","?","?","R","?","M","T","R","E","M","M"],"build_version":"2019-01-23","purchased_purges":0,"victory":false,"max_hp_per_floor":[75,75,75,75,75,75,75,75,75,75,75,75,75],"card_choices":[{"not_picked":["Ghostly Armor","Clothesline"],"picked":"Sentinel","floor":1},{"not_picked":["Twin Strike","Iron Wave"],"picked":"Heavy Blade","floor":3},{"not_picked":["Heavy Blade","Twin Strike"],"picked":"Pommel Strike","floor":4},{"not_picked":["Body Slam","Shockwave"],"picked":"Warcry","floor":8},{"not_picked":["True Grit","Dropkick"],"picked":"Burning Pact","floor":11},{"not_picked":["Iron Wave","Headbutt"],"picked":"Dual Wield","floor":12}],"player_experience":1399564,"relics_obtained":[{"floor":7,"key":"Matryoshka"},{"floor":9,"key":"Red Skull"},{"floor":9,"key":"Pantograph"},{"floor":11,"key":"War Paint"}],"event_choices":[{"damage_healed":0,"gold_gain":0,"player_choice":"1 cards matched","damage_taken":0,"max_hp_gain":0,"max_hp_loss":0,"event_name":"Match and Keep!","floor":2,"gold_loss":0,"cards_obtained":["Offering"]},{"damage_healed":0,"gold_gain":51,"player_choice":"Gained Gold","damage_taken":0,"max_hp_gain":0,"max_hp_loss":0,"event_name":"Golden Wing","floor":5,"gold_loss":0},{"damage_healed":0,"gold_gain":0,"player_choice":"Searched \u00271\u0027 times","damage_taken":0,"max_hp_gain":0,"max_hp_loss":0,"event_name":"Dead Adventurer","floor":7,"gold_loss":0}],"is_beta":false,"boss_relics":[],"items_purged_floors":[],"is_endless":false,"potions_floor_spawned":[1,3,11],"killed_by":"Large Slime","ascension_level":18}