{"gold_per_floor":[117,133,151,166,241,275,275,309,309,324,324,324,324,339,339,438,438,455,465,50,50,50],"floor_reached":22,"playtime":1565,"items_purged":["Strike_B"],"score":297,"play_id":"ccaaa82f-5c03-4ca9-a79d-eda617ab0f76","local_time":"20190501212539","is_ascension_mode":true,"campfire_choices":[{"data":"Barrage","floor":7,"key":"SMITH"},{"floor":11,"key":"REST"},{"floor":13,"key":"REST"},{"data":"Loop","floor":15,"key":"SMITH"}],"neow_cost":"NONE","seed_source_timestamp":436807019458725,"circlet_count":0,"master_deck":["AscendersBane","Strike_B","Strike_B","Strike_B","Defend_B","Defend_B","Defend_B","Defend_B","Zap","Dualcast","Electrodynamics","Turbo","Coolheaded","Ball Lightning","Barrage+1","Loop+1","Conserve Battery","Core Surge","Ball Lightning","Steam"],"relics":["Cracked Core","Pear","Blue Candle","Regal Pillow","Nuclear Battery","Calipers"],"potions_floor_usage":[19,21,21],"damage_taken":[{"damage":2,"enemies":"Jaw Worm","floor":1,"turns":3},{"damage":1,"enemies":"Cultist","floor":2,"turns":3},{"damage":0,"enemies":"Small Slimes","floor":3,"turns":3},{"damage":1,"enemies":"2 Fungi Beasts","floor":4,"turns":3},{"damage":16,"enemies":"3 Sentries","floor":6,"turns":5},{"damage":37,"enemies":"Lagavulin","floor":8,"turns":6},{"damage":6,"enemies":"Exordium Thugs","floor":10,"turns":3},{"damage":11,"enemies":"Red Slaver","floor":14,"turns":5},{"damage":63,"enemies":"Hexaghost","floor":16,"turns":11},{"damage":31,"enemies":"Shell Parasite","floor":18,"turns":8},{"damage":27,"enemies":"2 Thieves","floor":19,"turns":3},{"damage":4,"enemies":"Shelled Parasite and Fungi","floor":21,"turns":2},{"damage":6,"enemies":"Snecko","floor":22,"turns":2}],"seed_played":"-8802974966157465127","potions_obtained":[{"floor":2,"key":"Fire Potion"},{"floor":4,"key":"FearPotion"},{"floor":8,"key":"FairyPotion"},{"floor":10,"key":"SmokeBomb"},{"floor":18,"key":"FocusPotion"},{"floor":19,"key":"EssenceOfSteel"}],"is_trial":false,"path_per_floor":["M","M","M","M","?","E","R","E","T","M","R","?","R","M","R","B",null,"M","M","$","M","M"],"character_chosen":"DEFECT","items_purchased":["Calipers","Steam"],"campfire_rested":2,"item_purchase_floors":[20,20],"current_hp_per_floor":[66,65,65,64,57,51,51,14,14,8,33,33,73,62,62,8,66,35,8,8,4,0],"gold":50,"neow_bonus":"ONE_RANDOM_RARE_CARD","is_prod":false,"is_daily":false,"chose_seed":false,"campfire_upgraded":2,"win_rate":0,"timestamp":1556738739,"path_taken":["M","M","M","M","?","E","R","E","T","?","R","?","R","M","R","BOSS","M","M","$","M","?"],"build_version":"2019-01-23","purchased_purges":1,"victory":false,"max_hp_per_floor":[75,75,75,75,75,85,85,85,85,85,85,85,85,85,85,85,85,85,85,85,85,85],"card_choices":[{"not_picked":["Double Energy","Redo"],"picked":"Turbo","floor":1},{"not_picked":["Darkness","Redo"],"picked":"Coolheaded","floor":2},{"not_picked":["Recycle","Gash","Redo"],"picked":"SKIP","floor":3},{"not_picked":["Hologram","Compile Driver"],"picked":"Ball Lightning","floor":4},{"not_picked":["Stack","Barrage","Streamline"],"picked":"SKIP","floor":6},{"not_picked":["Stack","Streamline"],"picked":"Barrage","floor":6},{"not_picked":["Barrage","Gash","Cold Snap"],"picked":"SKIP","floor":8},{"not_picked":["All For One","Stack"],"picked":"Loop","floor":10},{"not_picked":["Tempest","Steam"],"picked":"Conserve Battery","floor":14},{"not_picked":["Meteor Strike","Creative AI"],"picked":"Core Surge","floor":16},{"not_picked":["Doom and Gloom","Reprogram+1"],"picked":"Ball Lightning","floor":18},{"not_picked":["Chaos","Turbo","Consume"],"picked":"SKIP","floor":19}],"player_experience":520551,"relics_obtained":[{"floor":6,"key":"Pear"},{"floor":8,"key":"Blue Candle"}],"event_choices":[{"damage_healed":0,"gold_gain":75,"player_choice":"Touch","damage_taken":7,"max_hp_gain":0,"max_hp_loss":0,"event_name":"FaceTrader","floor":5,"gold_loss":0},{"damage_healed":0,"gold_gain":0,"player_choice":"Gave Potion","damage_taken":0,"relics_obtained":["Regal Pillow"],"max_hp_gain":0,"max_hp_loss":0,"event_name":"WeMeetAgain","floor":12,"gold_loss":0}],"is_beta":false,"boss_relics":[{"not_picked":["Calling Bell","Cursed Key"],"picked":"Nuclear Battery"}],"items_purged_floors":[20],"is_endless":false,"potions_floor_spawned":[2,4,8,10,18,19],"killed_by":"Snecko","ascension_level":10}