{"gold_per_floor":[110,128,128,143,156,156,186,186,213,228,241,316,346,364,364,435,435,452,377,24,36,36,36,50,50,97,97,113,72,105,121,121,193,193,206,206,217,217,142,142,170,170,216,246,258,258,283,298,298,298,298,298,33,63,63],"floor_reached":56,"playtime":4515,"items_purged":["Defend_B"],"score":2160,"play_id":"6da3a8a9-2349-4c2e-b62e-7ae053cce13c","local_time":"20190407184151","is_ascension_mode":true,"campfire_choices":[{"data":"Beam Cell","floor":6.0,"key":"SMITH"},{"data":"Zap","floor":8.0,"key":"SMITH"},{"floor":15.0,"key":"REST"},{"data":"Self Repair","floor":23.0,"key":"SMITH"},{"data":"Hologram","floor":25.0,"key":"SMITH"},{"data":"Hologram","floor":27.0,"key":"SMITH"},{"data":"Heatsinks","floor":32.0,"key":"SMITH"},{"data":"Madness","floor":40.0,"key":"SMITH"},{"data":"Madness","floor":42,"key":"SMITH"},{"floor":49,"key":"RECALL"},{"data":"Aggregate","floor":52,"key":"SMITH"}],"neow_cost":"PERCENT_DAMAGE","seed_source_timestamp":3343790678067545,"circlet_count":0,"master_deck":["AscendersBane","Defend_B","Zap+1","Dualcast","Aggregate+1","Beam Cell+1","Hologram+1","Reinforced Body","White Noise+1","Thunder Strike","Sunder","Streamline","Electrodynamics","BootSequence","Steam","Hologram+1","Go for the Eyes","White Noise","Creative AI","Streamline+1","Blizzard+1","Amplify+1","Storm","Genetic Algorithm","Buffer","Reinforced Body","Self Repair+1","Hologram+1","Meteor Strike","Capacitor","Defragment","Hologram","Heatsinks+1","Hologram+1","Machine Learning","Heatsinks","Core Surge","Madness+1","Madness+1","Compile Driver+1","Meteor Strike+1","Chaos+1","Loop+1","Echo Form"],"special_seed":0,"relics":["Cracked Core","Prayer Wheel","Centennial Puzzle","War Paint","Astrolabe","Mummified Hand","Orichalcum","Mango","Inserter","Dodecahedron","Bottled Tornado","Juzu Bracelet","Molten Egg 2","Symbiotic Virus","OrangePellets","DataDisk"],"potions_floor_usage":[47,54,55,55],"damage_taken":[{"damage":2.0,"enemies":"Jaw Worm","floor":1.0,"turns":4.0},{"damage":0.0,"enemies":"Cultist","floor":2.0,"turns":3.0},{"damage":2.0,"enemies":"2 Louse","floor":4.0,"turns":3.0},{"damage":0.0,"enemies":"Large Slime","floor":5.0,"turns":3.0},{"damage":9.0,"enemies":"Gremlin Nob","floor":7.0,"turns":3.0},{"damage":15.0,"enemies":"Gremlin Gang","floor":10.0,"turns":4.0},{"damage":0.0,"enemies":"3 Louse","floor":11.0,"turns":2.0},{"damage":3.0,"enemies":"Lagavulin","floor":13.0,"turns":5.0},{"damage":0.0,"enemies":"Red Slaver","floor":14.0,"turns":3.0},{"damage":12.0,"enemies":"Slime Boss","floor":16.0,"turns":9.0},{"damage":26.0,"enemies":"2 Thieves","floor":18.0,"turns":4.0},{"damage":28.0,"enemies":"Chosen","floor":21.0,"turns":5.0},{"damage":7.0,"enemies":"Snake Plant","floor":24.0,"turns":3.0},{"damage":32.0,"enemies":"Shelled Parasite and Fungi","floor":28.0,"turns":7.0},{"damage":5.0,"enemies":"Book of Stabbing","floor":30.0,"turns":3.0},{"damage":2.0,"enemies":"Snecko","floor":31.0,"turns":3.0},{"damage":28.0,"enemies":"Champ","floor":33.0,"turns":10.0},{"damage":13.0,"enemies":"3 Darklings","floor":35.0,"turns":3.0},{"damage":0.0,"enemies":"3 Shapes","floor":37.0,"turns":5.0},{"damage":3,"enemies":"Giant Head","floor":41,"turns":3},{"damage":30,"enemies":"Nemesis","floor":44,"turns":5},{"damage":4,"enemies":"Transient","floor":45,"turns":6},{"damage":1,"enemies":"Reptomancer","floor":47,"turns":4},{"damage":3,"enemies":"Sphere and 2 Shapes","floor":48,"turns":2},{"damage":16,"enemies":"Donu and Deca","floor":50,"turns":3},{"damage":0,"enemies":"Shield and Spear","floor":54,"turns":1},{"damage":49,"enemies":"The Heart","floor":55,"turns":5}],"seed_played":"-8380654913929947249","potions_obtained":[{"floor":1.0,"key":"Fire Potion"},{"floor":4.0,"key":"Swift Potion"},{"floor":11.0,"key":"Strength Potion"},{"floor":14.0,"key":"Regen Potion"},{"floor":18.0,"key":"Fire Potion"},{"floor":22.0,"key":"Fruit Juice"},{"floor":22.0,"key":"Dexterity Potion"},{"floor":24.0,"key":"FocusPotion"},{"floor":28.0,"key":"GamblersBrew"},{"floor":33.0,"key":"SneckoOil"},{"floor":45,"key":"SkillPotion"},{"floor":47,"key":"FocusPotion"},{"floor":48,"key":"AttackPotion"},{"floor":54,"key":"LiquidBronze"}],"is_trial":false,"path_per_floor":["M","M","?","M","M","R","E","R","T","M","M","?","E","M","R","B",null,"M","?","$","M","?","R","M","R","T","R","M","$","E","M","R","B",null,"M","T","M","?","$","R","E","R","T","E","M","?","E","M","R","B",null,"R","$","E","B",null],"character_chosen":"DEFECT","items_purchased":["Mummified Hand","Self Repair","Heatsinks","OrangePellets","Swift Potion"],"campfire_rested":1,"item_purchase_floors":[20,20,29,53,53],"current_hp_per_floor":[44,44,44,42,42,42,33,33,33,18,18,7,4,4,25,28,60,34,34,34,20,25,25,38,38,38,38,16,16,45,53,53,35,76,73,73,73,57,57,57,64,64,64,44,50,50,69,86,86,90,90,90,90,90,51],"gold":63,"neow_bonus":"ONE_RARE_RELIC","is_prod":false,"is_daily":false,"chose_seed":false,"campfire_upgraded":9,"win_rate":0,"timestamp":1554630111,"path_taken":["M","M","?","M","M","R","E","R","T","M","?","?","E","M","R","BOSS","M","?","$","?","?","R","M","R","T","R","M","$","E","M","R","BOSS","M","?","M","?","$","R","E","R","T","E","M","?","E","M","R","BOSS","R","$","E","BOSS"],"build_version":"2019-04-04","purchased_purges":1,"victory":true,"max_hp_per_floor":[71,71,71,71,71,71,71,71,71,71,71,71,71,71,71,71,71,71,71,71,71,76,76,76,76,76,76,76,76,90,90,90,90,90,90,90,90,90,90,90,90,90,90,90,90,90,90,90,90,90,90,90,90,90,90],"card_choices":[{"not_picked":["Stack","Redo"],"picked":"Aggregate","floor":1.0},{"not_picked":["Coolheaded","Storm"],"picked":"Beam Cell","floor":1.0},{"not_picked":["Hello World","Steam"],"picked":"Hologram","floor":2.0},{"not_picked":["FTL","Consume"],"picked":"Reinforced Body","floor":2.0},{"not_picked":["Streamline","Redo"],"picked":"White Noise","floor":4.0},{"not_picked":["Ball Lightning","Stack"],"picked":"Thunder Strike","floor":4.0},{"not_picked":["Rebound","Reprogram"],"picked":"Sunder","floor":5.0},{"not_picked":["Consume","Rebound"],"picked":"Streamline","floor":5.0},{"not_picked":["Aggregate","Fusion"],"picked":"Electrodynamics","floor":7.0},{"not_picked":["Coolheaded","Tempest"],"picked":"BootSequence","floor":10.0},{"not_picked":["Stack","Gash","Rip and Tear"],"picked":"SKIP","floor":10.0},{"not_picked":["Stack","Gash","Rip and Tear"],"picked":"SKIP","floor":10.0},{"not_picked":["Heatsinks","Gash"],"picked":"Steam","floor":11.0},{"not_picked":["Redo","Coolheaded"],"picked":"Hologram","floor":11.0},{"not_picked":["Redo","Scrape"],"picked":"Go for the Eyes","floor":13.0},{"not_picked":["Cold Snap","Leap"],"picked":"White Noise","floor":14.0},{"not_picked":["Go for the Eyes","Streamline","Heatsinks"],"picked":"SKIP","floor":14.0},{"not_picked":["Core Surge","Reboot"],"picked":"Creative AI","floor":16.0},{"not_picked":["Steam","Cold Snap"],"picked":"Storm","floor":18.0},{"not_picked":["Redo","Coolheaded"],"picked":"Genetic Algorithm","floor":18.0},{"not_picked":["Leap","Doom and Gloom"],"picked":"Hologram","floor":21.0},{"not_picked":["Gash+1","Stack","Blizzard"],"picked":"SKIP","floor":21.0},{"not_picked":["Beam Cell+1","Consume"],"picked":"Meteor Strike","floor":24.0},{"not_picked":["Go for the Eyes","Beam Cell"],"picked":"Capacitor","floor":24.0},{"not_picked":["Coolheaded","Barrage"],"picked":"Defragment","floor":28.0},{"not_picked":["Compile Driver+1","Sunder"],"picked":"Hologram","floor":28.0},{"not_picked":["Leap","Redo"],"picked":"Hologram+1","floor":30.0},{"not_picked":["Auto Shields","Compile Driver","Rebound"],"picked":"SKIP","floor":31.0},{"not_picked":["Compile Driver","Electrodynamics","Rebound"],"picked":"SKIP","floor":31.0},{"not_picked":["Amplify","Multi-Cast"],"picked":"Machine Learning","floor":33.0},{"not_picked":["Streamline+1","Beam Cell","Ball Lightning"],"picked":"SKIP","floor":35.0},{"not_picked":["Turbo","Leap","Sweeping Beam"],"picked":"SKIP","floor":35.0},{"not_picked":["Beam Cell","Force Field"],"picked":"Heatsinks","floor":37.0},{"not_picked":["Go for the Eyes","Rebound+1"],"picked":"Core Surge","floor":37.0},{"not_picked":["Gash","Steam Power","Blizzard"],"picked":"SKIP","floor":41},{"not_picked":["Rip and Tear","Streamline+1"],"picked":"Compile Driver","floor":44},{"not_picked":["Tempest","Leap"],"picked":"Meteor Strike+1","floor":45},{"not_picked":["Compile Driver+1","Consume+1"],"picked":"Chaos+1","floor":45},{"not_picked":["Redo","Gash+1"],"picked":"Loop+1","floor":47},{"not_picked":["Genetic Algorithm","Loop"],"picked":"Echo Form","floor":48},{"not_picked":["Cold Snap+1","Go for the Eyes+1","Ball Lightning+1"],"picked":"SKIP","floor":48},{"not_picked":["Undo","Chaos","Beam Cell+1"],"picked":"SKIP","floor":54}],"player_experience":2835824,"relics_obtained":[{"floor":7.0,"key":"Centennial Puzzle"},{"floor":13.0,"key":"War Paint"},{"floor":26.0,"key":"Orichalcum"},{"floor":30.0,"key":"Mango"},{"floor":36.0,"key":"Dodecahedron"},{"floor":41,"key":"Bottled Tornado"},{"floor":43,"key":"Juzu Bracelet"},{"floor":44,"key":"Molten Egg 2"},{"floor":47,"key":"Symbiotic Virus"},{"floor":54,"key":"DataDisk"}],"event_choices":[{"cards_removed":["Strike_B"],"damage_healed":0.0,"max_hp_gain":0.0,"max_hp_loss":0.0,"gold_gain":0.0,"event_name":"Purifier","player_choice":"Purged","floor":3.0,"gold_loss":0.0,"damage_taken":0.0},{"damage_healed":0.0,"max_hp_gain":0.0,"max_hp_loss":0.0,"gold_gain":75.0,"event_name":"World of Goop","player_choice":"Gather Gold","floor":12.0,"gold_loss":0.0,"damage_taken":11.0},{"damage_healed":0.0,"max_hp_gain":0.0,"max_hp_loss":0.0,"gold_gain":0.0,"cards_transformed":["Defend_B","Defend_B"],"event_name":"Designer","player_choice":"Transformed Cards","floor":19.0,"gold_loss":75.0,"damage_taken":0.0,"cards_obtained":["Buffer","Reinforced Body"]},{"damage_healed":0.0,"max_hp_gain":0.0,"max_hp_loss":0.0,"gold_gain":0.0,"event_name":"Lab","player_choice":"Got Potions","floor":22.0,"gold_loss":0.0,"damage_taken":0.0},{"damage_healed":0.0,"max_hp_gain":0.0,"max_hp_loss":0.0,"gold_gain":0.0,"event_name":"Winding Halls","player_choice":"Embrace Madness","floor":38.0,"gold_loss":0.0,"damage_taken":16.0,"cards_obtained":["Madness","Madness"]},{"damage_healed":0,"gold_gain":0,"player_choice":"Ignored","damage_taken":0,"max_hp_gain":0,"max_hp_loss":0,"event_name":"Tomb of Lord Red Mask","floor":46,"gold_loss":0}],"is_beta":true,"boss_relics":[{"not_picked":["Velvet Choker","Eternal Feather"],"picked":"Astrolabe"},{"not_picked":["Coffee Dripper","Empty Cage"],"picked":"Inserter"}],"items_purged_floors":[39],"is_endless":false,"potions_floor_spawned":[1,4,11,14,18,24,28,33,45,47,48,54],"ascension_level":17}