{"gold_per_floor":[112,131,131,46,61,61,61,92,92,92],"floor_reached":10,"playtime":343,"items_purged":[],"score":122,"play_id":"df99b7fe-9ac9-415f-9b1a-215ef4084d97","local_time":"20190501134502","is_ascension_mode":true,"campfire_choices":[{"floor":6,"key":"REST"}],"neow_cost":"PERCENT_DAMAGE","seed_source_timestamp":421165532923929,"circlet_count":0,"master_deck":["AscendersBane","Strike_B","Strike_B","Strike_B","Strike_B","Defend_B","Defend_B+1","Defend_B","Defend_B","Zap","Dualcast","Cold Snap","Leap+1","Leap","Creative AI"],"relics":["Cracked Core","Dead Branch","Question Card","Letter Opener"],"potions_floor_usage":[5,8],"damage_taken":[{"damage":9,"enemies":"Jaw Worm","floor":1,"turns":3},{"damage":9,"enemies":"2 Louse","floor":2,"turns":2},{"damage":3,"enemies":"Small Slimes","floor":5,"turns":7},{"damage":38,"enemies":"Lagavulin","floor":8,"turns":13},{"damage":12,"enemies":"Exordium Wildlife","floor":10,"turns":1}],"seed_played":"-6208201701033861443","potions_obtained":[{"floor":2,"key":"Strength Potion"}],"is_trial":false,"path_per_floor":["M","M","?","$","M","R","?","E","T","M"],"character_chosen":"DEFECT","items_purchased":["Regen Potion"],"campfire_rested":1,"item_purchase_floors":[4],"current_hp_per_floor":[37,28,7,7,19,40,40,2,2,0],"gold":92,"neow_bonus":"ONE_RARE_RELIC","is_prod":false,"is_daily":false,"chose_seed":false,"campfire_upgraded":0,"win_rate":0,"timestamp":1556685902,"path_taken":["M","M","?","$","M","R","?","E","T","M"],"build_version":"2019-04-23","purchased_purges":0,"victory":false,"max_hp_per_floor":[71,71,71,71,71,71,71,71,71,71],"card_choices":[{"not_picked":["Leap","Steam"],"picked":"Cold Snap","floor":1},{"not_picked":["Rebound","Redo"],"picked":"Leap","floor":2},{"not_picked":["Force Field","Sweeping Beam"],"picked":"Leap","floor":5},{"not_picked":["Sweeping Beam","Ball Lightning"],"picked":"Creative AI","floor":8}],"player_experience":3131589,"relics_obtained":[{"floor":8,"key":"Question Card"},{"floor":9,"key":"Letter Opener"}],"event_choices":[{"damage_healed":0,"gold_gain":0,"player_choice":"Entered Light","damage_taken":21,"max_hp_gain":0,"max_hp_loss":0,"event_name":"Shining Light","floor":3,"gold_loss":0,"cards_upgraded":["Leap","Defend_B"]},{"damage_healed":0,"gold_gain":0,"player_choice":"Ignored","damage_taken":0,"max_hp_gain":0,"max_hp_loss":0,"event_name":"Liars Game","floor":7,"gold_loss":0}],"is_beta":true,"boss_relics":[],"items_purged_floors":[],"is_endless":false,"potions_floor_spawned":[2],"killed_by":"Exordium Wildlife","ascension_level":17}