{"gold_per_floor":[119,119,135,146,71,71,100,100,100,114,39,39,50,70,70,148,148,160,160,212,212,126,126,141,141,190,215,215,233,233,150,150,223,223,234,1233,881,881,893,893,893,893,943,943,958,958,1010,292,292,292,292,292,292,1,30,30],"floor_reached":56,"playtime":3434,"items_purged":["Strike_B","Normality","Normality"],"score":1693,"play_id":"d376e931-5485-41ec-9472-bc69ccdca1ce","local_time":"20190102184615","is_ascension_mode":true,"campfire_choices":[{"data":"Static Discharge","floor":6.0,"key":"SMITH"},{"data":"Zap","floor":8.0,"key":"SMITH"},{"floor":12.0,"key":"REST"},{"data":"Defragment","floor":15.0,"key":"SMITH"},{"data":"Defragment","floor":23.0,"key":"SMITH"},{"data":"Buffer","floor":25.0,"key":"SMITH"},{"data":"Go for the Eyes","floor":30.0,"key":"SMITH"},{"data":"Defragment","floor":32.0,"key":"SMITH"},{"floor":40.0,"key":"RECALL"},{"data":"Static Discharge","floor":41.0,"key":"SMITH"},{"data":"Cold Snap","floor":42.0,"key":"SMITH"},{"data":"Rip and Tear","floor":44.0,"key":"SMITH"},{"data":"Ball Lightning","floor":46.0,"key":"SMITH"},{"floor":49.0,"key":"REST"},{"data":"Heatsinks","floor":53.0,"key":"SMITH"}],"neow_cost":"NONE","seed_source_timestamp":0,"circlet_count":0,"master_deck":["AscendersBane","Defend_B+1","Defend_B+1","Defend_B+1","Defend_B+1","Zap+1","Dualcast","Static Discharge+1","Undo+1","Conserve Battery","Ball Lightning+1","Static Discharge+1","Self Repair","Defragment+1","Buffer+1","Defragment+1","Go for the Eyes+1","Defragment+1","Cold Snap+1","Glacier+1","Rip and Tear+1","White Noise+1","Glacier+1","Heatsinks+1","Static Discharge","Conserve Battery+1"],"special_seed":0,"relics":["Cracked Core","NeowsBlessing","WingedGreaves","Torii","Busted Crown","Dream Catcher","DataDisk","Snecko Eye","War Paint","Ancient Tea Set","Bird Faced Urn","DollysMirror","Du-Vu Doll","OrangePellets","Bag of Marbles"],"potions_floor_usage":[],"damage_taken":[{"damage":0.0,"enemies":"Small Slimes","floor":1.0,"turns":1.0},{"damage":0.0,"enemies":"Cultist","floor":3.0,"turns":1.0},{"damage":0.0,"enemies":"2 Louse","floor":4.0,"turns":1.0},{"damage":27.0,"enemies":"Lagavulin","floor":7.0,"turns":7.0},{"damage":10.0,"enemies":"Exordium Wildlife","floor":10.0,"turns":4.0},{"damage":1.0,"enemies":"3 Louse","floor":13.0,"turns":3.0},{"damage":0.0,"enemies":"2 Fungi Beasts","floor":14.0,"turns":4.0},{"damage":31.0,"enemies":"The Guardian","floor":16.0,"turns":8.0},{"damage":9.0,"enemies":"Shell Parasite","floor":18.0,"turns":4.0},{"damage":7.0,"enemies":"2 Thieves","floor":24.0,"turns":5.0},{"damage":35.0,"enemies":"Gremlin Leader","floor":27.0,"turns":5.0},{"damage":1.0,"enemies":"Centurion and Healer","floor":29.0,"turns":6.0},{"damage":56.0,"enemies":"Collector","floor":33.0,"turns":9.0},{"damage":13.0,"enemies":"3 Darklings","floor":35.0,"turns":5.0},{"damage":6.0,"enemies":"Orb Walker","floor":39.0,"turns":6.0},{"damage":0.0,"enemies":"Sphere and 2 Shapes","floor":45.0,"turns":11.0},{"damage":45.0,"enemies":"2 Orb Walkers","floor":47.0,"turns":6.0},{"damage":19.0,"enemies":"Donu and Deca","floor":50.0,"turns":25.0},{"damage":28.0,"enemies":"Time Eater","floor":51.0,"turns":19.0},{"damage":62.0,"enemies":"Shield and Spear","floor":55.0,"turns":8.0},{"damage":64,"enemies":"The Heart","floor":56,"turns":3}],"seed_played":"1158506190311969522","potions_obtained":[{"floor":1.0,"key":"Fire Potion"},{"floor":3.0,"key":"SkillPotion"},{"floor":13.0,"key":"FearPotion"},{"floor":14.0,"key":"FocusPotion"},{"floor":24.0,"key":"SpeedPotion"},{"floor":29.0,"key":"EssenceOfSteel"},{"floor":33.0,"key":"Explosive Potion"},{"floor":39.0,"key":"SpeedPotion"},{"floor":47.0,"key":"EssenceOfSteel"}],"is_trial":false,"path_per_floor":["M","?","M","M","?","R","E","R","T","M","$","R","M","M","R","B",null,"M","?","T","?","$","R","M","R","T","E","?","M","R","$","R","B",null,"M","?","$","?","M","R","R","R","T","R","M","R","?","$","R","B","B",null,"R","$","E","B"],"character_chosen":"DEFECT","items_purchased":["Defragment","Defragment","Glacier","War Paint","DollysMirror","Heatsinks","Du-Vu Doll","OrangePellets","Static Discharge"],"campfire_rested":2,"item_purchase_floors":[22,31,37,37,48,48,48,54,54],"current_hp_per_floor":[64,64,64,64,64,64,37,37,37,27,27,48,47,54,54,30,61,59,59,59,59,59,59,59,59,59,24,71,71,71,71,71,22,59,53,53,53,53,54,54,54,54,54,54,61,61,16,16,37,43,40,63,63,63,34,0],"gold":30,"neow_bonus":"THREE_ENEMY_KILL","is_prod":false,"is_daily":false,"chose_seed":false,"campfire_upgraded":12,"win_rate":0,"timestamp":1546422375,"path_taken":["M","?","M","?","?","R","E","R","T","M","$","R","M","M","R","BOSS","M","?","?","?","$","R","?","R","T","E","?","M","R","?","R","BOSS","M","?","$","?","?","R","R","R","T","R","M","R","?","$","R","BOSS","BOSS","R","$","E","BOSS"],"build_version":"2019-01-01v2","purchased_purges":3,"victory":false,"max_hp_per_floor":[71,71,71,71,71,71,71,71,71,71,71,71,71,71,71,71,71,71,71,71,71,71,71,71,71,71,71,71,71,71,71,71,71,71,71,71,71,71,71,71,71,71,71,71,71,71,71,71,71,71,71,71,71,71,71,71],"card_choices":[{"not_picked":["Reinforced Body","Leap"],"picked":"Static Discharge","floor":1.0},{"not_picked":["Streamline","Storm"],"picked":"Undo","floor":3.0},{"not_picked":["Reprogram","Darkness"],"picked":"Conserve Battery","floor":4.0},{"not_picked":["Conserve Battery","Rip and Tear"],"picked":"Ball Lightning","floor":7.0},{"not_picked":["Go for the Eyes","Rebound"],"picked":"Static Discharge","floor":10.0},{"not_picked":["Barrage","Glacier"],"picked":"Self Repair","floor":13.0},{"not_picked":["Coolheaded","Genetic Algorithm"],"picked":"Defragment","floor":14.0},{"not_picked":["Meteor Strike","Fission"],"picked":"Buffer","floor":16.0},{"not_picked":["Sweeping Beam"],"picked":"SKIP","floor":18.0},{"not_picked":[],"picked":"Chill","floor":24.0},{"not_picked":[],"picked":"Go for the Eyes","floor":27.0},{"not_picked":["Beam Cell"],"picked":"SKIP","floor":29.0},{"not_picked":[],"picked":"Cold Snap","floor":35.0},{"not_picked":["Stack+1"],"picked":"SKIP","floor":39.0},{"not_picked":["Beam Cell+1"],"picked":"SKIP","floor":45.0},{"not_picked":[],"picked":"White Noise+1","floor":47.0},{"not_picked":[],"picked":"Conserve Battery+1","floor":55.0}],"player_experience":2610244,"relics_obtained":[{"floor":7.0,"key":"WingedGreaves"},{"floor":9.0,"key":"Torii"},{"floor":20.0,"key":"Dream Catcher"},{"floor":27.0,"key":"DataDisk"},{"floor":43.0,"key":"Ancient Tea Set"},{"floor":47.0,"key":"Bird Faced Urn"},{"floor":55.0,"key":"Bag of Marbles"}],"event_choices":[{"cards_removed":["Strike_B"],"damage_healed":0.0,"max_hp_gain":0.0,"max_hp_loss":0.0,"gold_gain":0.0,"event_name":"Wheel of Change","player_choice":"Card Removal","floor":2.0,"gold_loss":0.0,"damage_taken":0.0},{"cards_removed":["Strike_B"],"damage_healed":0.0,"max_hp_gain":0.0,"max_hp_loss":0.0,"gold_gain":0.0,"event_name":"The Cleric","player_choice":"Card Removal","floor":5.0,"gold_loss":75.0,"damage_taken":0.0},{"damage_healed":0.0,"max_hp_gain":0.0,"max_hp_loss":0.0,"gold_gain":0.0,"event_name":"Cursed Tome","player_choice":"Ignored","floor":19.0,"gold_loss":0.0,"damage_taken":0.0},{"damage_healed":0.0,"max_hp_gain":0.0,"max_hp_loss":0.0,"gold_gain":0.0,"event_name":"Back to Basics","player_choice":"Simplicity","floor":21.0,"gold_loss":0.0,"damage_taken":0.0,"cards_upgraded":["Strike_B","Defend_B","Defend_B","Defend_B","Defend_B"]},{"cards_removed":["Chill"],"damage_healed":47.0,"max_hp_gain":0.0,"max_hp_loss":0.0,"gold_gain":0.0,"event_name":"Bonfire Elementals","player_choice":"Offered Uncommon","floor":28.0,"gold_loss":0.0,"damage_taken":0.0},{"damage_healed":0.0,"max_hp_gain":0.0,"max_hp_loss":0.0,"gold_gain":999.0,"event_name":"MindBloom","player_choice":"Gold","floor":36.0,"gold_loss":0.0,"damage_taken":0.0,"cards_obtained":["Normality","Normality"]},{"damage_healed":0.0,"max_hp_gain":0.0,"max_hp_loss":0.0,"gold_gain":0.0,"cards_transformed":["Strike_B"],"event_name":"Transmorgrifier","player_choice":"Transformed","floor":38.0,"gold_loss":0.0,"damage_taken":0.0,"cards_obtained":["Rip and Tear"]},{"damage_healed":0.0,"max_hp_gain":0.0,"max_hp_loss":0.0,"gold_gain":0.0,"event_name":"Mysterious Sphere","player_choice":"Fight","floor":47.0,"gold_loss":0.0,"damage_taken":0.0}],"is_beta":true,"boss_relics":[{"not_picked":["Velvet Choker","White Beast Statue"],"picked":"Busted Crown"},{"not_picked":["Black Star","FrozenCore"],"picked":"Snecko Eye"}],"items_purged_floors":[11,37,48],"is_endless":false,"potions_floor_spawned":[1,3,13,14,24,29,33,39,47],"killed_by":"The Heart","ascension_level":20}