{"gold_per_floor":[117,135,150,250,97,97,57,90,120,120,134,149,149,176,176,249,249,267,267,285,295,15,46,46,46,46,61,7,41,41,14,14,91,91,111,0,0,11,11,11,42,66,92,109,129,144,161,190,190,190],"floor_reached":51,"playtime":2857,"items_purged":["Strike_G","Strike_G","Strike_G"],"score":1596,"play_id":"ee6b9fae-5f42-46d4-9bac-c01304e07dbf","local_time":"20190216125513","is_ascension_mode":true,"campfire_choices":[{"data":"Distraction","floor":6.0,"key":"SMITH"},{"floor":10.0,"key":"REST"},{"data":"Neutralize","floor":13.0,"key":"SMITH"},{"data":"Deadly Poison","floor":15.0,"key":"SMITH"},{"floor":24,"key":"REST"},{"floor":30,"key":"RECALL"},{"floor":32,"key":"REST"},{"floor":40,"key":"REST"},{"floor":49,"key":"REST"}],"neow_cost":"NONE","seed_source_timestamp":12928757084739,"circlet_count":0,"master_deck":["AscendersBane","Defend_G","Defend_G","Defend_G","Defend_G","Defend_G","Strike_G","Strike_G","Survivor","Neutralize+1","Poisoned Stab","Distraction+1","Flying Knee","Footwork","Footwork","After Image+1","Deflect","Deadly Poison+1","Adrenaline","Noxious Fumes+1","Noxious Fumes+1","Acrobatics+1","Catalyst","Footwork+1","Dodge and Roll","Footwork+1","Caltrops+1","Dodge and Roll","Tools of the Trade+1","Escape Plan","Panacea","Tactician","Dodge and Roll+1","Concentrate+1","Malaise","Prepared+1"],"special_seed":0,"relics":["Ring of the Snake","Bag of Marbles","Frozen Egg 2","Tiny Chest","Happy Flower","Fusion Hammer","Pocketwatch","Membership Card","Blood Vial","Calipers","Singing Bowl","Shuriken","Runic Pyramid","Thread and Needle","Bronze Scales","Anchor","Orichalcum","Lantern"],"potions_floor_usage":[23,33,38,47,50,50],"damage_taken":[{"damage":2.0,"enemies":"Jaw Worm","floor":1.0,"turns":4.0},{"damage":0.0,"enemies":"Cultist","floor":2.0,"turns":3.0},{"damage":7.0,"enemies":"Small Slimes","floor":3.0,"turns":4.0},{"damage":26.0,"enemies":"3 Sentries","floor":8.0,"turns":13.0},{"damage":3.0,"enemies":"Blue Slaver","floor":11.0,"turns":4.0},{"damage":11.0,"enemies":"Exordium Thugs","floor":12.0,"turns":8.0},{"damage":7.0,"enemies":"Hexaghost","floor":16.0,"turns":9.0},{"damage":1,"enemies":"2 Thieves","floor":18,"turns":5},{"damage":0,"enemies":"Shell Parasite","floor":20,"turns":6},{"damage":3,"enemies":"Centurion and Healer","floor":21,"turns":7},{"damage":11,"enemies":"Slavers","floor":23,"turns":6},{"damage":3,"enemies":"Snake Plant","floor":27,"turns":5},{"damage":0,"enemies":"Gremlin Leader","floor":29,"turns":9},{"damage":2,"enemies":"Automaton","floor":33,"turns":11},{"damage":19,"enemies":"3 Shapes","floor":35,"turns":5},{"damage":0,"enemies":"3 Darklings","floor":38,"turns":6},{"damage":0,"enemies":"Nemesis","floor":41,"turns":9},{"damage":0,"enemies":"4 Shapes","floor":44,"turns":6},{"damage":0,"enemies":"Writhing Mass","floor":45,"turns":5},{"damage":0,"enemies":"Maw","floor":46,"turns":8},{"damage":5,"enemies":"Jaw Worm Horde","floor":47,"turns":5},{"damage":0,"enemies":"Giant Head","floor":48,"turns":10},{"damage":0,"enemies":"Awakened One","floor":50,"turns":19}],"seed_played":"8172996825983627805","potions_obtained":[{"floor":1.0,"key":"GhostInAJar"},{"floor":8.0,"key":"LiquidBronze"},{"floor":12.0,"key":"Weak Potion"},{"floor":20,"key":"Fire Potion"},{"floor":29,"key":"Explosive Potion"},{"floor":35,"key":"SkillPotion"},{"floor":41,"key":"Poison Potion"},{"floor":46,"key":"Block Potion"},{"floor":48,"key":"GhostInAJar"}],"is_trial":false,"path_per_floor":["M","M","M","?","$","R","$","E","T","R","M","M","R","T","R","B",null,"M","T","M","M","$","E","R","T","T","M","$","E","R","$","R","B",null,"M","$","T","M","$","R","E","T","T","M","M","M","M","E","R","B",null],"character_chosen":"THE_SILENT","items_purchased":["Footwork","Footwork","Membership Card","Dodge and Roll","Footwork+1","Dodge and Roll","Panacea"],"campfire_rested":5,"item_purchase_floors":[5,7,22,28,28,31,36],"current_hp_per_floor":[57,57,50,50,50,50,50,24,24,43,40,29,29,29,29,22,55,54,54,54,51,51,40,59,59,59,58,58,60,60,60,66,64,66,47,47,47,49,49,66,68,68,68,68,70,70,65,67,70,70],"gold":190,"neow_bonus":"RANDOM_COMMON_RELIC","is_prod":false,"is_daily":false,"chose_seed":false,"campfire_upgraded":3,"win_rate":0,"timestamp":1550289313,"path_taken":["M","M","M","?","$","R","?","E","T","R","M","M","R","?","R","BOSS","M","?","M","M","$","E","R","?","T","M","$","E","R","$","R","BOSS","M","$","?","M","$","R","E","?","T","M","?","M","M","E","R","BOSS"],"build_version":"2019-01-23","purchased_purges":3,"victory":true,"max_hp_per_floor":[66,66,66,66,66,66,66,66,66,66,66,66,66,66,66,66,66,66,66,66,66,66,66,66,66,66,66,66,66,66,66,66,66,66,66,66,66,66,66,66,68,68,68,68,70,70,70,70,70,70],"card_choices":[{"not_picked":["Distraction","PiercingWail"],"picked":"Poisoned Stab","floor":1.0},{"not_picked":["PiercingWail","Prepared"],"picked":"Distraction","floor":2.0},{"not_picked":["Bane","Outmaneuver"],"picked":"Flying Knee","floor":3.0},{"not_picked":["Calculated Gamble","Outmaneuver"],"picked":"After Image","floor":8.0},{"not_picked":["Dagger Spray","Slice"],"picked":"Deflect","floor":11.0},{"not_picked":["Outmaneuver","Quick Slash"],"picked":"Deadly Poison","floor":12.0},{"not_picked":["Storm of Steel","Grand Finale"],"picked":"Adrenaline","floor":16.0},{"not_picked":["Endless Agony","Quick Slash"],"picked":"Noxious Fumes+1","floor":18},{"not_picked":["Bane","Prepared"],"picked":"Noxious Fumes+1","floor":20},{"not_picked":["Backflip","Tactician"],"picked":"Acrobatics+1","floor":21},{"not_picked":["Acrobatics","Sucker Punch"],"picked":"Catalyst","floor":23},{"not_picked":["Night Terror","Noxious Fumes+1"],"picked":"Footwork+1","floor":27},{"not_picked":["Eviscerate","Dagger Spray"],"picked":"Caltrops+1","floor":29},{"not_picked":["Venomology","Glass Knife"],"picked":"Tools of the Trade+1","floor":33},{"not_picked":["Flying Knee+1","Caltrops+1"],"picked":"Escape Plan","floor":35},{"not_picked":["Footwork+1","Slice"],"picked":"Tactician","floor":38},{"not_picked":["Acrobatics","Bouncing Flask","Finisher+1"],"picked":"Singing Bowl","floor":41},{"not_picked":["Outmaneuver","Underhanded Strike"],"picked":"Dodge and Roll+1","floor":44},{"not_picked":["PiercingWail","Eviscerate","Quick Slash"],"picked":"Singing Bowl","floor":45},{"not_picked":["Dagger Throw","Deflect"],"picked":"Concentrate+1","floor":46},{"not_picked":["Masterful Stab","PiercingWail"],"picked":"Malaise","floor":47},{"not_picked":["Underhanded Strike","Backflip"],"picked":"Prepared+1","floor":48}],"player_experience":637746,"relics_obtained":[{"floor":8.0,"key":"Frozen Egg 2"},{"floor":9.0,"key":"Tiny Chest"},{"floor":14.0,"key":"Happy Flower"},{"floor":19,"key":"Pocketwatch"},{"floor":23,"key":"Blood Vial"},{"floor":25,"key":"Calipers"},{"floor":26,"key":"Singing Bowl"},{"floor":29,"key":"Shuriken"},{"floor":37,"key":"Thread and Needle"},{"floor":41,"key":"Bronze Scales"},{"floor":42,"key":"Anchor"},{"floor":43,"key":"Orichalcum"},{"floor":48,"key":"Lantern"}],"event_choices":[{"damage_healed":0.0,"max_hp_gain":0.0,"max_hp_loss":0.0,"gold_gain":100.0,"event_name":"Wheel of Change","player_choice":"Gold","floor":4.0,"gold_loss":0.0,"damage_taken":0.0}],"is_beta":false,"boss_relics":[{"not_picked":["Cursed Key","Tiny House"],"picked":"Fusion Hammer"},{"not_picked":["Runic Dome","HoveringKite"],"picked":"Runic Pyramid"}],"items_purged_floors":[5,22,36],"is_endless":false,"potions_floor_spawned":[1,8,11,12,20,29,35,41,46,48],"ascension_level":16}