{"gold_per_floor":[112,131,131,131,149,149,161,193,193,207,207],"floor_reached":11,"playtime":402,"items_purged":[],"score":131,"play_id":"1f502b8b-2383-46d0-8232-a401cee32e96","local_time":"20190115204804","is_ascension_mode":true,"campfire_choices":[{"floor":6,"key":"REST"}],"neow_cost":"PERCENT_DAMAGE","seed_source_timestamp":1135005364081898,"circlet_count":0,"master_deck":["AscendersBane","Defend_G","Defend_G","Defend_G","Defend_G","Defend_G","Strike_G","Strike_G","Strike_G","Strike_G","Strike_G","Survivor","Neutralize","Bullet Time","Bouncing Flask","Pain","Cloak And Dagger","Terror","Backstab","Blur"],"relics":["Ring of the Snake","Snake Skull","WarpedTongs","Ginger","Pantograph"],"potions_floor_usage":[11,11],"damage_taken":[{"damage":8,"enemies":"Small Slimes","floor":1,"turns":5},{"damage":11,"enemies":"Jaw Worm","floor":2,"turns":5},{"damage":2,"enemies":"Cultist","floor":5,"turns":4},{"damage":2,"enemies":"3 Louse","floor":7,"turns":5},{"damage":10,"enemies":"Lagavulin","floor":8,"turns":4},{"damage":2,"enemies":"Exordium Thugs","floor":10,"turns":3},{"damage":25,"enemies":"Gremlin Nob","floor":11,"turns":3}],"seed_played":"-5689968168770079194","potions_obtained":[{"floor":1,"key":"Dexterity Potion"},{"floor":2,"key":"SmokeBomb"},{"floor":8,"key":"Swift Potion"}],"is_trial":false,"path_per_floor":["M","M","?","?","M","R","M","E","T","M","E"],"character_chosen":"THE_SILENT","items_purchased":[],"campfire_rested":1,"item_purchase_floors":[],"current_hp_per_floor":[36,25,14,14,12,31,29,19,19,17,0],"gold":207,"neow_bonus":"THREE_RARE_CARDS","is_prod":false,"is_daily":false,"chose_seed":false,"campfire_upgraded":0,"win_rate":0,"timestamp":1547552884,"path_taken":["M","M","?","?","M","R","?","E","T","M","E"],"build_version":"2019-01-14v2","purchased_purges":0,"victory":false,"max_hp_per_floor":[66,66,66,66,66,66,66,66,66,66,66],"card_choices":[{"not_picked":["Grand Finale","Night Terror"],"picked":"Bullet Time","floor":0},{"not_picked":["Cloak And Dagger","Sucker Punch"],"picked":"Bouncing Flask","floor":1},{"not_picked":["Dagger Throw","Endless Agony","All Out Attack"],"picked":"SKIP","floor":2},{"not_picked":["Slice","Dodge and Roll"],"picked":"Cloak And Dagger","floor":5},{"not_picked":["Outmaneuver","Blade Dance"],"picked":"Terror","floor":7},{"not_picked":["Eviscerate","Deadly Poison"],"picked":"Backstab","floor":8},{"not_picked":["Outmaneuver","Endless Agony"],"picked":"Blur","floor":10}],"player_experience":2634699,"relics_obtained":[{"floor":8,"key":"Ginger"},{"floor":9,"key":"Pantograph"}],"event_choices":[{"damage_healed":0,"gold_gain":0,"player_choice":"Success","damage_taken":11,"relics_obtained":["Snake Skull"],"max_hp_gain":0,"max_hp_loss":0,"event_name":"Scrap Ooze","floor":3,"gold_loss":0},{"damage_healed":0,"gold_gain":0,"player_choice":"Rummage","damage_taken":0,"relics_obtained":["WarpedTongs"],"max_hp_gain":0,"max_hp_loss":0,"event_name":"Accursed Blacksmith","floor":4,"gold_loss":0,"cards_obtained":["Pain"]}],"is_beta":true,"boss_relics":[],"items_purged_floors":[],"is_endless":false,"potions_floor_spawned":[1,2,8],"killed_by":"Gremlin Nob","ascension_level":15}