{"gold_per_floor":[113,113,113,38,58,58,83,95,141,141,153,179,179,242,242,319,319,335,35,48,48,60,92,92],"floor_reached":24,"playtime":1472,"items_purged":["Strike_B","Strike_B"],"score":497,"play_id":"82ac9eb8-5fc5-47d1-b824-c6b976924478","local_time":"20190312202738","is_ascension_mode":true,"campfire_choices":[{"data":"Zap","floor":6.0,"key":"SMITH"},{"data":"Biased Cognition","floor":10.0,"key":"SMITH"},{"data":"Fission","floor":15.0,"key":"SMITH"}],"neow_cost":"NONE","seed_source_timestamp":1106720526397593,"circlet_count":0,"master_deck":["AscendersBane","Strike_B","Defend_B","Defend_B","Defend_B","Defend_B","Zap+1","Dualcast","Biased Cognition+1","Reinforced Body","Ball Lightning","Seek","Gash","Go for the Eyes","Melter","Fission+1","Creative AI","Sunder","Heatsinks","Core Surge","Core Surge","Ball Lightning"],"special_seed":0,"relics":["Cracked Core","PreservedInsect","Happy Flower","Blue Candle","Tiny Chest","White Beast Statue","Dodecahedron"],"potions_floor_usage":[23,24],"damage_taken":[{"damage":6.0,"enemies":"Cultist","floor":1.0,"turns":3.0},{"damage":2.0,"enemies":"Jaw Worm","floor":5.0,"turns":3.0},{"damage":2.0,"enemies":"Gremlin Nob","floor":7.0,"turns":3.0},{"damage":1.0,"enemies":"2 Louse","floor":8.0,"turns":2.0},{"damage":0.0,"enemies":"Blue Slaver","floor":11.0,"turns":2.0},{"damage":7.0,"enemies":"3 Sentries","floor":12.0,"turns":4.0},{"damage":0.0,"enemies":"Gremlin Nob","floor":14.0,"turns":2.0},{"damage":23.0,"enemies":"The Guardian","floor":16.0,"turns":12.0},{"damage":0.0,"enemies":"Spheric Guardian","floor":18.0,"turns":1.0},{"damage":9.0,"enemies":"3 Byrds","floor":20.0,"turns":4.0},{"damage":31.0,"enemies":"Snecko","floor":22.0,"turns":6.0},{"damage":0,"enemies":"Gremlin Leader","floor":23,"turns":4},{"damage":19,"enemies":"Shelled Parasite and Fungi","floor":24,"turns":4}],"seed_played":"-6791745938158594630","potions_obtained":[{"floor":8.0,"key":"Block Potion"},{"floor":12.0,"key":"GamblersBrew"},{"floor":14.0,"key":"AttackPotion"},{"floor":18.0,"key":"SteroidPotion"},{"floor":20.0,"key":"Weak Potion"},{"floor":22.0,"key":"Explosive Potion"},{"floor":23,"key":"Weak Potion"}],"is_trial":false,"path_per_floor":["M","$","?","$","M","R","E","M","T","R","M","E","$","E","R","B",null,"M","$","M","?","M","E","M"],"character_chosen":"DEFECT","items_purchased":["Heatsinks","Core Surge"],"campfire_rested":0,"item_purchase_floors":[19,19],"current_hp_per_floor":[58,58,47,47,45,45,43,42,42,42,42,35,35,35,35,12,56,56,56,47,47,16,16,0],"gold":92,"neow_bonus":"TRANSFORM_CARD","is_prod":false,"is_daily":false,"chose_seed":false,"campfire_upgraded":3,"win_rate":0,"timestamp":1552390058,"path_taken":["M","?","?","$","M","R","E","M","T","R","M","E","$","E","R","BOSS","M","$","M","?","M","E","M"],"build_version":"2019-02-06","purchased_purges":2,"victory":false,"max_hp_per_floor":[71,71,71,71,71,71,71,71,71,71,71,71,71,71,71,71,71,71,71,71,71,71,71,71],"card_choices":[{"not_picked":["Barrage","Hologram"],"picked":"Reinforced Body","floor":1.0},{"not_picked":["Hologram","Reprogram"],"picked":"Ball Lightning","floor":5.0},{"not_picked":["Streamline","Sweeping Beam"],"picked":"Seek","floor":7.0},{"not_picked":["Scrape","Skim"],"picked":"Gash","floor":8.0},{"not_picked":["Steam Power","Lockon"],"picked":"Go for the Eyes","floor":11.0},{"not_picked":["Barrage","Rip and Tear"],"picked":"Melter","floor":12.0},{"not_picked":["Reprogram","Hologram"],"picked":"Fission","floor":14.0},{"not_picked":["Hyperbeam","Thunder Strike"],"picked":"Creative AI","floor":16.0},{"not_picked":["Blizzard","Ball Lightning"],"picked":"Sunder","floor":18.0},{"not_picked":["Compile Driver","Barrage","Rebound"],"picked":"SKIP","floor":20.0},{"not_picked":["Rebound+1","Ball Lightning"],"picked":"Core Surge","floor":22.0},{"not_picked":["Genetic Algorithm","Scrape+1"],"picked":"Ball Lightning","floor":23}],"player_experience":2671386,"relics_obtained":[{"floor":7.0,"key":"Happy Flower"},{"floor":12.0,"key":"Blue Candle"},{"floor":14.0,"key":"Tiny Chest"},{"floor":23,"key":"Dodecahedron"}],"event_choices":[{"damage_healed":0.0,"max_hp_gain":0.0,"max_hp_loss":0.0,"gold_gain":0.0,"event_name":"Scrap Ooze","player_choice":"Success","floor":3.0,"gold_loss":0.0,"damage_taken":11.0,"relics_obtained":["PreservedInsect"]}],"is_beta":true,"boss_relics":[{"not_picked":["Busted Crown","Velvet Choker"],"picked":"White Beast Statue"}],"items_purged_floors":[4,19],"is_endless":false,"potions_floor_spawned":[8,12,14,18,20,22,23],"killed_by":"Shelled Parasite and Fungi","ascension_level":15}