{"gold_per_floor":[109,284,22,22,41,73,73,89,89,89,109,142,142,210,210,315,315,333,274,78,65,84,84,84,84,109,132,12,26,26,26],"floor_reached":31,"playtime":1266,"items_purged":["Strike_R","Fiend Fire"],"score":277,"play_id":"578c38de-bd06-449f-8051-87f72aeb171a","local_time":"20181229161525","is_ascension_mode":true,"campfire_choices":[{"floor":7,"key":"REST"},{"data":"Armaments","floor":10,"key":"SMITH"},{"data":"Spot Weakness","floor":13,"key":"SMITH"},{"data":"Sword Boomerang","floor":15,"key":"SMITH"},{"data":"Barricade","floor":23,"key":"SMITH"},{"data":"True Grit","floor":25,"key":"SMITH"}],"neow_cost":"NONE","seed_source_timestamp":585670837699762,"circlet_count":0,"master_deck":["Strike_R","Strike_R","Strike_R","Defend_R","Defend_R","Defend_R","Bash+1","True Grit+1","Armaments+1","Twin Strike","Iron Wave","Spot Weakness+1","Sword Boomerang+1","Barricade+1","Battle Trance","Bandage Up","Sentinel+1","Seeing Red+1","Battle Trance","Intimidate","Cleave"],"relics":["Burning Blood","Gremlin Horn","Champion Belt","StoneCalendar","Pear","Pantograph","Sozu","Blood Vial","Smiling Mask","Oddly Smooth Stone"],"potions_floor_usage":[11,12,16,21],"damage_taken":[{"damage":12,"enemies":"Jaw Worm","floor":1,"turns":3},{"damage":0,"enemies":"Small Slimes","floor":5,"turns":2},{"damage":53,"enemies":"Lagavulin","floor":6,"turns":6},{"damage":13,"enemies":"Cultist","floor":8,"turns":4},{"damage":13,"enemies":"Exordium Thugs","floor":11,"turns":6},{"damage":19,"enemies":"Gremlin Nob","floor":12,"turns":4},{"damage":17,"enemies":"The Guardian","floor":16,"turns":10},{"damage":6,"enemies":"Spheric Guardian","floor":18,"turns":3},{"damage":10,"enemies":"2 Thieves","floor":21,"turns":4},{"damage":34,"enemies":"Sentry and Sphere","floor":22,"turns":7},{"damage":39,"enemies":"Snake Plant","floor":29,"turns":6},{"damage":23,"enemies":"Colosseum Slavers","floor":31,"turns":2},{"damage":69,"enemies":"Colosseum Nobs","floor":31,"turns":4}],"seed_played":"-4862742912591488605","potions_obtained":[{"floor":6,"key":"Poison Potion"},{"floor":11,"key":"Weak Potion"},{"floor":12,"key":"PowerPotion"},{"floor":16,"key":"Energy Potion"}],"is_trial":false,"path_per_floor":["M","?","$","?","M","E","R","M","T","R","M","E","R","T","R","B",null,"M","?","$","M","M","R","?","R","T","T","$","M","?","?"],"character_chosen":"IRONCLAD","items_purchased":["Gremlin Horn","Battle Trance","Bandage Up","Intimidate"],"campfire_rested":1,"item_purchase_floors":[3,20,20,28],"current_hp_per_floor":[74,74,74,67,73,26,50,43,43,43,36,33,33,33,33,47,90,90,90,90,90,66,66,66,66,66,66,66,39,69,0],"gold":26,"neow_bonus":"UPGRADE_CARD","is_prod":false,"is_daily":false,"chose_seed":false,"campfire_upgraded":5,"win_rate":0,"timestamp":1546067725,"path_taken":["M","?","$","?","M","E","R","M","T","R","M","E","R","?","R","BOSS","M","?","?","M","M","R","?","R","T","?","$","M","?","?"],"build_version":"2018-12-20","purchased_purges":2,"victory":false,"max_hp_per_floor":[80,80,80,80,80,80,80,80,80,80,80,90,90,90,90,90,90,90,90,90,90,90,90,90,90,90,90,90,90,90,90],"card_choices":[{"not_picked":["Shrug It Off","Cleave"],"picked":"True Grit","floor":1},{"not_picked":["Warcry","Wild Strike"],"picked":"Armaments","floor":5},{"not_picked":["Dual Wield","Clash"],"picked":"Twin Strike","floor":6},{"not_picked":["Flame Barrier","Wild Strike"],"picked":"Iron Wave","floor":8},{"not_picked":["Combust","Cleave"],"picked":"Spot Weakness","floor":11},{"not_picked":["Shockwave","Twin Strike"],"picked":"Sword Boomerang","floor":12},{"not_picked":["Demon Form","Berserk"],"picked":"Barricade","floor":16},{"not_picked":["Armaments","True Grit","Searing Blow"],"picked":"SKIP","floor":18},{"not_picked":["Body Slam","Combust"],"picked":"Sentinel+1","floor":21},{"not_picked":["Hemokinesis","Ghostly Armor"],"picked":"Seeing Red+1","floor":22},{"not_picked":["Iron Wave","Sword Boomerang"],"picked":"Cleave","floor":29}],"player_experience":239456,"relics_obtained":[{"floor":6,"key":"Champion Belt"},{"floor":9,"key":"StoneCalendar"},{"floor":12,"key":"Pear"},{"floor":14,"key":"Pantograph"},{"floor":26,"key":"Smiling Mask"},{"floor":27,"key":"Oddly Smooth Stone"}],"event_choices":[{"damage_healed":0,"gold_gain":175,"player_choice":"AGREE","damage_taken":0,"max_hp_gain":0,"max_hp_loss":0,"event_name":"Liars Game","floor":2,"gold_loss":0,"cards_obtained":["Doubt"]},{"cards_removed":["Doubt"],"damage_healed":0,"gold_gain":0,"player_choice":"Card Removal","damage_taken":7,"max_hp_gain":0,"max_hp_loss":0,"event_name":"Golden Wing","floor":4,"gold_loss":0},{"damage_healed":0,"gold_gain":0,"player_choice":"Paid Gold","damage_taken":0,"relics_obtained":["Blood Vial"],"max_hp_gain":0,"max_hp_loss":0,"event_name":"WeMeetAgain","floor":19,"gold_loss":59},{"damage_healed":0,"gold_gain":0,"cards_transformed":["Strike_R","Defend_R"],"player_choice":"Became Test Subject","damage_taken":0,"max_hp_gain":0,"max_hp_loss":0,"event_name":"Drug Dealer","floor":24,"gold_loss":0,"cards_obtained":["Battle Trance","Fiend Fire"]},{"damage_healed":30,"gold_gain":0,"player_choice":"Heal","damage_taken":0,"max_hp_gain":0,"max_hp_loss":0,"event_name":"The Library","floor":30,"gold_loss":0},{"damage_healed":0,"gold_gain":0,"player_choice":"Fight","damage_taken":0,"max_hp_gain":0,"max_hp_loss":0,"event_name":"Colosseum","floor":31,"gold_loss":0},{"damage_healed":0,"gold_gain":0,"player_choice":"Fought Nobs","damage_taken":0,"max_hp_gain":0,"max_hp_loss":0,"event_name":"Colosseum","floor":31,"gold_loss":0}],"is_beta":false,"boss_relics":[{"not_picked":["Fusion Hammer","Calling Bell"],"picked":"Sozu"}],"items_purged_floors":[20,28],"is_endless":false,"potions_floor_spawned":[6,11,12,16,21,29,31],"killed_by":"Colosseum Nobs","ascension_level":3}