{"gold_per_floor":[18,32,32,42,42,42,56,56,80,80,111,111,130,163,163,163],"floor_reached":16,"playtime":836,"items_purged":[],"score":204,"play_id":"fb57d258-1633-4e9d-8803-1b65022384e4","local_time":"20190430063102","is_ascension_mode":true,"campfire_choices":[{"data":"Sunder","floor":6.0,"key":"SMITH"},{"floor":8.0,"key":"REST"},{"data":"Hologram","floor":15.0,"key":"SMITH"}],"neow_cost":"NO_GOLD","seed_source_timestamp":308110640454174,"circlet_count":0,"master_deck":["AscendersBane","Strike_B","Strike_B","Defend_B","Defend_B","Defend_B","Defend_B","Zap","Dualcast","Sunder+1","Ball Lightning","Leap","Capacitor","Conserve Battery","Gash","Hologram+1"],"special_seed":0,"relics":["Cracked Core","Blood Vial","Pear","Lantern"],"potions_floor_usage":[16],"damage_taken":[{"damage":7.0,"enemies":"Small Slimes","floor":1.0,"turns":4.0},{"damage":2.0,"enemies":"Jaw Worm","floor":2.0,"turns":3.0},{"damage":0.0,"enemies":"Cultist","floor":4.0,"turns":2.0},{"damage":0.0,"enemies":"Large Slime","floor":7.0,"turns":4.0},{"damage":22.0,"enemies":"Gremlin Nob","floor":11.0,"turns":4.0},{"damage":0.0,"enemies":"Exordium Wildlife","floor":13.0,"turns":2.0},{"damage":13.0,"enemies":"Lagavulin","floor":14.0,"turns":6.0},{"damage":52,"enemies":"Hexaghost","floor":16,"turns":11}],"seed_played":"-8642521627668713874","potions_obtained":[{"floor":2.0,"key":"SpeedPotion"},{"floor":4.0,"key":"Energy Potion"}],"is_trial":false,"path_per_floor":["M","M","?","M","?","R","M","R","T","?","E","?","M","E","R","B"],"character_chosen":"DEFECT","items_purchased":[],"campfire_rested":1,"item_purchase_floors":[],"current_hp_per_floor":[57,55,55,55,37,37,39,60,60,60,50,55,57,46,46,0],"gold":163,"neow_bonus":"REMOVE_TWO","is_prod":false,"is_daily":false,"chose_seed":false,"campfire_upgraded":2,"win_rate":0,"timestamp":1556573462,"path_taken":["M","M","?","M","?","R","M","R","T","?","E","?","M","E","R","BOSS"],"build_version":"2019-04-23","purchased_purges":0,"victory":false,"max_hp_per_floor":[71,71,71,71,71,71,71,71,71,71,81,86,86,86,86,86],"card_choices":[{"not_picked":["Go for the Eyes","Tempest"],"picked":"Sunder","floor":1.0},{"not_picked":["Coolheaded","Leap"],"picked":"Ball Lightning","floor":2.0},{"not_picked":["Darkness","Double Energy"],"picked":"Leap","floor":4.0},{"not_picked":["Redo","Lockon"],"picked":"Capacitor","floor":7.0},{"not_picked":["Redo","Fusion"],"picked":"Conserve Battery","floor":11.0},{"not_picked":["Barrage","Multi-Cast"],"picked":"Gash","floor":13.0},{"not_picked":["Redo","Conserve Battery"],"picked":"Hologram","floor":14.0}],"player_experience":3107718,"relics_obtained":[{"floor":11.0,"key":"Pear"},{"floor":14.0,"key":"Lantern"}],"event_choices":[{"damage_healed":0.0,"max_hp_gain":0.0,"max_hp_loss":0.0,"gold_gain":0.0,"event_name":"The Cleric","player_choice":"Leave","floor":3.0,"gold_loss":0.0,"damage_taken":0.0},{"damage_healed":0.0,"max_hp_gain":0.0,"max_hp_loss":0.0,"gold_gain":0.0,"event_name":"Scrap Ooze","player_choice":"Success","floor":5.0,"gold_loss":0.0,"damage_taken":18.0,"relics_obtained":["Blood Vial"]},{"damage_healed":0.0,"max_hp_gain":0.0,"max_hp_loss":0.0,"gold_gain":0.0,"event_name":"Liars Game","player_choice":"Ignored","floor":10.0,"gold_loss":0.0,"damage_taken":0.0},{"damage_healed":0.0,"max_hp_gain":5.0,"max_hp_loss":0.0,"gold_gain":0.0,"event_name":"Big Fish","player_choice":"Donut","floor":12.0,"gold_loss":0.0,"damage_taken":0.0}],"is_beta":true,"boss_relics":[],"items_purged_floors":[],"is_endless":false,"potions_floor_spawned":[2,4],"killed_by":"Hexaghost","ascension_level":17}