{"gold_per_floor":[119,136,148,148,148,148,182,201,253,287,301,313,75,102,102,180,180,194,94,104,123,123,123,123,123,176,176,176,176,186,29,29,29],"floor_reached":33,"playtime":877,"items_purged":["Strike_B","Doom and Gloom"],"score":530,"play_id":"9a2b25ad-ef52-4b96-b27a-5fc29eb2665a","local_time":"20190520015229","is_ascension_mode":true,"campfire_choices":[{"data":"Zap","floor":6,"key":"SMITH"},{"floor":15,"key":"REST"},{"floor":23,"key":"REST"},{"floor":25,"key":"REST"},{"data":"Defragment","floor":27,"key":"SMITH"},{"floor":32,"key":"REST"}],"neow_cost":"TEN_PERCENT_HP_LOSS","seed_source_timestamp":106689268832700,"circlet_count":0,"master_deck":["AscendersBane","Zap+1","Dualcast","All For One","Glacier","Steam","Go for the Eyes","Meteor Strike+1","Streamline","Creative AI","Coolheaded","Chill","Electrodynamics","Darkness","Capacitor","Rainbow","Sunder","Tempest","Auto Shields","Defragment+1","White Noise+1","Amplify","Sunder","Creative AI"],"relics":["Cracked Core","CultistMask","Darkstone Periapt","Whetstone","Omamori","Bag of Preparation","Boot","Pandora\u0027s Box","Enchiridion","Bag of Marbles","Bottled Tornado"],"potions_floor_usage":[7,14,14,21,30,33],"damage_taken":[{"damage":1,"enemies":"Cultist","floor":1,"turns":3},{"damage":3,"enemies":"2 Louse","floor":2,"turns":2},{"damage":0,"enemies":"Small Slimes","floor":3,"turns":3},{"damage":27,"enemies":"3 Sentries","floor":7,"turns":8},{"damage":0,"enemies":"Looter","floor":8,"turns":4},{"damage":10,"enemies":"Lagavulin","floor":10,"turns":6},{"damage":0,"enemies":"Blue Slaver","floor":11,"turns":4},{"damage":11,"enemies":"Large Slime","floor":12,"turns":4},{"damage":23,"enemies":"3 Sentries","floor":14,"turns":7},{"damage":15,"enemies":"Hexaghost","floor":16,"turns":8},{"damage":18,"enemies":"Spheric Guardian","floor":18,"turns":4},{"damage":8,"enemies":"Chosen","floor":20,"turns":5},{"damage":26,"enemies":"Sentry and Sphere","floor":21,"turns":5},{"damage":16,"enemies":"Snake Plant","floor":30,"turns":3},{"damage":55,"enemies":"Collector","floor":33,"turns":5}],"seed_played":"4842511899092289123","potions_obtained":[{"floor":1,"key":"Regen Potion"},{"floor":3,"key":"SpeedPotion"},{"floor":10,"key":"SpeedPotion"},{"floor":12,"key":"FocusPotion"},{"floor":16,"key":"Regen Potion"},{"floor":20,"key":"Dexterity Potion"},{"floor":21,"key":"AttackPotion"}],"is_trial":false,"path_per_floor":["M","M","M","?","?","R","E","M","T","E","M","M","$","E","R","B",null,"M","$","M","M","?","R","?","R","T","R","T","?","M","$","R","B"],"character_chosen":"DEFECT","items_purchased":["Bag of Preparation","Creative AI"],"campfire_rested":4,"item_purchase_floors":[13,31],"current_hp_per_floor":[63,60,60,60,60,60,47,47,47,37,37,26,26,3,22,7,50,32,32,24,12,12,31,10,29,29,29,29,29,13,13,32,0],"gold":29,"neow_bonus":"THREE_RARE_CARDS","is_prod":false,"is_daily":false,"chose_seed":false,"campfire_upgraded":2,"win_rate":0,"timestamp":1558284749,"path_taken":["M","M","M","?","?","R","E","?","T","E","M","M","$","E","R","BOSS","M","$","M","?","?","R","?","R","T","R","?","?","?","$","R","BOSS"],"build_version":"2019-01-23","purchased_purges":2,"victory":false,"max_hp_per_floor":[64,64,64,64,64,64,64,64,64,64,64,64,64,64,64,64,64,64,64,64,64,64,64,64,64,64,64,64,64,64,64,64,64],"card_choices":[{"not_picked":["Buffer","Amplify"],"picked":"All For One","floor":0},{"not_picked":["Capacitor","Aggregate"],"picked":"Glacier","floor":1},{"not_picked":["Undo","Blizzard"],"picked":"Steam","floor":2},{"not_picked":["Barrage","Cold Snap"],"picked":"Go for the Eyes","floor":3},{"not_picked":["Amplify","Leap"],"picked":"Meteor Strike","floor":7},{"not_picked":["Beam Cell","Reprogram"],"picked":"Streamline","floor":8},{"not_picked":["Stack","Beam Cell"],"picked":"Creative AI","floor":10},{"not_picked":["Consume","Capacitor"],"picked":"Skim","floor":11},{"not_picked":["Aggregate","Barrage"],"picked":"Coolheaded","floor":12},{"not_picked":["Stack","Rebound"],"picked":"Chill","floor":14},{"not_picked":["Creative AI","Thunder Strike"],"picked":"Electrodynamics","floor":16},{"not_picked":["Streamline","Double Energy"],"picked":"Auto Shields","floor":18},{"not_picked":["Go for the Eyes","Coolheaded"],"picked":"Defragment","floor":20},{"not_picked":["Ball Lightning","Melter"],"picked":"White Noise+1","floor":21},{"not_picked":["Static Discharge","Rebound","Skim"],"picked":"SKIP","floor":30}],"player_experience":5083812,"relics_obtained":[{"floor":7,"key":"Darkstone Periapt"},{"floor":9,"key":"Whetstone"},{"floor":10,"key":"Omamori"},{"floor":14,"key":"Boot"},{"floor":24,"key":"Enchiridion"},{"floor":26,"key":"Bag of Marbles"},{"floor":28,"key":"Bottled Tornado"}],"event_choices":[{"damage_healed":0,"gold_gain":0,"player_choice":"Ignored","damage_taken":0,"max_hp_gain":0,"max_hp_loss":0,"event_name":"Liars Game","floor":4,"gold_loss":0},{"damage_healed":0,"gold_gain":0,"player_choice":"Trade","damage_taken":0,"relics_obtained":["CultistMask"],"max_hp_gain":0,"max_hp_loss":0,"event_name":"FaceTrader","floor":5,"gold_loss":0},{"damage_healed":0,"gold_gain":0,"player_choice":"Smashed Altar","damage_taken":0,"max_hp_gain":0,"max_hp_loss":0,"event_name":"Forgotten Altar","floor":22,"gold_loss":0,"cards_obtained":["Decay"]},{"damage_healed":0,"gold_gain":0,"player_choice":"Obtained Book","damage_taken":21,"max_hp_gain":0,"max_hp_loss":0,"event_name":"Cursed Tome","floor":24,"gold_loss":0},{"damage_healed":0,"gold_gain":0,"cards_transformed":["Skim","Rainbow"],"player_choice":"Became Test Subject","damage_taken":0,"max_hp_gain":0,"max_hp_loss":0,"event_name":"Drug Dealer","floor":29,"gold_loss":0,"cards_obtained":["Amplify","Sunder"]}],"is_beta":false,"boss_relics":[{"not_picked":["Philosopher\u0027s Stone","Velvet Choker"],"picked":"Pandora\u0027s Box"}],"items_purged_floors":[13,19],"is_endless":false,"potions_floor_spawned":[1,3,10,12,16,20,21],"killed_by":"Collector","ascension_level":20}