{"gold_per_floor":[111,36,36,47,58,58,85,85,85,0,0,16,30,56,56,127,127,144,159,159,175,25,25,51,51,76,76,88,117,117,117,117,196,196,211,265,165,180,190,190,222,222,222,222,46,77,77,96,96,96,96,96,96,41,74,74],"floor_reached":56,"playtime":2366,"items_purged":["Doubt","Regret","Strike_B"],"score":2202,"play_id":"1a8cfb60-7c86-4f22-978a-22a90b376ccb","local_time":"20190506034356","is_ascension_mode":true,"campfire_choices":[{"data":"Hyperbeam","floor":6.0,"key":"SMITH"},{"data":"Conserve Battery","floor":8.0,"key":"SMITH"},{"data":"Leap","floor":11.0,"key":"SMITH"},{"data":"Hologram","floor":15.0,"key":"SMITH"},{"floor":23.0,"key":"REST"},{"floor":27.0,"key":"REST"},{"data":"Hologram","floor":30.0,"key":"SMITH"},{"data":"Coolheaded","floor":32.0,"key":"SMITH"},{"data":"Defend_B","floor":40.0,"key":"PURGE"},{"data":"Defend_B","floor":44.0,"key":"PURGE"},{"data":"Defend_B","floor":47.0,"key":"PURGE"},{"floor":49.0,"key":"RECALL"},{"data":"Defend_B","floor":53.0,"key":"PURGE"}],"neow_cost":"CURSE","seed_source_timestamp":0,"circlet_count":0,"master_deck":["AscendersBane","Strike_B","Strike_B","Zap","Dualcast","Hyperbeam+1","Conserve Battery+1","Echo Form","Leap+1","FTL","Hologram+1","BootSequence","Echo Form","Creative AI","BootSequence+1","Meteor Strike","Double Energy","Hologram+1","Coolheaded+1","Electrodynamics","Master of Strategy","Compile Driver","Compile Driver"],"special_seed":0,"relics":["Cracked Core","Kunai","FossilizedHelix","Meat on the Bone","Ice Cream","Cursed Key","Pantograph","Vajra","Busted Crown","Peace Pipe","Bag of Marbles","Regal Pillow","Blue Candle"],"potions_floor_usage":[56,56],"damage_taken":[{"damage":7.0,"enemies":"Jaw Worm","floor":1.0,"turns":3.0},{"damage":9.0,"enemies":"2 Louse","floor":4.0,"turns":2.0},{"damage":4.0,"enemies":"Small Slimes","floor":5.0,"turns":4.0},{"damage":10.0,"enemies":"3 Sentries","floor":7.0,"turns":2.0},{"damage":0.0,"enemies":"Blue Slaver","floor":12.0,"turns":3.0},{"damage":5.0,"enemies":"Gremlin Gang","floor":13.0,"turns":3.0},{"damage":0.0,"enemies":"Gremlin Nob","floor":14.0,"turns":3.0},{"damage":0.0,"enemies":"The Guardian","floor":16.0,"turns":11.0},{"damage":0.0,"enemies":"Chosen","floor":18.0,"turns":9.0},{"damage":0.0,"enemies":"Spheric Guardian","floor":19.0,"turns":4.0},{"damage":18.0,"enemies":"Snake Plant","floor":21.0,"turns":6.0},{"damage":58.0,"enemies":"Slavers","floor":24.0,"turns":7.0},{"damage":0.0,"enemies":"3 Cultists","floor":28.0,"turns":4.0},{"damage":24.0,"enemies":"Gremlin Leader","floor":29.0,"turns":7.0},{"damage":5.0,"enemies":"Champ","floor":33.0,"turns":9.0},{"damage":23.0,"enemies":"3 Darklings","floor":35.0,"turns":7.0},{"damage":18.0,"enemies":"2 Orb Walkers","floor":36.0,"turns":4.0},{"damage":4.0,"enemies":"Orb Walker","floor":38.0,"turns":4.0},{"damage":0.0,"enemies":"Spire Growth","floor":39.0,"turns":5.0},{"damage":0.0,"enemies":"Nemesis","floor":41.0,"turns":9.0},{"damage":11.0,"enemies":"Reptomancer","floor":46.0,"turns":5.0},{"damage":0.0,"enemies":"Maw","floor":48.0,"turns":6.0},{"damage":35.0,"enemies":"Donu and Deca","floor":50.0,"turns":9.0},{"damage":22.0,"enemies":"Awakened One","floor":51.0,"turns":12.0},{"damage":40.0,"enemies":"Shield and Spear","floor":55.0,"turns":8.0},{"damage":61,"enemies":"The Heart","floor":56,"turns":5}],"seed_played":"2763445392312107303","potions_obtained":[{"floor":4.0,"key":"SpeedPotion"},{"floor":12.0,"key":"Dexterity Potion"},{"floor":21.0,"key":"Dexterity Potion"},{"floor":24.0,"key":"FocusPotion"},{"floor":29.0,"key":"SpeedPotion"},{"floor":33.0,"key":"PowerPotion"},{"floor":35.0,"key":"Explosive Potion"},{"floor":39.0,"key":"PowerPotion"},{"floor":46.0,"key":"Strength Potion"}],"is_trial":false,"path_per_floor":["M","$","?","M","M","R","E","R","T","$","R","M","M","E","R","B",null,"M","M","?","M","$","R","E","$","T","R","M","E","R","?","R","B",null,"M","?","$","M","M","R","E","?","T","R","$","E","R","M","R","B","B",null,"R","$","E","B"],"character_chosen":"DEFECT","items_purchased":["FTL","Meteor Strike","Compile Driver","Compile Driver"],"campfire_rested":2,"item_purchase_floors":[10,22,45,54],"current_hp_per_floor":[57,57,52,43,39,39,29,29,29,29,29,41,36,36,36,36,62,62,62,62,44,44,65,19,19,19,40,40,28,28,28,28,48,65,42,36,36,44,44,44,44,34,34,34,34,35,35,47,47,36,39,63,63,63,35,0],"gold":74,"neow_bonus":"THREE_RARE_CARDS","is_prod":false,"is_daily":false,"chose_seed":false,"campfire_upgraded":6,"win_rate":0,"timestamp":1557081836,"path_taken":["M","$","?","M","M","R","E","R","T","$","R","M","M","E","R","BOSS","M","M","?","M","$","R","E","$","T","R","M","E","R","?","R","BOSS","M","?","$","M","M","R","E","?","T","R","?","E","R","M","R","BOSS","BOSS","R","$","E","BOSS"],"build_version":"2019-01-23","purchased_purges":3,"victory":false,"max_hp_per_floor":[71,71,71,71,71,71,71,71,71,71,71,71,71,71,71,71,71,71,71,71,71,71,71,71,71,71,71,71,71,71,71,71,71,71,71,71,71,71,71,71,71,71,71,71,71,71,71,71,71,71,71,71,71,71,71,71],"card_choices":[{"not_picked":["Rainbow","Seek"],"picked":"Hyperbeam","floor":0.0},{"not_picked":["Defragment","Coolheaded","Cold Snap"],"picked":"SKIP","floor":1.0},{"not_picked":["Gash","Cold Snap"],"picked":"Conserve Battery","floor":4.0},{"not_picked":["Heatsinks","Beam Cell"],"picked":"Echo Form","floor":5.0},{"not_picked":["Gash","Compile Driver"],"picked":"Leap","floor":7.0},{"not_picked":["Beam Cell","Heatsinks"],"picked":"Hologram","floor":12.0},{"not_picked":["Gash","Barrage"],"picked":"BootSequence","floor":13.0},{"not_picked":["Beam Cell","Hello World"],"picked":"Echo Form","floor":14.0},{"not_picked":["Buffer","Fission"],"picked":"Creative AI","floor":16.0},{"not_picked":["Gash","Sweeping Beam","Cold Snap"],"picked":"SKIP","floor":18.0},{"not_picked":["Rebound","Redo"],"picked":"BootSequence+1","floor":19.0},{"not_picked":["Gash","Darkness","Doom and Gloom"],"picked":"SKIP","floor":21.0},{"not_picked":["Coolheaded","Compile Driver"],"picked":"Double Energy","floor":24.0},{"not_picked":["Blizzard","Rebound","Beam Cell"],"picked":"SKIP","floor":28.0},{"not_picked":["Hyperbeam","Stack"],"picked":"Hologram","floor":29.0},{"not_picked":["Creative AI","Machine Learning"],"picked":"Electrodynamics","floor":33.0},{"not_picked":["Coolheaded"],"picked":"SKIP","floor":35.0},{"not_picked":["Turbo+1"],"picked":"SKIP","floor":38.0},{"not_picked":["Coolheaded"],"picked":"SKIP","floor":39.0},{"not_picked":["Lockon"],"picked":"SKIP","floor":41.0},{"not_picked":[],"picked":"Master of Strategy","floor":42.0},{"not_picked":["Hologram"],"picked":"SKIP","floor":46.0},{"not_picked":["Cold Snap+1"],"picked":"SKIP","floor":48.0},{"not_picked":["Melter"],"picked":"SKIP","floor":55.0}],"player_experience":4928406,"relics_obtained":[{"floor":7.0,"key":"FossilizedHelix"},{"floor":9.0,"key":"Meat on the Bone"},{"floor":14.0,"key":"Ice Cream"},{"floor":24.0,"key":"Pantograph"},{"floor":29.0,"key":"Vajra"},{"floor":36.0,"key":"Peace Pipe"},{"floor":41.0,"key":"Bag of Marbles"},{"floor":46.0,"key":"Regal Pillow"},{"floor":55.0,"key":"Blue Candle"}],"event_choices":[{"damage_healed":0.0,"max_hp_gain":0.0,"max_hp_loss":0.0,"gold_gain":0.0,"event_name":"Scrap Ooze","player_choice":"Success","floor":3.0,"gold_loss":0.0,"damage_taken":5.0,"relics_obtained":["Kunai"]},{"cards_removed":["Strike_B"],"damage_healed":0.0,"max_hp_gain":0.0,"max_hp_loss":0.0,"gold_gain":0.0,"event_name":"Back to Basics","player_choice":"Elegance","floor":20.0,"gold_loss":0.0,"damage_taken":0.0},{"damage_healed":0.0,"max_hp_gain":0.0,"max_hp_loss":0.0,"gold_gain":0.0,"event_name":"The Library","player_choice":"Read","floor":31.0,"gold_loss":0.0,"damage_taken":0.0,"cards_obtained":["Coolheaded"]},{"damage_healed":0.0,"max_hp_gain":0.0,"max_hp_loss":0.0,"gold_gain":0.0,"event_name":"Mysterious Sphere","player_choice":"Fight","floor":36.0,"gold_loss":0.0,"damage_taken":0.0},{"damage_healed":0.0,"max_hp_gain":0.0,"max_hp_loss":0.0,"gold_gain":0.0,"event_name":"SensoryStone","player_choice":"Memory 3","floor":42.0,"gold_loss":0.0,"damage_taken":10.0}],"is_beta":false,"boss_relics":[{"not_picked":["Orrery","Runic Dome"],"picked":"Cursed Key"},{"not_picked":["Runic Pyramid","Tiny House"],"picked":"Busted Crown"}],"items_purged_floors":[2,37,45],"is_endless":false,"potions_floor_spawned":[4,12,13,21,24,29,33,35,39,46],"killed_by":"The Heart","ascension_level":20}