{"gold_per_floor":[18,18,31,43,43,43,55,55,82,82,82,7,17,51,51,130,130,144,144,157,157,175,175,75,89,89,89],"floor_reached":27,"playtime":891,"items_purged":["Strike_B","Defend_B"],"score":426,"play_id":"95859975-8397-4485-ae40-013fcd504759","local_time":"20190508002839","is_ascension_mode":true,"campfire_choices":[{"data":"Metamorphosis","floor":6,"key":"SMITH"},{"data":"Zap","floor":8,"key":"SMITH"},{"data":"Steam Power","floor":11,"key":"SMITH"},{"floor":15,"key":"REST"},{"floor":23,"key":"REST"}],"neow_cost":"NO_GOLD","seed_source_timestamp":195504162241200,"circlet_count":0,"master_deck":["AscendersBane","Defend_B","Defend_B","Zap+1","Dualcast","Discovery","Metamorphosis+1","Reinforced Body","Capacitor","Steam Power+1","Steam","Seek","Reboot","Gash+1","Leap+1","Creative AI+1","Gash+1","Genetic Algorithm","Leap+1","Conserve Battery+1"],"relics":["Cracked Core","Orichalcum","Bag of Preparation","Emotion Chip","Astrolabe","Kunai"],"potions_floor_usage":[16,16,25,27],"damage_taken":[{"damage":9,"enemies":"Small Slimes","floor":1,"turns":3},{"damage":1,"enemies":"Cultist","floor":3,"turns":3},{"damage":1,"enemies":"2 Louse","floor":4,"turns":2},{"damage":0,"enemies":"Large Slime","floor":7,"turns":3},{"damage":6,"enemies":"Lots of Slimes","floor":13,"turns":3},{"damage":14,"enemies":"Lagavulin","floor":14,"turns":6},{"damage":8,"enemies":"The Guardian","floor":16,"turns":12},{"damage":33,"enemies":"3 Byrds","floor":18,"turns":5},{"damage":0,"enemies":"Chosen","floor":20,"turns":3},{"damage":16,"enemies":"Sentry and Sphere","floor":22,"turns":4},{"damage":18,"enemies":"Snecko","floor":25,"turns":9},{"damage":31,"enemies":"Slavers","floor":27,"turns":4}],"seed_played":"-3190584933868780187","potions_obtained":[{"floor":1,"key":"Ancient Potion"},{"floor":3,"key":"SpeedPotion"},{"floor":18,"key":"Swift Potion"},{"floor":19,"key":"FairyPotion"},{"floor":25,"key":"Block Potion"}],"is_trial":false,"path_per_floor":["M","?","M","M","$","R","M","R","T","?","R","$","M","E","R","B",null,"M","?","M","?","M","R","$","M","T","E"],"character_chosen":"DEFECT","items_purchased":[],"campfire_rested":2,"item_purchase_floors":[],"current_hp_per_floor":[55,55,54,53,53,53,53,53,53,35,35,35,29,15,36,28,60,27,27,27,27,11,32,32,14,14,0],"gold":89,"neow_bonus":"RANDOM_COLORLESS_2","is_prod":false,"is_daily":false,"chose_seed":false,"campfire_upgraded":3,"win_rate":0,"timestamp":1557242919,"path_taken":["M","?","?","M","?","R","M","R","T","?","R","$","M","E","R","BOSS","M","?","?","?","?","R","$","M","T","E"],"build_version":"2019-01-23","purchased_purges":2,"victory":false,"max_hp_per_floor":[71,71,71,71,71,71,71,71,71,71,71,71,71,71,71,71,71,71,71,71,71,71,71,71,71,71,71],"card_choices":[{"not_picked":["Turbo","Go for the Eyes"],"picked":"Reinforced Body","floor":1},{"not_picked":["Conserve Battery","Capacitor"],"picked":"Steam Power","floor":3},{"not_picked":["Auto Shields","White Noise"],"picked":"Steam","floor":4},{"not_picked":["Fusion","Compile Driver","Stack"],"picked":"SKIP","floor":7},{"not_picked":["Go for the Eyes","Streamline","Coolheaded"],"picked":"SKIP","floor":13},{"not_picked":["Conserve Battery","Melter"],"picked":"Seek","floor":14},{"not_picked":["Echo Form","Rainbow"],"picked":"Reboot","floor":16},{"not_picked":["Coolheaded","Cold Snap"],"picked":"Gash+1","floor":18},{"not_picked":["Barrage","Melter"],"picked":"Genetic Algorithm","floor":20},{"not_picked":["Loop","Streamline","Beam Cell"],"picked":"SKIP","floor":22},{"not_picked":["Double Energy","Force Field"],"picked":"Conserve Battery+1","floor":25}],"player_experience":4938834,"relics_obtained":[{"floor":9,"key":"Orichalcum"},{"floor":14,"key":"Emotion Chip"},{"floor":26,"key":"Kunai"}],"event_choices":[{"damage_healed":0,"gold_gain":0,"cards_transformed":["Strike_B"],"player_choice":"Transformed","damage_taken":0,"max_hp_gain":0,"max_hp_loss":0,"event_name":"Transmorgrifier","floor":2,"gold_loss":0,"cards_obtained":["Capacitor"]},{"damage_healed":0,"gold_gain":0,"player_choice":"Success","damage_taken":18,"relics_obtained":["Bag of Preparation"],"max_hp_gain":0,"max_hp_loss":0,"event_name":"Scrap Ooze","floor":10,"gold_loss":0},{"damage_healed":0,"gold_gain":0,"player_choice":"Got Potions","damage_taken":0,"max_hp_gain":0,"max_hp_loss":0,"event_name":"Lab","floor":19,"gold_loss":0},{"damage_healed":0,"gold_gain":0,"player_choice":"Copied","damage_taken":0,"max_hp_gain":0,"max_hp_loss":0,"event_name":"Duplicator","floor":21,"gold_loss":0,"cards_obtained":["Leap"]}],"is_beta":false,"boss_relics":[{"not_picked":["Calling Bell","Runic Dome"],"picked":"Astrolabe"}],"items_purged_floors":[12,24],"is_endless":false,"potions_floor_spawned":[1,3,18,20,25],"killed_by":"Slavers","ascension_level":20}