{"gold_per_floor":[114,189,209,209,209,242,242,262,262,262,302,329,329,20,20,149,149,173,193,193,193,193,229,229,243,243,243,243,287,287,328,328,328],"floor_reached":33,"playtime":1614,"items_purged":[],"score":423,"play_id":"e23c3908-0d96-462c-bc2d-30d5d7f4af99","local_time":"20181230223117","is_ascension_mode":true,"campfire_choices":[{"data":"Body Slam","floor":10,"key":"SMITH"},{"data":"Bash","floor":13,"key":"SMITH"},{"floor":15,"key":"REST"},{"floor":24,"key":"RECALL"},{"data":"Armaments","floor":27,"key":"SMITH"},{"floor":30,"key":"REST"},{"data":"Seeing Red","floor":32,"key":"SMITH"}],"neow_cost":"NONE","seed_source_timestamp":694272764512225,"circlet_count":0,"master_deck":["Defend_R","Defend_R","Defend_R","Defend_R","Bash+1","Headbutt","Body Slam+1","Intimidate","Impervious","Shrug It Off","Spot Weakness","Armaments+1","Evolve+1","Bite","Bite","Bite","Bite","Bite","Seeing Red+1","True Grit+1"],"relics":["Burning Blood","NeowsBlessing","Self Forming Clay","Golden Idol","Pocketwatch","Bronze Scales","Sundial","Sozu","Darkstone Periapt","Orichalcum","Letter Opener","Bag of Marbles","Paper Frog"],"potions_floor_usage":[11,11],"damage_taken":[{"damage":0,"enemies":"Cultist","floor":1,"turns":1},{"damage":0,"enemies":"Small Slimes","floor":3,"turns":1},{"damage":0,"enemies":"Gremlin Nob","floor":6,"turns":1},{"damage":3,"enemies":"2 Louse","floor":8,"turns":3},{"damage":24,"enemies":"Lagavulin","floor":11,"turns":5},{"damage":42,"enemies":"Hexaghost","floor":16,"turns":7},{"damage":17,"enemies":"Spheric Guardian","floor":18,"turns":4},{"damage":0,"enemies":"Chosen","floor":19,"turns":4},{"damage":27,"enemies":"Colosseum Slavers","floor":22,"turns":4},{"damage":5,"enemies":"Slavers","floor":23,"turns":6},{"damage":18,"enemies":"Snake Plant","floor":25,"turns":3},{"damage":69,"enemies":"Gremlin Leader","floor":29,"turns":9},{"damage":23,"enemies":"Slavers","floor":31,"turns":5},{"damage":84,"enemies":"Automaton","floor":33,"turns":6}],"seed_played":"-8868550039920824093","potions_obtained":[{"floor":1,"key":"Energy Potion"},{"floor":8,"key":"Energy Potion"}],"is_trial":false,"path_per_floor":["M","?","M","?","?","E","?","M","T","R","E","T","R","$","R","B",null,"M","M","?","T","?","E","R","M","T","R","?","E","R","E","R","B"],"character_chosen":"IRONCLAD","items_purchased":["Sundial","Armaments"],"campfire_rested":2,"item_purchase_floors":[14,14],"current_hp_per_floor":[80,69,75,68,68,74,54,57,57,57,39,39,39,39,63,27,80,69,75,56,56,48,56,56,48,48,48,48,28,44,46,46,0],"gold":328,"neow_bonus":"THREE_ENEMY_KILL","is_prod":false,"is_daily":false,"chose_seed":false,"campfire_upgraded":4,"win_rate":0,"timestamp":1546176677,"path_taken":["M","?","M","?","?","E","?","M","T","R","E","?","R","?","R","BOSS","M","M","?","?","?","E","R","M","T","R","?","E","R","E","R","BOSS"],"build_version":"2018-12-20","purchased_purges":0,"victory":false,"max_hp_per_floor":[80,80,80,80,80,80,80,80,80,80,80,80,80,80,80,80,80,80,80,56,56,56,56,56,56,56,56,56,56,56,56,56,56],"card_choices":[{"not_picked":["Dropkick","Shrug It Off"],"picked":"Headbutt","floor":1},{"not_picked":["Shrug It Off","Headbutt"],"picked":"Body Slam","floor":3},{"not_picked":["Power Through","Burning Pact"],"picked":"Impervious","floor":6},{"not_picked":["Anger","Sever Soul"],"picked":"Shrug It Off","floor":8},{"not_picked":["Twin Strike","Perfected Strike"],"picked":"Spot Weakness","floor":11},{"not_picked":["Shrug It Off","Bloodletting","Anger+1"],"picked":"SKIP","floor":18},{"not_picked":["Bloodletting","Hemokinesis+1"],"picked":"Evolve+1","floor":19},{"not_picked":["Blood for Blood","Searing Blow","Anger"],"picked":"SKIP","floor":23},{"not_picked":["Reckless Charge","Headbutt","Perfected Strike+1"],"picked":"SKIP","floor":25},{"not_picked":["Warcry","Dark Embrace"],"picked":"Seeing Red","floor":29},{"not_picked":["Warcry","Uppercut+1"],"picked":"True Grit+1","floor":31}],"player_experience":282433,"relics_obtained":[{"floor":6,"key":"Self Forming Clay"},{"floor":9,"key":"Pocketwatch"},{"floor":11,"key":"Bronze Scales"},{"floor":21,"key":"Darkstone Periapt"},{"floor":23,"key":"Orichalcum"},{"floor":26,"key":"Letter Opener"},{"floor":29,"key":"Bag of Marbles"},{"floor":31,"key":"Paper Frog"}],"event_choices":[{"damage_healed":0,"gold_gain":75,"player_choice":"Gather Gold","damage_taken":11,"max_hp_gain":0,"max_hp_loss":0,"event_name":"World of Goop","floor":2,"gold_loss":0},{"cards_removed":["Strike_R"],"damage_healed":0,"gold_gain":0,"player_choice":"Card Removal","damage_taken":7,"max_hp_gain":0,"max_hp_loss":0,"event_name":"Golden Wing","floor":4,"gold_loss":0},{"damage_healed":0,"gold_gain":0,"cards_transformed":["Strike_R"],"player_choice":"Change","damage_taken":0,"max_hp_gain":0,"max_hp_loss":0,"event_name":"Living Wall","floor":5,"gold_loss":0,"cards_obtained":["Intimidate"]},{"damage_healed":0,"gold_gain":0,"player_choice":"Take Damage","damage_taken":20,"relics_obtained":["Golden Idol"],"max_hp_gain":0,"max_hp_loss":0,"event_name":"Golden Idol","floor":7,"gold_loss":0},{"damage_healed":0,"gold_gain":0,"player_choice":"Became a vampire","damage_taken":0,"max_hp_gain":0,"max_hp_loss":24,"event_name":"Vampires","floor":20,"gold_loss":0,"cards_obtained":["Bite","Bite","Bite","Bite","Bite"]},{"damage_healed":0,"gold_gain":0,"player_choice":"Fight","damage_taken":0,"max_hp_gain":0,"max_hp_loss":0,"event_name":"Colosseum","floor":22,"gold_loss":0},{"damage_healed":0,"gold_gain":0,"player_choice":"Fled From Nobs","damage_taken":0,"max_hp_gain":0,"max_hp_loss":0,"event_name":"Colosseum","floor":22,"gold_loss":0},{"damage_healed":0,"gold_gain":0,"player_choice":"Ignored","damage_taken":0,"max_hp_gain":0,"max_hp_loss":0,"event_name":"Ghosts","floor":28,"gold_loss":0}],"is_beta":false,"boss_relics":[{"not_picked":["Lizard Tail","Runic Dome"],"picked":"Sozu"}],"items_purged_floors":[],"is_endless":false,"potions_floor_spawned":[1,8,19,22,25,31],"killed_by":"Automaton","ascension_level":4}