{"gold_per_floor":[116,4,19,34,50,50,65,65,65,65,83,117,17,52,52,52],"floor_reached":16,"playtime":813,"items_purged":["Strike_G","Strike_G"],"score":224,"play_id":"f31b8d8b-1526-42ba-a52f-487cab5de5fc","local_time":"20190411213933","is_ascension_mode":true,"campfire_choices":[{"data":"A Thousand Cuts","floor":6,"key":"SMITH"},{"data":"Neutralize","floor":8,"key":"SMITH"},{"data":"Flechettes","floor":10,"key":"SMITH"},{"floor":15,"key":"REST"}],"neow_cost":"NONE","seed_source_timestamp":3703754385024971,"circlet_count":0,"master_deck":["AscendersBane","Defend_G","Defend_G","Defend_G","Defend_G","Defend_G","Strike_G","Strike_G","Strike_G","Survivor","Neutralize+1","Caltrops","Flechettes+1","Backflip","All Out Attack","A Thousand Cuts+1","PiercingWail","Backflip","Footwork"],"special_seed":0,"relics":["Ring of the Snake","Blood Vial","Pen Nib","Snake Skull","Question Card"],"potions_floor_usage":[7,12,12],"damage_taken":[{"damage":6,"enemies":"Cultist","floor":1,"turns":5},{"damage":7,"enemies":"2 Louse","floor":3,"turns":3},{"damage":8,"enemies":"Jaw Worm","floor":4,"turns":6},{"damage":4,"enemies":"2 Fungi Beasts","floor":5,"turns":3},{"damage":0,"enemies":"Lots of Slimes","floor":7,"turns":2},{"damage":6,"enemies":"Blue Slaver","floor":11,"turns":5},{"damage":12,"enemies":"Gremlin Nob","floor":12,"turns":4},{"damage":24,"enemies":"3 Sentries","floor":14,"turns":6},{"damage":17,"enemies":"Slime Boss","floor":16,"turns":6}],"seed_played":"7781711099184398238","potions_obtained":[{"floor":4,"key":"Block Potion"},{"floor":5,"key":"AttackPotion"},{"floor":11,"key":"Block Potion"}],"is_trial":false,"path_per_floor":["M","$","M","M","M","R","M","R","T","R","M","E","$","E","R","B"],"character_chosen":"THE_SILENT","items_purchased":["Flechettes"],"campfire_rested":1,"item_purchase_floors":[2],"current_hp_per_floor":[55,55,50,44,42,42,44,44,44,44,40,30,30,8,27,12],"gold":52,"neow_bonus":"RANDOM_COMMON_RELIC","is_prod":false,"is_daily":false,"chose_seed":false,"campfire_upgraded":3,"win_rate":0,"timestamp":1554986373,"path_taken":["M","$","M","?","M","R","M","R","T","R","M","E","?","E","R","BOSS"],"build_version":"2019-04-04","purchased_purges":2,"victory":false,"max_hp_per_floor":[66,66,66,66,66,66,66,66,66,66,66,66,66,66,66,66],"card_choices":[{"not_picked":["Underhanded Strike","Bouncing Flask"],"picked":"Caltrops","floor":1},{"not_picked":["Catalyst","Prepared"],"picked":"Backflip","floor":3},{"not_picked":["Underhanded Strike","Poisoned Stab"],"picked":"All Out Attack","floor":4},{"not_picked":["Acrobatics","Blade Dance"],"picked":"A Thousand Cuts","floor":5},{"not_picked":["Dagger Spray","Deflect"],"picked":"PiercingWail","floor":7},{"not_picked":["Setup","Poisoned Stab"],"picked":"Backflip","floor":11},{"not_picked":["Outmaneuver","Burst"],"picked":"Footwork","floor":12},{"not_picked":["Masterful Stab","Accuracy","Distraction"],"picked":"SKIP","floor":14}],"player_experience":2896163,"relics_obtained":[{"floor":9,"key":"Pen Nib"},{"floor":12,"key":"Snake Skull"},{"floor":14,"key":"Question Card"}],"event_choices":[],"is_beta":true,"boss_relics":[],"items_purged_floors":[2,13],"is_endless":false,"potions_floor_spawned":[4,5,11],"killed_by":"Slime Boss","ascension_level":20}