{"gold_per_floor":[117,267,281,296,296,296,326,326,326,251,251,582,612,6,6,80,80,0,0,0,0,0,0,0,0,0,0,0,0,0,0,0,0,0,0,0,0,0,0,0,0,0,0,0,0,0,0,0,0,0,0,0,0,0],"floor_reached":54,"playtime":4298,"items_purged":["Regret"],"score":1402,"play_id":"1d7fc321-aafe-4d10-bd34-8218173d979a","local_time":"20190521121613","is_ascension_mode":true,"campfire_choices":[{"data":"Body Slam","floor":6.0,"key":"SMITH"},{"data":"True Grit","floor":8.0,"key":"SMITH"},{"data":"Bash","floor":11.0,"key":"SMITH"},{"floor":15.0,"key":"REST"},{"floor":23.0,"key":"REST"},{"floor":25.0,"key":"REST"},{"data":"Dark Embrace","floor":28.0,"key":"SMITH"},{"floor":30.0,"key":"REST"},{"floor":32.0,"key":"REST"},{"data":"Armaments","floor":41.0,"key":"SMITH"},{"floor":44.0,"key":"REST"},{"floor":49.0,"key":"RECALL"},{"data":"Feel No Pain","floor":52,"key":"SMITH"}],"neow_cost":"NONE","seed_source_timestamp":0,"circlet_count":0,"master_deck":["AscendersBane","Strike_R","Strike_R","Defend_R","Defend_R","Defend_R","Defend_R","Bash+1","Body Slam+1","Evolve","True Grit+1","Headbutt","Juggernaut","Reckless Charge","Dark Embrace+1","Shrug It Off","Fiend Fire","Flex","Intimidate+1","Impervious","Immolate","Shrug It Off","Iron Wave+1","True Grit","Armaments+1","Dark Embrace","Thunderclap+1","Fiend Fire","Sentinel","Feel No Pain+1","Sentinel","Corruption+1"],"special_seed":0,"relics":["Burning Blood","Tiny Chest","Champion Belt","Old Coin","Strawberry","TheAbacus","Ectoplasm","Red Skull","Dream Catcher","Vajra","Lizard Tail","Bag of Preparation","Incense Burner","Paper Frog","Juzu Bracelet"],"potions_floor_usage":[],"damage_taken":[{"damage":5.0,"enemies":"Small Slimes","floor":1.0,"turns":3.0},{"damage":1.0,"enemies":"2 Louse","floor":3.0,"turns":2.0},{"damage":14.0,"enemies":"Jaw Worm","floor":4.0,"turns":5.0},{"damage":52.0,"enemies":"Gremlin Nob","floor":12.0,"turns":6.0},{"damage":21.0,"enemies":"Slime Boss","floor":16.0,"turns":9.0},{"damage":17.0,"enemies":"2 Thieves","floor":18.0,"turns":4.0},{"damage":23.0,"enemies":"3 Byrds","floor":21.0,"turns":7.0},{"damage":31.0,"enemies":"Snake Plant","floor":22.0,"turns":4.0},{"damage":16.0,"enemies":"Slavers","floor":24.0,"turns":7.0},{"damage":34.0,"enemies":"Book of Stabbing","floor":27.0,"turns":6.0},{"damage":17.0,"enemies":"Shelled Parasite and Fungi","floor":29.0,"turns":4.0},{"damage":13.0,"enemies":"Snecko","floor":31.0,"turns":5.0},{"damage":64.0,"enemies":"Champ","floor":33.0,"turns":11.0},{"damage":8.0,"enemies":"Orb Walker","floor":35.0,"turns":3.0},{"damage":8.0,"enemies":"3 Shapes","floor":36.0,"turns":4.0},{"damage":16.0,"enemies":"3 Darklings","floor":38.0,"turns":5.0},{"damage":59.0,"enemies":"Nemesis","floor":40.0,"turns":7.0},{"damage":52.0,"enemies":"Writhing Mass","floor":45.0,"turns":8.0},{"damage":0.0,"enemies":"Sphere and 2 Shapes","floor":46.0,"turns":5.0},{"damage":21.0,"enemies":"Reptomancer","floor":47.0,"turns":6.0},{"damage":17.0,"enemies":"3 Darklings","floor":48.0,"turns":8.0},{"damage":0,"enemies":"Donu and Deca","floor":50,"turns":5},{"damage":76,"enemies":"Shield and Spear","floor":54,"turns":3}],"seed_played":"-675838361252247676","potions_obtained":[{"floor":4.0,"key":"SneckoOil"},{"floor":22.0,"key":"Weak Potion"},{"floor":24.0,"key":"Energy Potion"},{"floor":29.0,"key":"FearPotion"},{"floor":33.0,"key":"Poison Potion"},{"floor":36.0,"key":"SneckoOil"},{"floor":38.0,"key":"Dexterity Potion"},{"floor":40.0,"key":"Strength Potion"},{"floor":47.0,"key":"SteroidPotion"}],"is_trial":false,"path_per_floor":["M","?","M","M","?","R","?","R","T","$","R","E","?","$","R","B",null,"M","$","?","M","M","R","E","R","T","E","R","M","R","M","R","B",null,"M","M","?","M","T","E","R","T","T","R","M","M","E","M","R","B",null,"R","$","E"],"character_chosen":"IRONCLAD","items_purchased":["Juggernaut","Reckless Charge","Strawberry","TheAbacus","SteroidPotion"],"campfire_rested":6,"item_purchase_floors":[14,14,14,14,14],"current_hp_per_floor":[76,76,81,73,66,66,66,66,66,66,66,20,20,27,53,38,76,65,65,65,48,23,49,39,65,65,37,37,26,52,45,71,13,70,68,66,66,56,56,47,47,47,47,73,27,33,18,7,7,13,70,70,70,0],"gold":0,"neow_bonus":"TEN_PERCENT_HP_BONUS","is_prod":false,"is_daily":false,"chose_seed":false,"campfire_upgraded":6,"win_rate":0,"timestamp":1558408573,"path_taken":["M","?","M","M","?","R","?","R","T","$","R","E","?","$","R","BOSS","M","$","?","M","M","R","E","R","T","E","R","M","R","M","R","BOSS","M","M","?","?","?","E","R","?","T","R","?","M","E","M","R","BOSS","R","$","E"],"build_version":"2019-05-07","purchased_purges":1,"victory":false,"max_hp_per_floor":[82,82,82,82,82,82,82,82,82,82,82,82,82,89,89,89,89,89,89,89,89,89,89,89,89,89,89,89,89,89,89,89,89,89,89,89,89,89,89,89,89,89,89,89,89,89,89,89,89,89,89,89,89,89],"card_choices":[{"not_picked":["Headbutt","Sword Boomerang"],"picked":"Body Slam","floor":1.0},{"not_picked":["Rage","Uppercut"],"picked":"Evolve","floor":3.0},{"not_picked":["Headbutt","Pommel Strike"],"picked":"True Grit","floor":4.0},{"not_picked":["Anger","Sword Boomerang"],"picked":"Headbutt","floor":12.0},{"not_picked":["Reaper","Brutality"],"picked":"Dark Embrace","floor":16.0},{"not_picked":["Twin Strike","Sentinel"],"picked":"Shrug It Off","floor":18.0},{"not_picked":["Evolve","Flex"],"picked":"Intimidate+1","floor":21.0},{"not_picked":["Havoc","Wild Strike","Perfected Strike"],"picked":"SKIP","floor":22.0},{"not_picked":["Wild Strike","Fire Breathing"],"picked":"Impervious","floor":24.0},{"not_picked":["Anger","Sword Boomerang"],"picked":"Immolate","floor":27.0},{"not_picked":["Rage","Ghostly Armor"],"picked":"Shrug It Off","floor":29.0},{"not_picked":["Body Slam","Burning Pact+1"],"picked":"Iron Wave+1","floor":30.0},{"not_picked":["Clash","Perfected Strike"],"picked":"True Grit","floor":31.0},{"not_picked":["Shrug It Off","Rage"],"picked":"Armaments","floor":32.0},{"not_picked":["Double Tap","Brutality"],"picked":"Dark Embrace","floor":33.0},{"not_picked":["Armaments","Flex+1","Whirlwind"],"picked":"SKIP","floor":35.0},{"not_picked":["Inflame","Blood for Blood"],"picked":"Thunderclap+1","floor":36.0},{"not_picked":["True Grit","Heavy Blade","Perfected Strike"],"picked":"SKIP","floor":38.0},{"not_picked":["Hemokinesis","Second Wind"],"picked":"Fiend Fire","floor":40.0},{"not_picked":["Wild Strike","Anger"],"picked":"Sentinel","floor":45.0},{"not_picked":["Fire Breathing+1","Combust"],"picked":"Feel No Pain","floor":46.0},{"not_picked":["Thunderclap","Corruption"],"picked":"Sentinel","floor":47.0},{"not_picked":["Rampage+1","Bloodletting"],"picked":"Corruption+1","floor":48.0}],"player_experience":3295349,"relics_obtained":[{"floor":9.0,"key":"Champion Belt"},{"floor":12.0,"key":"Old Coin"},{"floor":24.0,"key":"Red Skull"},{"floor":26.0,"key":"Dream Catcher"},{"floor":27.0,"key":"Vajra"},{"floor":40.0,"key":"Bag of Preparation"},{"floor":42.0,"key":"Incense Burner"},{"floor":43.0,"key":"Paper Frog"},{"floor":47.0,"key":"Juzu Bracelet"}],"event_choices":[{"damage_healed":0.0,"max_hp_gain":0.0,"max_hp_loss":0.0,"gold_gain":150.0,"event_name":"Liars Game","player_choice":"AGREE","floor":2.0,"gold_loss":0.0,"damage_taken":0.0,"cards_obtained":["Doubt"]},{"cards_removed":["Doubt"],"damage_healed":0.0,"max_hp_gain":0.0,"max_hp_loss":0.0,"gold_gain":0.0,"event_name":"Golden Wing","player_choice":"Card Removal","floor":5.0,"gold_loss":0.0,"damage_taken":7.0},{"damage_healed":0.0,"max_hp_gain":0.0,"max_hp_loss":0.0,"gold_gain":0.0,"event_name":"Big Fish","player_choice":"Box","floor":7.0,"gold_loss":0.0,"damage_taken":0.0,"relics_obtained":["Tiny Chest"],"cards_obtained":["Regret"]},{"damage_healed":0.0,"max_hp_gain":0.0,"max_hp_loss":0.0,"gold_gain":30.0,"event_name":"Dead Adventurer","player_choice":"Searched \u00272\u0027 times","floor":13.0,"gold_loss":0.0,"damage_taken":0.0},{"damage_healed":0.0,"max_hp_gain":0.0,"max_hp_loss":0.0,"gold_gain":0.0,"cards_transformed":["Strike_R","Strike_R"],"event_name":"Drug Dealer","player_choice":"Became Test Subject","floor":20.0,"gold_loss":0.0,"damage_taken":0.0,"cards_obtained":["Fiend Fire","Flex"]},{"cards_removed":["Strike_R"],"damage_healed":0.0,"max_hp_gain":0.0,"max_hp_loss":0.0,"gold_gain":0.0,"event_name":"Purifier","player_choice":"Purged","floor":37.0,"gold_loss":0.0,"damage_taken":0.0}],"is_beta":true,"boss_relics":[{"not_picked":["Calling Bell","Snecko Eye"],"picked":"Ectoplasm"},{"not_picked":["Black Star","Sozu"],"picked":"Lizard Tail"}],"items_purged_floors":[10],"is_endless":false,"potions_floor_spawned":[4,22,24,29,33,36,38,40,47],"killed_by":"Shield and Spear","ascension_level":17}