{"gold_per_floor":[117,42,42,42,42,42,42,74,100,100,126,141,141,158,158,236,236,254,268,2,19,32,32,43,43,68,86,105,105,155,165,165,243,243,256,356,356,37,37,62,82,82,162,162,42,42,42,75,75,75],"floor_reached":51,"playtime":3635,"items_purged":["Strike_B","Strike_B","Strike_B","Defend_B"],"score":1296,"play_id":"7f628e43-ee86-491e-addb-33896b0c97fa","local_time":"20181203094205","is_ascension_mode":true,"campfire_choices":[{"data":"Zap","floor":6.0,"key":"SMITH"},{"data":"Self Repair","floor":10.0,"key":"SMITH"},{"data":"Genetic Algorithm","floor":13.0,"key":"SMITH"},{"data":"Streamline","floor":15.0,"key":"SMITH"},{"data":"Apotheosis","floor":23.0,"key":"SMITH"},{"data":"Biased Cognition","floor":29.0,"key":"SMITH"},{"data":"White Noise","floor":32.0,"key":"SMITH"},{"data":"Capacitor","floor":42,"key":"SMITH"},{"data":"Seek","floor":44,"key":"SMITH"},{"data":"Capacitor","floor":47,"key":"SMITH"},{"data":"Thinking Ahead","floor":49,"key":"SMITH"}],"neow_cost":"TEN_PERCENT_HP_LOSS","seed_source_timestamp":279937262676573,"circlet_count":0,"master_deck":["AscendersBane","Defend_B","Defend_B","Defend_B","Zap+1","Dualcast","Seek+1","Streamline+1","Self Repair+1","Genetic Algorithm+1","Biased Cognition+1","Apotheosis+1","Self Repair","Leap","White Noise+1","Glacier","Zap","FTL","Reinforced Body","Streamline+1","Echo Form","Capacitor+1","Thinking Ahead+1","Ball Lightning","Deep Breath","Thinking Ahead","Flash of Steel","Aggregate+1","FTL","Capacitor+1"],"special_seed":0,"relics":["Cracked Core","Smiling Mask","Strawberry","Omamori","DataDisk","Runic Dome","Oddly Smooth Stone","Snecko Eye","Thread and Needle","Calipers","Singing Bowl","Bronze Scales"],"potions_floor_usage":[33,33,33,33,50,50],"damage_taken":[{"damage":7.0,"enemies":"Jaw Worm","floor":1.0,"turns":5.0},{"damage":20.0,"enemies":"Lagavulin","floor":8.0,"turns":6.0},{"damage":0.0,"enemies":"Small Slimes","floor":12.0,"turns":3.0},{"damage":0.0,"enemies":"2 Louse","floor":14.0,"turns":2.0},{"damage":34.0,"enemies":"Slime Boss","floor":16.0,"turns":8.0},{"damage":36.0,"enemies":"3 Byrds","floor":18.0,"turns":4.0},{"damage":6.0,"enemies":"Spheric Guardian","floor":19.0,"turns":3.0},{"damage":31.0,"enemies":"3 Cultists","floor":21.0,"turns":6.0},{"damage":5.0,"enemies":"Snecko","floor":22.0,"turns":6.0},{"damage":3.0,"enemies":"Centurion and Healer","floor":24.0,"turns":9.0},{"damage":17.0,"enemies":"Cultist and Chosen","floor":27.0,"turns":7.0},{"damage":2.0,"enemies":"Sentry and Sphere","floor":28.0,"turns":4.0},{"damage":2.0,"enemies":"Centurion and Healer","floor":31.0,"turns":8.0},{"damage":23,"enemies":"Collector","floor":33,"turns":15},{"damage":10,"enemies":"Orb Walker","floor":35,"turns":4},{"damage":4,"enemies":"Mind Bloom Boss Battle","floor":36,"turns":11},{"damage":26,"enemies":"Nemesis","floor":40,"turns":9},{"damage":6,"enemies":"3 Shapes","floor":41,"turns":4},{"damage":0,"enemies":"Giant Head","floor":48,"turns":10},{"damage":0,"enemies":"Donu and Deca","floor":50,"turns":17}],"seed_played":"4650177860846695143","potions_obtained":[{"floor":12.0,"key":"Weak Potion"},{"floor":16.0,"key":"Weak Potion"},{"floor":21.0,"key":"EntropicBrew"},{"floor":22.0,"key":"EntropicBrew"},{"floor":33,"key":"Explosive Potion"}],"is_trial":false,"path_per_floor":["M","$","?","?","?","R","?","E","T","R","T","M","R","M","R","B",null,"M","M","$","M","M","R","M","?","T","M","M","R","?","M","R","B",null,"M","?","?","$","?","E","M","R","T","R","$","?","R","E","R","B",null],"character_chosen":"DEFECT","items_purchased":["Apotheosis","Self Repair","Ancient Potion","Thinking Ahead","Ball Lightning","Capacitor"],"campfire_rested":0,"item_purchase_floors":[20,20,38,38,38,45],"current_hp_per_floor":[57,57,39,60,60,60,60,47,47,47,47,57,57,57,57,33,62,36,40,40,26,41,41,58,58,58,61,69,69,69,71,71,65,70,71,71,71,71,61,55,69,69,69,69,69,69,69,73,73,73],"gold":75,"neow_bonus":"THREE_RARE_CARDS","is_prod":false,"is_daily":false,"chose_seed":false,"campfire_upgraded":11,"win_rate":0,"timestamp":1543797725,"path_taken":["M","$","?","?","?","R","?","E","T","R","?","M","R","?","R","BOSS","M","M","$","M","M","R","?","?","T","?","M","R","?","M","R","BOSS","M","?","?","$","?","E","M","R","T","R","?","?","R","E","R","BOSS"],"build_version":"2018-11-15","purchased_purges":4,"victory":true,"max_hp_per_floor":[64,64,64,64,64,64,64,71,71,71,71,71,71,71,71,71,71,71,71,71,71,71,71,71,71,71,71,71,71,71,71,71,71,71,71,71,71,71,71,71,71,71,71,71,71,71,71,73,73,73],"card_choices":[{"not_picked":["Buffer","Hyperbeam"],"picked":"Seek","floor":0.0},{"not_picked":["Stack","Loop"],"picked":"Streamline","floor":1.0},{"not_picked":["Compile Driver","Fission"],"picked":"Self Repair","floor":8.0},{"not_picked":["Chill","Hello World"],"picked":"Genetic Algorithm","floor":12.0},{"not_picked":["Stack","Sweeping Beam","Hello World"],"picked":"SKIP","floor":14.0},{"not_picked":["Meteor Strike","Amplify"],"picked":"Biased Cognition","floor":16.0},{"not_picked":["Heatsinks","Gash","Sweeping Beam"],"picked":"SKIP","floor":18.0},{"not_picked":["Fusion","Barrage"],"picked":"Gash+1","floor":19.0},{"not_picked":["Beam Cell","Tempest"],"picked":"Leap","floor":21.0},{"not_picked":["Reprogram+1","Conserve Battery"],"picked":"White Noise","floor":22.0},{"not_picked":["Recycle","Force Field"],"picked":"Glacier","floor":24.0},{"not_picked":["Recycle","Steam Power"],"picked":"FTL","floor":27.0},{"not_picked":["Rebound","Consume"],"picked":"Reinforced Body","floor":28.0},{"not_picked":["Force Field","BootSequence"],"picked":"Streamline+1","floor":31.0},{"not_picked":["Creative AI","Multi-Cast"],"picked":"Echo Form","floor":33},{"not_picked":["Undo","Hello World","Auto Shields"],"picked":"SKIP","floor":35},{"not_picked":["Genetic Algorithm","Gash"],"picked":"Capacitor","floor":36},{"not_picked":["Impatience","Apotheosis"],"picked":"Deep Breath","floor":39},{"not_picked":["Transmutation","HandOfGreed"],"picked":"Thinking Ahead","floor":39},{"not_picked":["Good Instincts","Swift Strike"],"picked":"Flash of Steel","floor":39},{"not_picked":["Steam","Redo"],"picked":"Aggregate+1","floor":40},{"not_picked":["Aggregate","Static Discharge"],"picked":"FTL","floor":41},{"not_picked":["Sweeping Beam","Recycle+1","Undo"],"picked":"Singing Bowl","floor":48}],"player_experience":2489450,"relics_obtained":[{"floor":8.0,"key":"Strawberry"},{"floor":9.0,"key":"Omamori"},{"floor":11.0,"key":"DataDisk"},{"floor":26.0,"key":"Oddly Smooth Stone"},{"floor":36,"key":"Thread and Needle"},{"floor":40,"key":"Calipers"},{"floor":43,"key":"Singing Bowl"},{"floor":48,"key":"Bronze Scales"}],"event_choices":[{"damage_healed":0.0,"max_hp_gain":0.0,"max_hp_loss":0.0,"gold_gain":0.0,"event_name":"Scrap Ooze","player_choice":"Success","floor":3.0,"gold_loss":0.0,"damage_taken":18.0,"relics_obtained":["Smiling Mask"]},{"damage_healed":21.0,"max_hp_gain":0.0,"max_hp_loss":0.0,"gold_gain":0.0,"event_name":"Big Fish","player_choice":"Banana","floor":4.0,"gold_loss":0.0,"damage_taken":0.0},{"cards_removed":["Strike_B"],"damage_healed":0.0,"max_hp_gain":0.0,"max_hp_loss":0.0,"gold_gain":0.0,"event_name":"Living Wall","player_choice":"Forget","floor":5.0,"gold_loss":0.0,"damage_taken":0.0},{"damage_healed":0.0,"max_hp_gain":0.0,"max_hp_loss":0.0,"gold_gain":0.0,"event_name":"Liars Game","player_choice":"Ignored","floor":7.0,"gold_loss":0.0,"damage_taken":0.0},{"damage_healed":0.0,"max_hp_gain":0.0,"max_hp_loss":0.0,"gold_gain":0.0,"event_name":"Match and Keep!","player_choice":"3 cards matched","floor":25.0,"gold_loss":0.0,"damage_taken":0.0,"cards_obtained":["Normality","Zap","Normality"]},{"damage_healed":0.0,"max_hp_gain":0.0,"max_hp_loss":0.0,"gold_gain":50.0,"event_name":"Nest","player_choice":"Stole From Cult","floor":30.0,"gold_loss":0.0,"damage_taken":0.0},{"damage_healed":0,"gold_gain":0,"player_choice":"Fight","damage_taken":0,"max_hp_gain":0,"max_hp_loss":0,"event_name":"MindBloom","floor":36,"gold_loss":0},{"damage_healed":0,"gold_gain":0,"player_choice":"Ignored","damage_taken":0,"max_hp_gain":0,"max_hp_loss":0,"event_name":"Tomb of Lord Red Mask","floor":37,"gold_loss":0},{"damage_healed":0,"gold_gain":0,"player_choice":"Memory 3","damage_taken":10,"max_hp_gain":0,"max_hp_loss":0,"event_name":"SensoryStone","floor":39,"gold_loss":0},{"cards_removed":["Gash"],"damage_healed":0,"gold_gain":0,"player_choice":"Removed Attack","damage_taken":0,"max_hp_gain":0,"max_hp_loss":0,"event_name":"Falling","floor":46,"gold_loss":0}],"is_beta":true,"boss_relics":[{"not_picked":["Black Star","Orrery"],"picked":"Runic Dome"},{"not_picked":["Calling Bell","Lizard Tail"],"picked":"Snecko Eye"}],"items_purged_floors":[2,20,38,45],"is_endless":false,"potions_floor_spawned":[12,16,21,22,24,28,31,33],"ascension_level":15}