{"gold_per_floor":[19,36,52,67,67,67,83,113,189,189,189,189,214,247,247,247],"floor_reached":16,"playtime":853,"items_purged":[],"score":200,"play_id":"2432ef0b-684a-4b74-8997-f473970bd0cb","local_time":"20190308093101","is_ascension_mode":true,"campfire_choices":[{"data":"Neutralize","floor":6,"key":"SMITH"},{"data":"Setup","floor":12,"key":"SMITH"},{"data":"Bouncing Flask","floor":15,"key":"SMITH"}],"neow_cost":"NO_GOLD","seed_source_timestamp":722590076550357,"circlet_count":0,"master_deck":["AscendersBane","Defend_G","Defend_G","Defend_G","Defend_G","Defend_G","Strike_G","Strike_G","Strike_G","Strike_G","Survivor","Neutralize+1","Finesse","Finesse","Bouncing Flask+1","Backflip","Setup+1","Bullet Time+1","After Image"],"relics":["Ring of the Snake","Odd Mushroom","Pantograph","PreservedInsect","Torii"],"potions_floor_usage":[8],"damage_taken":[{"damage":12,"enemies":"Jaw Worm","floor":1,"turns":8},{"damage":1,"enemies":"2 Louse","floor":2,"turns":3},{"damage":0,"enemies":"Cultist","floor":3,"turns":3},{"damage":11,"enemies":"2 Fungi Beasts","floor":4,"turns":6},{"damage":0,"enemies":"Looter","floor":7,"turns":3},{"damage":0,"enemies":"The Mushroom Lair","floor":8,"turns":5},{"damage":20,"enemies":"Lagavulin","floor":14,"turns":6},{"damage":64,"enemies":"Slime Boss","floor":16,"turns":12}],"seed_played":"6706196149576752171","potions_obtained":[{"floor":1,"key":"Ancient Potion"},{"floor":2,"key":"SkillPotion"}],"is_trial":false,"path_per_floor":["M","M","M","M","?","R","M","?","T","?","?","R","T","E","R","B"],"character_chosen":"THE_SILENT","items_purchased":[],"campfire_rested":0,"item_purchase_floors":[],"current_hp_per_floor":[47,46,46,35,35,35,35,35,35,28,50,50,50,30,30,0],"gold":247,"neow_bonus":"RANDOM_COLORLESS_2","is_prod":false,"is_daily":false,"chose_seed":false,"campfire_upgraded":3,"win_rate":0,"timestamp":1552005061,"path_taken":["M","M","M","M","?","R","M","?","T","?","?","R","?","E","R","BOSS"],"build_version":"2019-02-06","purchased_purges":0,"victory":false,"max_hp_per_floor":[66,66,66,66,66,66,66,66,66,66,66,66,66,66,66,66],"card_choices":[{"not_picked":["Bane","Choke"],"picked":"Bouncing Flask","floor":1},{"not_picked":["PiercingWail","Cloak And Dagger"],"picked":"Backflip","floor":2},{"not_picked":["Flying Knee","Deadly Poison"],"picked":"Setup","floor":3},{"not_picked":["Infinite Blades","Dagger Spray"],"picked":"Bullet Time","floor":4},{"not_picked":["Bane","Distraction","Deadly Poison"],"picked":"SKIP","floor":7},{"not_picked":["Outmaneuver","Distraction"],"picked":"After Image","floor":14}],"player_experience":2652575,"relics_obtained":[{"floor":8,"key":"Odd Mushroom"},{"floor":9,"key":"Pantograph"},{"floor":13,"key":"PreservedInsect"},{"floor":14,"key":"Torii"}],"event_choices":[{"damage_healed":0,"gold_gain":0,"player_choice":"Grow","damage_taken":0,"max_hp_gain":0,"max_hp_loss":0,"event_name":"Living Wall","floor":5,"gold_loss":0,"cards_upgraded":["Bullet Time"]},{"damage_healed":0,"gold_gain":0,"player_choice":"Fought Mushrooms","damage_taken":0,"max_hp_gain":0,"max_hp_loss":0,"event_name":"Mushrooms","floor":8,"gold_loss":0},{"cards_removed":["Strike_G"],"damage_healed":0,"gold_gain":0,"player_choice":"Card Removal","damage_taken":7,"max_hp_gain":0,"max_hp_loss":0,"event_name":"Golden Wing","floor":10,"gold_loss":0},{"damage_healed":22,"gold_gain":0,"player_choice":"Banana","damage_taken":0,"max_hp_gain":0,"max_hp_loss":0,"event_name":"Big Fish","floor":11,"gold_loss":0}],"is_beta":true,"boss_relics":[],"items_purged_floors":[],"is_endless":false,"potions_floor_spawned":[1,2],"killed_by":"Slime Boss","ascension_level":20}