{"gold_per_floor":[115,16,16,31,47,47,63,63,88,104,135,148,178,189,189,262,262,275,286,286,303,322,356,356,369,422,59,59,59,74,90,90,161,161,181,194,205,205,205,205,236,348,360,387,429,46,46,61,61,61,61,61,21,50,50],"floor_reached":56,"playtime":4469,"items_purged":["Pain","Bash"],"score":2322,"play_id":"5694757d-a15e-40d7-a944-14dcabc4650c","local_time":"20190420191412","is_ascension_mode":true,"campfire_choices":[{"data":"Inflame","floor":6.0,"key":"SMITH"},{"data":"Flame Barrier","floor":8.0,"key":"SMITH"},{"floor":15.0,"key":"REST"},{"floor":24.0,"key":"REST"},{"floor":28.0,"key":"RECALL"},{"floor":32.0,"key":"REST"},{"floor":40.0,"key":"REST"},{"floor":47.0,"key":"DIG"},{"floor":49,"key":"DIG"},{"floor":52,"key":"DIG"}],"neow_cost":"PERCENT_DAMAGE","seed_source_timestamp":699209727471828,"circlet_count":0,"master_deck":["AscendersBane","Inflame+1","Twin Strike","Battle Trance+1","Flame Barrier+1","Intimidate","Shockwave","Dropkick","Iron Wave","Shrug It Off+1","Impervious+1","Burning Pact+1","Shrug It Off+1","Uppercut","Flex+1","True Grit+1","Disarm+1","Offering+1","Offering+1","Whirlwind","Exhume+1","Heavy Blade","Heavy Blade","Havoc+1","Double Tap+1","Shockwave+1","Headbutt","Reaper","Double Tap+1","Enlightenment+1","Jack Of All Trades+1","Flash of Steel","Madness+1","Madness+1","Dark Embrace","Feel No Pain","Warcry+1","Spot Weakness+1","Heavy Blade+1","Sentinel+1","Entrench+1"],"special_seed":0,"relics":["Burning Blood","WarpedTongs","War Paint","Toxic Egg 2","Fusion Hammer","Nloth\u0027s Gift","Charon\u0027s Ashes","Gremlin Horn","Pandora\u0027s Box","MawBank","Shovel","Molten Egg 2","Oddly Smooth Stone","Lantern","Meat on the Bone","Orichalcum","Kunai","Mercury Hourglass"],"potions_floor_usage":[55],"damage_taken":[{"damage":4.0,"enemies":"Small Slimes","floor":1.0,"turns":5.0},{"damage":4.0,"enemies":"Cultist","floor":4.0,"turns":3.0},{"damage":17.0,"enemies":"2 Louse","floor":5.0,"turns":3.0},{"damage":4.0,"enemies":"Looter","floor":7.0,"turns":4.0},{"damage":0.0,"enemies":"Exordium Wildlife","floor":10.0,"turns":4.0},{"damage":12.0,"enemies":"Lagavulin","floor":11.0,"turns":7.0},{"damage":19.0,"enemies":"Exordium Thugs","floor":12.0,"turns":8.0},{"damage":26.0,"enemies":"Gremlin Nob","floor":13.0,"turns":4.0},{"damage":6.0,"enemies":"Blue Slaver","floor":14.0,"turns":2.0},{"damage":20.0,"enemies":"Slime Boss","floor":16.0,"turns":7.0},{"damage":5.0,"enemies":"3 Byrds","floor":18.0,"turns":8.0},{"damage":21.0,"enemies":"2 Thieves","floor":19.0,"turns":4.0},{"damage":14.0,"enemies":"Sentry and Sphere","floor":21.0,"turns":8.0},{"damage":10.0,"enemies":"Snake Plant","floor":22.0,"turns":5.0},{"damage":17.0,"enemies":"Slavers","floor":23.0,"turns":7.0},{"damage":12.0,"enemies":"Centurion and Healer","floor":25.0,"turns":11.0},{"damage":10.0,"enemies":"Sentry and Sphere","floor":30.0,"turns":8.0},{"damage":0.0,"enemies":"Snecko","floor":31.0,"turns":5.0},{"damage":89.0,"enemies":"Automaton","floor":33.0,"turns":13.0},{"damage":5.0,"enemies":"3 Darklings","floor":35.0,"turns":2.0},{"damage":8.0,"enemies":"Orb Walker","floor":36.0,"turns":4.0},{"damage":19.0,"enemies":"Transient","floor":37.0,"turns":6.0},{"damage":6.0,"enemies":"Nemesis","floor":41.0,"turns":1.0},{"damage":9.0,"enemies":"Mind Bloom Boss Battle","floor":42.0,"turns":5.0},{"damage":17.0,"enemies":"4 Shapes","floor":44.0,"turns":2.0},{"damage":12.0,"enemies":"Reptomancer","floor":45.0,"turns":3.0},{"damage":18.0,"enemies":"Sphere and 2 Shapes","floor":48.0,"turns":2.0},{"damage":17,"enemies":"Awakened One","floor":50,"turns":4},{"damage":18,"enemies":"Shield and Spear","floor":54,"turns":2},{"damage":18,"enemies":"The Heart","floor":55,"turns":5}],"seed_played":"1461046514313964784","potions_obtained":[{"floor":1.0,"key":"EssenceOfSteel"},{"floor":5.0,"key":"Fire Potion"},{"floor":10.0,"key":"FearPotion"},{"floor":14.0,"key":"Explosive Potion"},{"floor":16.0,"key":"Block Potion"},{"floor":19.0,"key":"AttackPotion"},{"floor":22.0,"key":"BloodPotion"},{"floor":31.0,"key":"BloodPotion"},{"floor":33.0,"key":"Fruit Juice"},{"floor":36.0,"key":"Explosive Potion"},{"floor":37.0,"key":"GamblersBrew"},{"floor":41.0,"key":"Swift Potion"}],"is_trial":false,"path_per_floor":["M","$","?","M","M","R","M","R","T","M","E","M","E","M","R","B",null,"M","M","?","M","M","E","R","M","T","$","R","$","M","M","R","B",null,"M","M","M","?","?","R","E","?","T","M","E","$","R","M","R","B",null,"R","$","E","B",null],"character_chosen":"IRONCLAD","items_purchased":["Inflame","SteroidPotion","Gremlin Horn","Lantern","Spot Weakness+1","Swift Potion","Sentinel+1"],"campfire_rested":4,"item_purchase_floors":[2,2,27,46,46,46,53],"current_hp_per_floor":[66,66,66,68,57,57,59,59,59,65,66,53,33,33,61,47,84,85,70,70,62,58,56,84,78,78,78,78,78,74,80,96,22,78,84,82,69,59,41,71,71,84,84,101,101,101,101,101,101,101,101,101,101,101,89],"gold":50,"neow_bonus":"TWENTY_PERCENT_HP_BONUS","is_prod":false,"is_daily":false,"chose_seed":false,"campfire_upgraded":2,"win_rate":0,"timestamp":1555755252,"path_taken":["M","$","?","M","M","R","M","R","T","?","E","M","E","M","R","BOSS","M","M","?","M","M","E","R","M","T","$","R","$","M","M","R","BOSS","M","M","?","?","?","R","E","?","T","?","E","$","R","M","R","BOSS","R","$","E","BOSS"],"build_version":"2019-04-04","purchased_purges":2,"victory":true,"max_hp_per_floor":[89,89,89,89,89,89,89,89,89,89,96,96,96,96,96,96,96,96,96,96,96,96,96,96,96,96,96,96,96,96,96,96,96,96,101,101,101,101,101,101,101,101,101,101,101,101,101,101,101,101,101,101,101,101,101],"card_choices":[{"not_picked":["Hemokinesis","Combust","Headbutt"],"picked":"SKIP","floor":1.0},{"not_picked":["Iron Wave","Thunderclap"],"picked":"Twin Strike","floor":4.0},{"not_picked":["Armaments","Anger"],"picked":"Battle Trance","floor":5.0},{"not_picked":["Havoc","Rampage"],"picked":"Flame Barrier","floor":7.0},{"not_picked":["Blood for Blood","Heavy Blade"],"picked":"Intimidate","floor":10.0},{"not_picked":["Second Wind","Pummel"],"picked":"Shockwave","floor":11.0},{"not_picked":["Rage","Body Slam"],"picked":"Dropkick","floor":12.0},{"not_picked":["Corruption","Clothesline"],"picked":"Iron Wave","floor":13.0},{"not_picked":["Metallicize","Clothesline"],"picked":"Shrug It Off+1","floor":14.0},{"not_picked":["Bludgeon","Demon Form"],"picked":"Impervious+1","floor":16.0},{"not_picked":["Havoc+1","Iron Wave"],"picked":"Burning Pact+1","floor":18.0},{"not_picked":["Whirlwind","Cleave"],"picked":"Shrug It Off+1","floor":19.0},{"not_picked":["Perfected Strike+1","Rampage"],"picked":"Uppercut","floor":21.0},{"not_picked":["Shrug It Off+1","Iron Wave"],"picked":"Flex+1","floor":22.0},{"not_picked":["Iron Wave","Hemokinesis"],"picked":"True Grit+1","floor":23.0},{"not_picked":["Shockwave+1","Blood for Blood"],"picked":"Disarm+1","floor":25.0},{"not_picked":["Shrug It Off+1","Dual Wield+1"],"picked":"Offering+1","floor":30.0},{"not_picked":["Twin Strike","Clash","Armaments+1"],"picked":"SKIP","floor":31.0},{"not_picked":["Juggernaut","Double Tap+1"],"picked":"Offering+1","floor":33.0},{"not_picked":["Havoc+1","Iron Wave","Twin Strike"],"picked":"SKIP","floor":35.0},{"not_picked":["Headbutt+1","Searing Blow","Anger"],"picked":"SKIP","floor":36.0},{"not_picked":["Body Slam","Iron Wave"],"picked":"Double Tap+1","floor":37.0},{"not_picked":["Impatience+1","Jack Of All Trades+1"],"picked":"Enlightenment+1","floor":38.0},{"not_picked":["Mayhem","Finesse+1"],"picked":"Jack Of All Trades+1","floor":38.0},{"not_picked":["Sadistic Nature","Purity+1"],"picked":"Flash of Steel","floor":38.0},{"not_picked":["Heavy Blade","Feed"],"picked":"Dark Embrace","floor":41.0},{"not_picked":["Searing Blow","Headbutt"],"picked":"Feel No Pain","floor":42.0},{"not_picked":["Heavy Blade+1","Body Slam+1"],"picked":"Warcry+1","floor":44.0},{"not_picked":["Burning Pact+1","True Grit+1","Brutality"],"picked":"SKIP","floor":45.0},{"not_picked":["Clash+1","Feed+1"],"picked":"Heavy Blade+1","floor":48.0},{"not_picked":["Clothesline+1","Sword Boomerang+1"],"picked":"Entrench+1","floor":54}],"player_experience":2998261,"relics_obtained":[{"floor":9.0,"key":"War Paint"},{"floor":11.0,"key":"Strawberry"},{"floor":13.0,"key":"Toxic Egg 2"},{"floor":23.0,"key":"Charon\u0027s Ashes"},{"floor":41.0,"key":"MawBank"},{"floor":42.0,"key":"Shovel"},{"floor":43.0,"key":"Molten Egg 2"},{"floor":45.0,"key":"Oddly Smooth Stone"},{"floor":47.0,"key":"Meat on the Bone"},{"floor":49,"key":"Orichalcum"},{"floor":52,"key":"Kunai"},{"floor":54,"key":"Mercury Hourglass"}],"event_choices":[{"damage_healed":0.0,"max_hp_gain":0.0,"max_hp_loss":0.0,"gold_gain":0.0,"event_name":"Accursed Blacksmith","player_choice":"Rummage","floor":3.0,"gold_loss":0.0,"damage_taken":0.0,"relics_obtained":["WarpedTongs"],"cards_obtained":["Pain"]},{"damage_healed":0.0,"max_hp_gain":0.0,"max_hp_loss":0.0,"gold_gain":0.0,"event_name":"N\u0027loth","player_choice":"Traded Relic","floor":20.0,"relics_lost":["Strawberry"],"gold_loss":0.0,"damage_taken":0.0,"relics_obtained":["Nloth\u0027s Gift"]},{"damage_healed":0.0,"max_hp_gain":0.0,"max_hp_loss":0.0,"gold_gain":0.0,"event_name":"SensoryStone","player_choice":"Memory 3","floor":38.0,"gold_loss":0.0,"damage_taken":10.0},{"damage_healed":0.0,"max_hp_gain":0.0,"max_hp_loss":0.0,"gold_gain":0.0,"event_name":"Winding Halls","player_choice":"Embrace Madness","floor":39.0,"gold_loss":0.0,"damage_taken":18.0,"cards_obtained":["Madness","Madness"]},{"damage_healed":0.0,"max_hp_gain":0.0,"max_hp_loss":0.0,"gold_gain":0.0,"event_name":"MindBloom","player_choice":"Fight","floor":42.0,"gold_loss":0.0,"damage_taken":0.0}],"is_beta":true,"boss_relics":[{"not_picked":["Black Star","Snecko Eye"],"picked":"Fusion Hammer"},{"not_picked":["Runic Cube","Sozu"],"picked":"Pandora\u0027s Box"}],"items_purged_floors":[27,46],"is_endless":false,"potions_floor_spawned":[1,5,10,14,16,19,22,31,33,36,37,41,44],"ascension_level":17}