{"gold_per_floor":[140,315,315,333,303,303,331,331,331,360,374,374,1,12,12,109,109,123,123,123,123,439,439,453,453,453,465,465,492,504,24,24,125,125,144,144,169,169,11,11,21,21,45,45],"floor_reached":44,"playtime":2731,"items_purged":[],"score":532,"play_id":"cb2e8a9b-3177-4c52-9de4-e2d17e733ee3","local_time":"20180711192654","daily_mods":["Heirloom","Allstar","Vintage"],"is_ascension_mode":false,"campfire_choices":[{"data":"Mind Blast","floor":6,"key":"SMITH"},{"floor":8,"key":"REST"},{"data":"Magnetism","floor":12,"key":"SMITH"},{"data":"Undo","floor":15,"key":"SMITH"},{"floor":23,"key":"REST"},{"floor":25,"key":"REST"},{"floor":28,"key":"REST"},{"floor":32,"key":"REST"},{"data":"Machine Learning","floor":40,"key":"SMITH"},{"data":"Hello World","floor":42,"key":"SMITH"}],"neow_cost":"","seed_source_timestamp":0,"circlet_count":0,"master_deck":["Strike_B+1","Strike_B","Strike_B","Strike_B+1","Defend_B","Defend_B+1","Defend_B","Defend_B","Zap","Dualcast","Magnetism+1","Jack Of All Trades+1","Mind Blast+1","Sadistic Nature","Finesse","Undo+1","Hello World+1","Conserve Battery","Machine Learning+1","Necronomicurse","Streamline","Coolheaded","Melter","Multi-Cast","Dark Shackles","Jack Of All Trades","Swift Strike","Madness","Madness"],"relics":["Cracked Core","Bird Faced Urn","Tiny Chest","Ornamental Fan","Bag of Preparation","Peace Pipe","Potion Belt","Orichalcum","War Paint","Mango","Whetstone","Shuriken","Lizard Tail","Meat on the Bone","Necronomicon","Old Coin","Pear","Darkstone Periapt","Dream Catcher","Bronze Scales","Centennial Puzzle","Pen Nib","Mercury Hourglass","Smiling Mask","Runic Pyramid","The Courier","Bag of Marbles","Lee\u0027s Waffle","Vajra","Strawberry"],"potions_floor_usage":[7,7,7,11,16,29,29,33,33,33],"damage_taken":[{"damage":7,"enemies":"2 Louse","floor":1,"turns":4},{"damage":6,"enemies":"Jaw Worm","floor":4,"turns":5},{"damage":21,"enemies":"Lagavulin","floor":7,"turns":6},{"damage":21,"enemies":"3 Sentries","floor":10,"turns":9},{"damage":3,"enemies":"Cultist","floor":11,"turns":4},{"damage":7,"enemies":"2 Fungi Beasts","floor":14,"turns":4},{"damage":44,"enemies":"Slime Boss","floor":16,"turns":10},{"damage":11,"enemies":"Shell Parasite","floor":18,"turns":6},{"damage":4,"enemies":"Chosen","floor":22,"turns":5},{"damage":139,"enemies":"3 Cultists","floor":24,"turns":11},{"damage":26,"enemies":"Snake Plant","floor":27,"turns":6},{"damage":59,"enemies":"Gremlin Leader","floor":29,"turns":8},{"damage":29,"enemies":"Slaver and Parasite","floor":30,"turns":8},{"damage":26,"enemies":"Collector","floor":33,"turns":9},{"damage":18,"enemies":"Orb Walker","floor":35,"turns":4},{"damage":12,"enemies":"3 Shapes","floor":41,"turns":4},{"damage":133,"enemies":"Giant Head","floor":44,"turns":9}],"seed_played":"-2798470143093709884","potions_obtained":[{"floor":4,"key":"PowerPotion"},{"floor":5,"key":"Dexterity Potion"},{"floor":5,"key":"Dexterity Potion"},{"floor":10,"key":"Fruit Juice"},{"floor":16,"key":"AttackPotion"},{"floor":24,"key":"Poison Potion"},{"floor":29,"key":"FearPotion"},{"floor":30,"key":"Explosive Potion"}],"is_trial":true,"path_per_floor":["M","?","?","M","?","R","E","R","T","E","M","R","$","M","R","B",null,"M","?","?","?","M","R","M","R","T","M","R","E","M","$","R","B",null,"M","?","T","?","$","R","M","R","T"],"character_chosen":"DEFECT","items_purchased":["Mango","Conserve Battery","SkillPotion","Pen Nib","Mercury Hourglass","FocusPotion","Lee\u0027s Waffle"],"campfire_rested":5,"item_purchase_floors":[13,13,13,31,31,31,39],"current_hp_per_floor":[71,71,64,62,62,62,49,71,71,56,64,64,78,77,77,49,94,89,70,70,54,58,87,42,74,74,60,92,55,50,50,82,64,109,93,83,83,69,116,116,105,105,112,0],"gold":45,"neow_bonus":"","is_prod":false,"is_daily":false,"chose_seed":false,"campfire_upgraded":5,"win_rate":0,"timestamp":1531355214,"path_taken":["M","?","?","M","?","R","E","R","T","E","?","R","$","M","R","BOSS","M","?","?","?","M","R","M","R","T","M","R","E","M","?","R","BOSS","M","?","?","?","?","R","?","R","T","E"],"build_version":"2018-07-05","purchased_purges":0,"victory":false,"max_hp_per_floor":[75,75,75,75,75,75,75,75,75,75,80,80,94,94,94,94,94,94,99,99,99,99,99,109,109,109,109,109,109,109,109,109,109,109,109,109,109,109,116,116,116,116,123,123],"card_choices":[{"not_picked":["Rebound","Cold Snap"],"picked":"Undo","floor":7},{"not_picked":["Stack","Storm"],"picked":"Hello World","floor":10},{"not_picked":["Fission","Amplify"],"picked":"Machine Learning","floor":16},{"not_picked":["Rebound","Steam"],"picked":"Streamline","floor":28},{"not_picked":["Hologram","Gash"],"picked":"Coolheaded","floor":29},{"not_picked":["Fusion","Hologram+1"],"picked":"Melter","floor":32},{"not_picked":["Amplify","Meteor Strike"],"picked":"Multi-Cast","floor":33},{"not_picked":["Jack Of All Trades","Good Instincts"],"picked":"Dark Shackles","floor":36},{"not_picked":["Secret Weapon","Thinking Ahead"],"picked":"Jack Of All Trades","floor":36},{"not_picked":["Deep Breath","Purity"],"picked":"Swift Strike","floor":36}],"player_experience":291581,"relics_obtained":[{"floor":1,"key":"Tiny Chest"},{"floor":4,"key":"Bag of Preparation"},{"floor":7,"key":"Peace Pipe"},{"floor":9,"key":"Potion Belt"},{"floor":10,"key":"Orichalcum"},{"floor":11,"key":"War Paint"},{"floor":14,"key":"Whetstone"},{"floor":16,"key":"Shuriken"},{"floor":18,"key":"Meat on the Bone"},{"floor":21,"key":"Necronomicon"},{"floor":22,"key":"Old Coin"},{"floor":24,"key":"Pear"},{"floor":26,"key":"Darkstone Periapt"},{"floor":27,"key":"Dream Catcher"},{"floor":29,"key":"Bronze Scales"},{"floor":30,"key":"Centennial Puzzle"},{"floor":33,"key":"Smiling Mask"},{"floor":35,"key":"The Courier"},{"floor":37,"key":"Bag of Marbles"},{"floor":41,"key":"Vajra"},{"floor":43,"key":"Strawberry"}],"event_choices":[{"event_name":"Liars Game","player_choice":"agreed","floor":2,"damage_taken":0},{"event_name":"Scrap Ooze","player_choice":"success","floor":3,"damage_taken":7},{"event_name":"The Woman in Blue","player_choice":"Bought 2 Potions","floor":5,"damage_taken":0},{"event_name":"Forgotten Altar","player_choice":"Shed Blood","floor":19,"damage_taken":0},{"event_name":"Purifier","player_choice":"One Purge","floor":20,"damage_taken":0},{"event_name":"Cursed Tome","player_choice":"Obtained Book","floor":21,"damage_taken":0},{"event_name":"SensoryStone","player_choice":"Memory 3","floor":36,"damage_taken":0},{"event_name":"Winding Halls","player_choice":"Embrace Madness","floor":38,"damage_taken":0}],"boss_relics":[{"not_picked":["Sozu","White Beast Statue"],"picked":"Lizard Tail"},{"not_picked":["Fusion Hammer","Coffee Dripper"],"picked":"Runic Pyramid"}],"items_purged_floors":[],"is_endless":false,"potions_floor_spawned":[4,10,16,24,29,30],"killed_by":"Giant Head","ascension_level":0}