{"gold_per_floor":[116,116,116,0,17,48,48,83,83,83,33,33,49,49],"floor_reached":14,"playtime":543,"items_purged":["Strike_G","Strike_G"],"score":242,"play_id":"bc7d2ecb-1146-48d2-9de1-1c54c694024d","local_time":"20190514154532","is_ascension_mode":true,"campfire_choices":[{"floor":7.0,"key":"REST"},{"floor":10.0,"key":"REST"}],"neow_cost":"NONE","seed_source_timestamp":1551299456933045,"circlet_count":0,"master_deck":["AscendersBane","Defend_G","Defend_G","Defend_G","Defend_G","Defend_G","Strike_G","Strike_G","Survivor","Neutralize","Flying Knee","Noxious Fumes","Deadly Poison","Leg Sweep","Acrobatics","Dagger Spray"],"special_seed":0,"relics":["Ring of the Snake","NeowsBlessing","Tingsha","Smiling Mask","Bag of Preparation","Question Card"],"potions_floor_usage":[14,14],"damage_taken":[{"damage":0.0,"enemies":"2 Louse","floor":1.0,"turns":1.0},{"damage":0.0,"enemies":"Jaw Worm","floor":5.0,"turns":1.0},{"damage":0.0,"enemies":"Gremlin Nob","floor":6.0,"turns":1.0},{"damage":32.0,"enemies":"3 Sentries","floor":8.0,"turns":11.0},{"damage":0.0,"enemies":"Small Slimes","floor":13.0,"turns":5.0},{"damage":18,"enemies":"Gremlin Nob","floor":14,"turns":4}],"seed_played":"-3666786945307890411","potions_obtained":[{"floor":8.0,"key":"Poison Potion"},{"floor":13.0,"key":"Dexterity Potion"}],"is_trial":false,"path_per_floor":["M","?","?","$","M","E","R","E","T","R","$","?","M","E"],"character_chosen":"THE_SILENT","items_purchased":["Noxious Fumes"],"campfire_rested":2,"item_purchase_floors":[4],"current_hp_per_floor":[59,14,36,36,36,36,55,23,23,42,42,35,35,17],"gold":49,"neow_bonus":"THREE_ENEMY_KILL","is_prod":false,"is_daily":false,"chose_seed":false,"campfire_upgraded":0,"win_rate":0,"timestamp":1557816332,"path_taken":["M","?","?","$","M","E","R","E","T","R","$","?","M","E"],"build_version":"2019-05-07","purchased_purges":2,"victory":false,"max_hp_per_floor":[66,66,66,66,66,66,66,66,66,66,66,66,66,66],"card_choices":[{"not_picked":["Prepared","Poisoned Stab"],"picked":"Flying Knee","floor":1.0},{"not_picked":["Acrobatics","Deflect"],"picked":"Deadly Poison","floor":5.0},{"not_picked":["All Out Attack","Envenom"],"picked":"Leg Sweep","floor":6.0},{"not_picked":["Deflect","Dagger Spray"],"picked":"Acrobatics","floor":8.0},{"not_picked":["Dodge and Roll","Bane","Poisoned Stab"],"picked":"Dagger Spray","floor":13.0}],"player_experience":3233523,"relics_obtained":[{"floor":6.0,"key":"Smiling Mask"},{"floor":8.0,"key":"Bag of Preparation"},{"floor":9.0,"key":"Question Card"}],"event_choices":[{"damage_healed":0.0,"max_hp_gain":0.0,"max_hp_loss":0.0,"gold_gain":0.0,"event_name":"Scrap Ooze","player_choice":"Success","floor":2.0,"gold_loss":0.0,"damage_taken":45.0,"relics_obtained":["Tingsha"]},{"damage_healed":22.0,"max_hp_gain":0.0,"max_hp_loss":0.0,"gold_gain":0.0,"event_name":"Big Fish","player_choice":"Banana","floor":3.0,"gold_loss":0.0,"damage_taken":0.0},{"cards_removed":["Strike_G"],"damage_healed":0.0,"max_hp_gain":0.0,"max_hp_loss":0.0,"gold_gain":0.0,"event_name":"Golden Wing","player_choice":"Card Removal","floor":12.0,"gold_loss":0.0,"damage_taken":7.0}],"is_beta":true,"boss_relics":[],"items_purged_floors":[4,11],"is_endless":false,"potions_floor_spawned":[8,13],"killed_by":"Gremlin Nob","ascension_level":20}