{"gold_per_floor":[110,110,125,50,50,50,82,82,132,51,63,63,92,106,106,178,178,196,196,196,24,34,62,62,62,87,98,98,98,109,30,30,105,105,122,44,56,156,156,156,37,66,112,126,155,167],"floor_reached":46,"playtime":3665,"items_purged":["Strike_G"],"score":1206,"play_id":"ce27627d-1737-40b9-bfb3-d46dfd7ac90d","local_time":"20190425005639","is_ascension_mode":true,"campfire_choices":[{"data":"Flechettes","floor":6.0,"key":"SMITH"},{"data":"Noxious Fumes","floor":12.0,"key":"SMITH"},{"data":"Blur","floor":15.0,"key":"SMITH"},{"data":"Forethought","floor":24,"key":"SMITH"},{"data":"Well Laid Plans","floor":28,"key":"SMITH"},{"data":"Footwork","floor":32,"key":"SMITH"},{"data":"Footwork","floor":40,"key":"SMITH"}],"neow_cost":"NONE","seed_source_timestamp":1066115020731766,"circlet_count":0,"master_deck":["AscendersBane","Defend_G","Defend_G","Defend_G","Defend_G","Defend_G","Survivor","Neutralize+1","Well Laid Plans+1","Flechettes+1","Blur+1","Noxious Fumes+1","Backflip","PiercingWail","Calculated Gamble","Malaise","Backflip","Deadly Poison","Glass Knife","Forethought+1","Corpse Explosion","Deflect","Acrobatics","Blur+1","Blur","Footwork+1","Doppelganger","Predator","Footwork+1","Prepared+1","Caltrops"],"special_seed":0,"relics":["Ring of the Snake","NeowsBlessing","Bottled Tornado","Calipers","Juzu Bracelet","White Beast Statue","Letter Opener","Busted Crown","Peace Pipe","Anchor","Lantern","MawBank"],"potions_floor_usage":[23,27,30,33],"damage_taken":[{"damage":0.0,"enemies":"Small Slimes","floor":1.0,"turns":1.0},{"damage":0.0,"enemies":"Cultist","floor":3.0,"turns":1.0},{"damage":0.0,"enemies":"3 Sentries","floor":7.0,"turns":1.0},{"damage":0.0,"enemies":"2 Louse","floor":11.0,"turns":2.0},{"damage":34.0,"enemies":"Gremlin Nob","floor":13.0,"turns":5.0},{"damage":0.0,"enemies":"Looter","floor":14.0,"turns":4.0},{"damage":0.0,"enemies":"Hexaghost","floor":16.0,"turns":11.0},{"damage":2.0,"enemies":"3 Byrds","floor":18.0,"turns":6.0},{"damage":10.0,"enemies":"Spheric Guardian","floor":22.0,"turns":5.0},{"damage":2,"enemies":"Book of Stabbing","floor":23,"turns":8},{"damage":4,"enemies":"Shelled Parasite and Fungi","floor":27,"turns":6},{"damage":0,"enemies":"Snecko","floor":30,"turns":7},{"damage":0,"enemies":"Champ","floor":33,"turns":17},{"damage":5,"enemies":"Orb Walker","floor":35,"turns":6},{"damage":0,"enemies":"3 Shapes","floor":37,"turns":4},{"damage":0,"enemies":"Mind Bloom Boss Battle","floor":38,"turns":9},{"damage":46,"enemies":"Giant Head","floor":42,"turns":16},{"damage":0,"enemies":"Writhing Mass","floor":44,"turns":10},{"damage":0,"enemies":"Nemesis","floor":45,"turns":9}],"seed_played":"664453973067069665","potions_obtained":[{"floor":3.0,"key":"Weak Potion"},{"floor":13.0,"key":"SteroidPotion"},{"floor":14.0,"key":"Poison Potion"},{"floor":16.0,"key":"SteroidPotion"},{"floor":18.0,"key":"LiquidBronze"},{"floor":22.0,"key":"Swift Potion"},{"floor":23,"key":"SkillPotion"},{"floor":27,"key":"GhostInAJar"},{"floor":30,"key":"Ancient Potion"},{"floor":33,"key":"LiquidBronze"},{"floor":45,"key":"Swift Potion"}],"is_trial":false,"path_per_floor":["M","?","M","?","?","R","E","T","T","$","M","R","E","M","R","B",null,"M","?","?","$","M","E","R","?","T","M","R","?","M","$","R","B",null,"M","$","M","?","?","R","$","E","T","M","E","?"],"character_chosen":"THE_SILENT","items_purchased":["Noxious Fumes","Forethought","Corpse Explosion","Footwork","Footwork","Caltrops"],"campfire_rested":0,"item_purchase_floors":[10,21,21,31,36,41],"current_hp_per_floor":[59,59,59,59,52,52,52,52,52,52,52,52,18,18,18,18,54,52,52,52,52,42,40,40,40,40,36,36,36,36,36,36,36,59,54,54,54,54,54,54,54,8,8,8,8,0],"gold":167,"neow_bonus":"THREE_ENEMY_KILL","is_prod":false,"is_daily":false,"chose_seed":false,"campfire_upgraded":7,"win_rate":0,"timestamp":1556121399,"path_taken":["M","?","?","?","?","R","E","?","T","$","M","R","E","M","R","BOSS","M","?","?","$","M","E","R","?","T","M","R","?","M","$","R","BOSS","M","$","M","?","?","R","?","E","T","M","E","?"],"build_version":"2019-04-23","purchased_purges":1,"victory":false,"max_hp_per_floor":[66,66,66,66,66,66,66,66,66,66,66,66,66,66,66,66,66,66,66,66,66,66,66,66,66,66,66,66,66,66,66,66,66,66,66,66,66,66,66,66,66,66,66,66,66,66],"card_choices":[{"not_picked":["PiercingWail","Cloak And Dagger"],"picked":"Well Laid Plans","floor":1.0},{"not_picked":["Deflect","Outmaneuver"],"picked":"Flechettes","floor":3.0},{"not_picked":["Blade Dance","Flying Knee"],"picked":"Blur","floor":7.0},{"not_picked":["All Out Attack","Flying Knee"],"picked":"Backflip","floor":11.0},{"not_picked":["Escape Plan","Dagger Spray"],"picked":"PiercingWail","floor":13.0},{"not_picked":["Flying Knee","Underhanded Strike"],"picked":"Calculated Gamble","floor":14.0},{"not_picked":["Storm of Steel","Wraith Form v2"],"picked":"Malaise","floor":16.0},{"not_picked":["Deflect","Cloak And Dagger"],"picked":"Backflip","floor":18.0},{"not_picked":["Reflex","Deadly Poison"],"picked":"Deflect","floor":22.0},{"not_picked":["Phantasmal Killer","Deadly Poison"],"picked":"Acrobatics","floor":23},{"not_picked":["Outmaneuver","Endless Agony","Bane"],"picked":"SKIP","floor":27},{"not_picked":["Dodge and Roll","All Out Attack"],"picked":"Blur","floor":30},{"not_picked":["Wraith Form v2","Unload"],"picked":"Doppelganger","floor":33},{"not_picked":[],"picked":"Predator","floor":35},{"not_picked":["Finisher+1"],"picked":"SKIP","floor":37},{"not_picked":[],"picked":"Prepared+1","floor":38},{"not_picked":["Backstab"],"picked":"SKIP","floor":42},{"not_picked":["Escape Plan"],"picked":"SKIP","floor":44},{"not_picked":["Dodge and Roll"],"picked":"SKIP","floor":45}],"player_experience":3053810,"relics_obtained":[{"floor":7.0,"key":"Bottled Tornado"},{"floor":8.0,"key":"Calipers"},{"floor":13.0,"key":"Juzu Bracelet"},{"floor":23,"key":"Letter Opener"},{"floor":38,"key":"Peace Pipe"},{"floor":42,"key":"Anchor"},{"floor":43,"key":"Lantern"},{"floor":45,"key":"MawBank"}],"event_choices":[{"damage_healed":0.0,"max_hp_gain":0.0,"max_hp_loss":0.0,"gold_gain":0.0,"event_name":"Upgrade Shrine","player_choice":"Upgraded","floor":2.0,"gold_loss":0.0,"damage_taken":0.0,"cards_upgraded":["Neutralize"]},{"cards_removed":["Strike_G"],"damage_healed":0.0,"max_hp_gain":0.0,"max_hp_loss":0.0,"gold_gain":0.0,"event_name":"The Cleric","player_choice":"Card Removal","floor":4.0,"gold_loss":75.0,"damage_taken":0.0},{"cards_removed":["Strike_G"],"damage_healed":0.0,"max_hp_gain":0.0,"max_hp_loss":0.0,"gold_gain":0.0,"event_name":"Golden Wing","player_choice":"Card Removal","floor":5.0,"gold_loss":0.0,"damage_taken":7.0},{"damage_healed":0.0,"max_hp_gain":0.0,"max_hp_loss":0.0,"gold_gain":0.0,"cards_transformed":["Strike_G","Strike_G"],"event_name":"Drug Dealer","player_choice":"Became Test Subject","floor":19.0,"gold_loss":0.0,"damage_taken":0.0,"cards_obtained":["Deadly Poison","Glass Knife"]},{"damage_healed":0.0,"max_hp_gain":0.0,"max_hp_loss":0.0,"gold_gain":0.0,"event_name":"Ghosts","player_choice":"Ignored","floor":20.0,"gold_loss":0.0,"damage_taken":0.0},{"damage_healed":0,"gold_gain":0,"player_choice":"Copied","damage_taken":0,"max_hp_gain":0,"max_hp_loss":0,"event_name":"Duplicator","floor":25,"gold_loss":0,"cards_obtained":["Blur"]},{"damage_healed":0,"gold_gain":0,"player_choice":"Ignored","damage_taken":0,"max_hp_gain":0,"max_hp_loss":0,"event_name":"Cursed Tome","floor":29,"gold_loss":0},{"damage_healed":0,"gold_gain":0,"player_choice":"Fight","damage_taken":0,"max_hp_gain":0,"max_hp_loss":0,"event_name":"MindBloom","floor":38,"gold_loss":0},{"damage_healed":0,"gold_gain":0,"player_choice":"Ignored","damage_taken":0,"max_hp_gain":0,"max_hp_loss":0,"event_name":"Tomb of Lord Red Mask","floor":39,"gold_loss":0},{"damage_healed":0,"gold_gain":0,"player_choice":"Embrace Madness","damage_taken":12,"max_hp_gain":0,"max_hp_loss":0,"event_name":"Winding Halls","floor":46,"gold_loss":0,"cards_obtained":["Madness","Madness"]}],"is_beta":true,"boss_relics":[{"not_picked":["HoveringKite","Coffee Dripper"],"picked":"White Beast Statue"},{"not_picked":["Sozu","Pandora\u0027s Box"],"picked":"Busted Crown"}],"items_purged_floors":[41],"is_endless":false,"potions_floor_spawned":[3,13,14,16,18,22,23,27,30,33,35,37,38,42,44,45],"ascension_level":17}