{"gold_per_floor":[366,441,441,22,33,33,13,13,13,13,32,60,74,84,84,162,162,174,114],"floor_reached":19,"playtime":581,"items_purged":[],"score":309,"play_id":"dcacbb62-aa69-448f-9bba-611f1c0cfd1f","local_time":"20190503073312","is_ascension_mode":true,"campfire_choices":[{"data":"Inflame","floor":6,"key":"SMITH"},{"data":"Whirlwind","floor":8,"key":"SMITH"},{"data":"Bash","floor":10,"key":"SMITH"},{"data":"Strike_R","floor":15,"key":"PURGE"}],"neow_cost":"PERCENT_DAMAGE","seed_source_timestamp":571411564456553,"circlet_count":0,"master_deck":["AscendersBane","Strike_R","Strike_R","Strike_R","Defend_R","Defend_R","Defend_R","Defend_R","Bash+1","Inflame+1","Whirlwind+1","Dropkick","Twin Strike","Whirlwind","Shrug It Off","Battle Trance","Impervious","Intimidate"],"relics":["Burning Blood","Membership Card","Bag of Preparation","Pen Nib","Peace Pipe","Anchor","White Beast Statue"],"potions_floor_usage":[16],"damage_taken":[{"damage":1,"enemies":"Small Slimes","floor":1,"turns":4},{"damage":4,"enemies":"2 Louse","floor":5,"turns":4},{"damage":2,"enemies":"Jaw Worm","floor":11,"turns":3},{"damage":16,"enemies":"Gremlin Nob","floor":12,"turns":3},{"damage":0,"enemies":"Lots of Slimes","floor":13,"turns":1},{"damage":10,"enemies":"Gremlin Gang","floor":14,"turns":3},{"damage":37,"enemies":"The Guardian","floor":16,"turns":9},{"damage":50,"enemies":"Spheric Guardian","floor":18,"turns":6},{"damage":7,"enemies":"2 Thieves","floor":19,"turns":3}],"seed_played":"2763528443476167936","potions_obtained":[{"floor":5,"key":"FearPotion"},{"floor":11,"key":"FearPotion"},{"floor":12,"key":"Weak Potion"},{"floor":18,"key":"SpeedPotion"}],"is_trial":false,"path_per_floor":["M","?","?","$","M","R","$","R","T","R","M","E","M","M","R","B",null,"M","M"],"character_chosen":"IRONCLAD","items_purchased":["Membership Card","Bag of Preparation","Inflame","Pen Nib","Dropkick"],"campfire_rested":0,"item_purchase_floors":[4,4,4,4,7],"current_hp_per_floor":[55,44,44,44,46,46,46,46,46,46,50,40,46,42,42,11,59,15,8],"gold":114,"neow_bonus":"TWO_FIFTY_GOLD","is_prod":false,"is_daily":false,"chose_seed":false,"campfire_upgraded":3,"win_rate":0,"timestamp":1556836392,"path_taken":["M","?","?","?","M","R","$","R","T","R","M","E","M","M","R","BOSS","M","M"],"build_version":"2019-04-23","purchased_purges":0,"victory":false,"max_hp_per_floor":[75,75,75,75,75,75,75,75,75,75,75,75,75,75,75,75,75,75,75],"card_choices":[{"not_picked":["Headbutt","Heavy Blade","Hemokinesis"],"picked":"SKIP","floor":1},{"not_picked":["Rupture","Warcry"],"picked":"Whirlwind","floor":5},{"not_picked":["Sentinel","Havoc"],"picked":"Twin Strike","floor":11},{"not_picked":["Cleave","Burning Pact"],"picked":"Whirlwind","floor":12},{"not_picked":["Armaments","Wild Strike"],"picked":"Shrug It Off","floor":13},{"not_picked":["Fire Breathing","Ghostly Armor"],"picked":"Battle Trance","floor":14},{"not_picked":["Barricade","Dark Embrace"],"picked":"Impervious","floor":16},{"not_picked":["Uppercut","Sword Boomerang"],"picked":"Intimidate","floor":18}],"player_experience":3148803,"relics_obtained":[{"floor":9,"key":"Peace Pipe"},{"floor":12,"key":"Anchor"}],"event_choices":[{"damage_healed":0,"gold_gain":75,"player_choice":"Gather Gold","damage_taken":11,"max_hp_gain":0,"max_hp_loss":0,"event_name":"World of Goop","floor":2,"gold_loss":0},{"cards_removed":["Strike_R"],"damage_healed":0,"gold_gain":0,"player_choice":"Forget","damage_taken":0,"max_hp_gain":0,"max_hp_loss":0,"event_name":"Living Wall","floor":3,"gold_loss":0}],"is_beta":true,"boss_relics":[{"not_picked":["Coffee Dripper","Runic Dome"],"picked":"White Beast Statue"}],"items_purged_floors":[],"is_endless":false,"potions_floor_spawned":[5,11,12,18],"killed_by":"2 Thieves","ascension_level":17}