{"gold_per_floor":[111,129,129,1,1,36,36,36,36,36,65,65,85,105,105,182,232,242,242,242,242,242,242],"floor_reached":23,"playtime":1163,"items_purged":[],"score":351,"play_id":"ba21d98b-1496-4dc6-95df-7956706d598b","local_time":"20190516182031","is_ascension_mode":true,"campfire_choices":[{"floor":7,"key":"REST"},{"data":"Sever Soul","floor":10,"key":"SMITH"},{"floor":15,"key":"REST"}],"neow_cost":"NONE","seed_source_timestamp":3026260304499968,"circlet_count":0,"master_deck":["AscendersBane","Strike_R","Strike_R","Strike_R","Strike_R","Strike_R","Defend_R","Defend_R","Defend_R","Defend_R","Bash","Warcry","Flex","Sentinel","Sever Soul+1","Dual Wield","Warcry+1","Inflame","Headbutt","Reaper","Warcry","Rupture+1"],"relics":["Burning Blood","Orichalcum","Shovel","Self Forming Clay","Blood Vial","Tiny House"],"potions_floor_usage":[6,11,16,23],"damage_taken":[{"damage":1,"enemies":"Cultist","floor":1,"turns":3},{"damage":5,"enemies":"2 Louse","floor":2,"turns":3},{"damage":40,"enemies":"3 Sentries","floor":6,"turns":11},{"damage":35,"enemies":"Lagavulin","floor":11,"turns":6},{"damage":7,"enemies":"Small Slimes","floor":13,"turns":4},{"damage":10,"enemies":"2 Fungi Beasts","floor":14,"turns":4},{"damage":49,"enemies":"Slime Boss","floor":16,"turns":13},{"damage":54,"enemies":"Spheric Guardian","floor":18,"turns":8},{"damage":74,"enemies":"Gremlin Leader","floor":23,"turns":4}],"seed_played":"-2097724504436448624","potions_obtained":[{"floor":0,"key":"SkillPotion"},{"floor":0,"key":"Strength Potion"},{"floor":6,"key":"Dexterity Potion"},{"floor":11,"key":"Explosive Potion"},{"floor":17,"key":"Regen Potion"}],"is_trial":false,"path_per_floor":["M","M","$","$","?","E","R","?","T","R","E","$","M","M","R","B",null,"M","?","?","?","?","E"],"character_chosen":"IRONCLAD","items_purchased":["Sentinel","Sever Soul"],"campfire_rested":2,"item_purchase_floors":[4,4],"current_hp_per_floor":[73,74,74,74,74,40,62,62,62,62,33,33,34,32,54,13,65,27,27,43,43,43,0],"gold":242,"neow_bonus":"THREE_SMALL_POTIONS","is_prod":false,"is_daily":false,"chose_seed":false,"campfire_upgraded":1,"win_rate":0,"timestamp":1558020031,"path_taken":["M","M","?","$","?","E","R","?","T","R","E","$","M","M","R","BOSS","M","?","?","?","?","E"],"build_version":"2019-01-23","purchased_purges":0,"victory":false,"max_hp_per_floor":[75,75,75,75,75,75,75,75,75,75,75,75,75,75,75,75,80,80,80,80,80,80,80],"card_choices":[{"not_picked":["Uppercut","Body Slam"],"picked":"Warcry","floor":1},{"not_picked":["Havoc","Searing Blow"],"picked":"Flex","floor":2},{"not_picked":["Berserk","Searing Blow"],"picked":"Dual Wield","floor":6},{"not_picked":["Armaments","Barricade"],"picked":"Warcry","floor":11},{"not_picked":["Havoc","Sword Boomerang"],"picked":"Inflame","floor":13},{"not_picked":["Thunderclap","True Grit"],"picked":"Headbutt","floor":14},{"not_picked":["Demon Form","Barricade"],"picked":"Reaper","floor":16},{"not_picked":["Wild Strike","Armaments"],"picked":"Warcry","floor":17},{"not_picked":["Clothesline","Body Slam"],"picked":"Rupture+1","floor":18}],"player_experience":1360592,"relics_obtained":[{"floor":6,"key":"Orichalcum"},{"floor":9,"key":"Self Forming Clay"},{"floor":11,"key":"Blood Vial"}],"event_choices":[{"damage_healed":0,"gold_gain":0,"player_choice":"Leave","damage_taken":0,"max_hp_gain":0,"max_hp_loss":0,"event_name":"The Cleric","floor":5,"gold_loss":0},{"damage_healed":0,"gold_gain":0,"player_choice":"Box","damage_taken":0,"relics_obtained":["Shovel"],"max_hp_gain":0,"max_hp_loss":0,"event_name":"Big Fish","floor":8,"gold_loss":0,"cards_obtained":["Regret"]},{"damage_healed":0,"gold_gain":0,"player_choice":"Ignored","damage_taken":0,"max_hp_gain":0,"max_hp_loss":0,"event_name":"Cursed Tome","floor":19,"gold_loss":0},{"damage_healed":16,"gold_gain":0,"player_choice":"Heal","damage_taken":0,"max_hp_gain":0,"max_hp_loss":0,"event_name":"The Library","floor":20,"gold_loss":0},{"damage_healed":0,"gold_gain":0,"player_choice":"Ignored","damage_taken":0,"max_hp_gain":0,"max_hp_loss":0,"event_name":"Vampires","floor":21,"gold_loss":0},{"cards_removed":["Regret"],"damage_healed":0,"gold_gain":0,"player_choice":"Elegance","damage_taken":0,"max_hp_gain":0,"max_hp_loss":0,"event_name":"Back to Basics","floor":22,"gold_loss":0}],"is_beta":false,"boss_relics":[{"not_picked":["Fusion Hammer","Lizard Tail"],"picked":"Tiny House"}],"items_purged_floors":[],"is_endless":false,"potions_floor_spawned":[1,6,11],"killed_by":"Gremlin Leader","ascension_level":16}