{"gold_per_floor":[114,114,189,206,206,206,239,239,239,239,239,257,267,267,267,346,346,358,378,218,237,237,237,247,247,247,247,281,300,300,316,316,393,393,403,345,357,0,20,20,46,46,46,78,78,111,111,123,123,123,123,123,3,28,28],"floor_reached":55,"playtime":4735,"items_purged":["Strike_B","Strike_B"],"score":1440,"play_id":"a23aa243-f241-4001-ac16-56de67bff4aa","local_time":"20190314103829","is_ascension_mode":true,"campfire_choices":[{"data":"Zap","floor":6.0,"key":"SMITH"},{"data":"Go for the Eyes","floor":8.0,"key":"SMITH"},{"data":"Dualcast","floor":11.0,"key":"SMITH"},{"data":"Reinforced Body","floor":15.0,"key":"SMITH"},{"data":"Defragment","floor":23.0,"key":"SMITH"},{"data":"Double Energy","floor":25.0,"key":"SMITH"},{"floor":27.0,"key":"REST"},{"data":"Skim","floor":30.0,"key":"SMITH"},{"floor":32.0,"key":"REST"},{"floor":40.0,"key":"REST"},{"floor":42.0,"key":"REST"},{"floor":47.0,"key":"REST"},{"floor":49.0,"key":"RECALL"},{"data":"Hologram","floor":52.0,"key":"SMITH"}],"neow_cost":"NONE","seed_source_timestamp":1240714420208930,"circlet_count":0,"master_deck":["AscendersBane","Defend_B","Defend_B","Defend_B+1","Defend_B","Zap+1","Dualcast+1","Reinforced Body+1","Go for the Eyes+1","Skim+1","Double Energy+1","Steam Power","Electrodynamics","Coolheaded","Conserve Battery+1","Defragment+1","Recycle","Ball Lightning","Hologram+1","Turbo+1","Reboot","Chrysalis+1","Skim+1","Static Discharge","Consume+1","Discovery+1","Redo+1"],"special_seed":0,"relics":["Cracked Core","NeowsBlessing","Smiling Mask","Inserter","Cables","Bottled Tornado","Busted Crown","Toxic Egg 2","Symbiotic Virus","Darkstone Periapt","War Paint","Blood Vial","Pear"],"potions_floor_usage":[],"damage_taken":[{"damage":0.0,"enemies":"Cultist","floor":1.0,"turns":1.0},{"damage":0.0,"enemies":"Jaw Worm","floor":4.0,"turns":1.0},{"damage":0.0,"enemies":"Lagavulin","floor":7.0,"turns":1.0},{"damage":0.0,"enemies":"2 Louse","floor":12.0,"turns":2.0},{"damage":0.0,"enemies":"Lots of Slimes","floor":13.0,"turns":3.0},{"damage":31.0,"enemies":"The Guardian","floor":16.0,"turns":18.0},{"damage":1.0,"enemies":"3 Byrds","floor":18.0,"turns":4.0},{"damage":17.0,"enemies":"Spheric Guardian","floor":19.0,"turns":6.0},{"damage":20.0,"enemies":"3 Cultists","floor":21.0,"turns":5.0},{"damage":13.0,"enemies":"Shelled Parasite and Fungi","floor":24.0,"turns":11.0},{"damage":7.0,"enemies":"Book of Stabbing","floor":28.0,"turns":6.0},{"damage":5.0,"enemies":"Snecko","floor":29.0,"turns":5.0},{"damage":22.0,"enemies":"Centurion and Healer","floor":31.0,"turns":5.0},{"damage":23.0,"enemies":"Automaton","floor":33.0,"turns":13.0},{"damage":5.0,"enemies":"3 Darklings","floor":35.0,"turns":2.0},{"damage":5.0,"enemies":"Orb Walker","floor":37.0,"turns":4.0},{"damage":15.0,"enemies":"Writhing Mass","floor":39.0,"turns":8.0},{"damage":32.0,"enemies":"Reptomancer","floor":41.0,"turns":6.0},{"damage":17.0,"enemies":"Nemesis","floor":44.0,"turns":11.0},{"damage":11.0,"enemies":"Reptomancer","floor":46.0,"turns":6.0},{"damage":0.0,"enemies":"Jaw Worm Horde","floor":48.0,"turns":3.0},{"damage":0.0,"enemies":"Time Eater","floor":50.0,"turns":20.0},{"damage":72,"enemies":"Shield and Spear","floor":54,"turns":7},{"damage":62,"enemies":"The Heart","floor":55,"turns":3}],"seed_played":"-398927489701675019","potions_obtained":[{"floor":1.0,"key":"Swift Potion"},{"floor":12.0,"key":"SteroidPotion"},{"floor":16.0,"key":"Block Potion"},{"floor":21.0,"key":"Dexterity Potion"},{"floor":29.0,"key":"Regen Potion"},{"floor":37.0,"key":"SpeedPotion"},{"floor":39.0,"key":"Explosive Potion"},{"floor":46.0,"key":"GamblersBrew"},{"floor":48.0,"key":"FairyPotion"}],"is_trial":false,"path_per_floor":["M","?","?","M","?","R","E","R","T","?","R","M","M","?","R","B",null,"M","M","$","M","?","R","M","R","T","R","E","M","R","M","R","B",null,"M","?","M","$","M","R","E","R","T","E","?","E","R","M","R","B",null,"R","$","E","B"],"character_chosen":"DEFECT","items_purchased":["Defragment","Regen Potion","Chrysalis+1","Skim+1","Static Discharge","Discovery+1","Redo+1"],"campfire_rested":5,"item_purchase_floors":[20,20,38,38,38,53,53],"current_hp_per_floor":[64,69,58,58,58,58,58,58,58,58,58,58,58,58,58,27,64,63,46,46,26,26,26,28,28,28,50,43,38,38,30,52,29,64,59,59,54,54,39,61,29,51,51,34,34,23,45,47,47,49,69,69,69,17,0],"gold":28,"neow_bonus":"THREE_ENEMY_KILL","is_prod":false,"is_daily":false,"chose_seed":false,"campfire_upgraded":8,"win_rate":0,"timestamp":1552527509,"path_taken":["M","?","?","M","?","R","E","R","T","?","R","M","?","?","R","BOSS","M","M","$","M","?","R","M","R","T","R","E","M","R","M","R","BOSS","M","?","?","$","M","R","E","R","T","E","?","E","R","M","R","BOSS","R","$","E","BOSS"],"build_version":"2019-02-06","purchased_purges":2,"victory":false,"max_hp_per_floor":[71,76,76,76,76,76,76,76,76,76,76,76,76,76,76,76,76,76,76,76,76,76,76,76,76,76,76,76,76,76,76,76,76,76,76,76,76,76,76,76,76,76,76,76,76,76,76,76,76,76,76,76,76,86,86],"card_choices":[{"not_picked":["Leap","Sweeping Beam"],"picked":"Reinforced Body","floor":1.0},{"not_picked":["Gash","Turbo"],"picked":"Go for the Eyes","floor":4.0},{"not_picked":["Steam","Sweeping Beam"],"picked":"Skim","floor":7.0},{"not_picked":["Heatsinks","Turbo"],"picked":"Double Energy","floor":12.0},{"not_picked":["Lockon","Stack","Redo"],"picked":"SKIP","floor":13.0},{"not_picked":["Hyperbeam","Thunder Strike"],"picked":"Electrodynamics","floor":16.0},{"not_picked":["Gash","Streamline"],"picked":"Coolheaded","floor":18.0},{"not_picked":["Ball Lightning","Rebound"],"picked":"Conserve Battery","floor":19.0},{"not_picked":["Turbo","Redo"],"picked":"Recycle","floor":21.0},{"not_picked":["Conserve Battery","Hello World"],"picked":"Ball Lightning","floor":24.0},{"not_picked":["Conserve Battery","Multi-Cast"],"picked":"Hologram","floor":28.0},{"not_picked":["Go for the Eyes","Genetic Algorithm+1"],"picked":"Turbo+1","floor":29.0},{"not_picked":["Fusion","Coolheaded","Conserve Battery"],"picked":"SKIP","floor":31.0},{"not_picked":["Fission","Hyperbeam"],"picked":"Reboot","floor":33.0},{"not_picked":["Reinforced Body"],"picked":"SKIP","floor":35.0},{"not_picked":["Beam Cell"],"picked":"SKIP","floor":37.0},{"not_picked":["Ball Lightning"],"picked":"SKIP","floor":39.0},{"not_picked":["Beam Cell"],"picked":"SKIP","floor":41.0},{"not_picked":[],"picked":"Consume+1","floor":44.0},{"not_picked":["Barrage"],"picked":"SKIP","floor":46.0},{"not_picked":["Streamline+1"],"picked":"SKIP","floor":48.0},{"not_picked":["Doom and Gloom"],"picked":"SKIP","floor":54}],"player_experience":2679761,"relics_obtained":[{"floor":7.0,"key":"Smiling Mask"},{"floor":26.0,"key":"Cables"},{"floor":28.0,"key":"Bottled Tornado"},{"floor":41.0,"key":"Symbiotic Virus"},{"floor":43.0,"key":"Darkstone Periapt"},{"floor":44.0,"key":"War Paint"},{"floor":46.0,"key":"Blood Vial"},{"floor":54,"key":"Pear"}],"event_choices":[{"damage_healed":0.0,"max_hp_gain":5.0,"max_hp_loss":0.0,"gold_gain":0.0,"event_name":"Big Fish","player_choice":"Donut","floor":2.0,"gold_loss":0.0,"damage_taken":0.0},{"damage_healed":0.0,"max_hp_gain":0.0,"max_hp_loss":0.0,"gold_gain":75.0,"event_name":"World of Goop","player_choice":"Gather Gold","floor":3.0,"gold_loss":0.0,"damage_taken":11.0},{"damage_healed":0.0,"max_hp_gain":0.0,"max_hp_loss":0.0,"gold_gain":0.0,"event_name":"Liars Game","player_choice":"Ignored","floor":5.0,"gold_loss":0.0,"damage_taken":0.0},{"cards_removed":["Strike_B"],"damage_healed":0.0,"max_hp_gain":0.0,"max_hp_loss":0.0,"gold_gain":0.0,"event_name":"Purifier","player_choice":"Purged","floor":10.0,"gold_loss":0.0,"damage_taken":0.0},{"damage_healed":0.0,"max_hp_gain":0.0,"max_hp_loss":0.0,"gold_gain":0.0,"cards_transformed":["Strike_B"],"event_name":"Transmorgrifier","player_choice":"Transformed","floor":14.0,"gold_loss":0.0,"damage_taken":0.0,"cards_obtained":["Steam Power"]},{"damage_healed":0.0,"max_hp_gain":0.0,"max_hp_loss":0.0,"gold_gain":0.0,"event_name":"Vampires","player_choice":"Ignored","floor":22.0,"gold_loss":0.0,"damage_taken":0.0},{"damage_healed":0.0,"max_hp_gain":0.0,"max_hp_loss":0.0,"gold_gain":0.0,"event_name":"WeMeetAgain","player_choice":"Paid Gold","floor":36.0,"gold_loss":58.0,"damage_taken":0.0,"relics_obtained":["Toxic Egg 2"]},{"damage_healed":0.0,"max_hp_gain":0.0,"max_hp_loss":0.0,"gold_gain":0.0,"event_name":"Mysterious Sphere","player_choice":"Ignored","floor":45.0,"gold_loss":0.0,"damage_taken":0.0}],"is_beta":true,"boss_relics":[{"not_picked":["Fusion Hammer","Tiny House"],"picked":"Inserter"},{"not_picked":["Eternal Feather","Philosopher\u0027s Stone"],"picked":"Busted Crown"}],"items_purged_floors":[20,38],"is_endless":false,"potions_floor_spawned":[1,12,16,21,29,37,39,46,48],"killed_by":"The Heart","ascension_level":15}