{"gold_per_floor":[118,88,100,175,194,194,223,223,297,312,332,357,357,373,373,446,446,464,484,484,484,36,61,61],"floor_reached":24,"playtime":2501,"items_purged":["Strike_R"],"score":418,"play_id":"584b7a68-ca98-46ef-9e4d-18d8ff6f9236","local_time":"20190326042123","is_ascension_mode":true,"campfire_choices":[{"data":"Bash","floor":6.0,"key":"SMITH"},{"data":"Shrug It Off","floor":8.0,"key":"SMITH"},{"data":"Double Tap","floor":13.0,"key":"SMITH"},{"data":"Rampage","floor":15.0,"key":"SMITH"}],"neow_cost":"NONE","seed_source_timestamp":2257487573763897,"circlet_count":0,"master_deck":["AscendersBane","Strike_R","Strike_R","Strike_R","Strike_R","Defend_R+1","Defend_R+1","Defend_R","Defend_R","Bash+1","Twin Strike","Shrug It Off+1","Evolve","Rampage+1","Pommel Strike","Double Tap+1","Headbutt","Offering","Warcry+1","Disarm","Panache","Dropkick+1"],"special_seed":0,"relics":["Burning Blood","NeowsBlessing","Red Skull","Mercury Hourglass","Unceasing Top","Sozu","MutagenicStrength","Tiny Chest","War Paint"],"potions_floor_usage":[24],"damage_taken":[{"damage":0.0,"enemies":"Small Slimes","floor":1.0,"turns":1.0},{"damage":0.0,"enemies":"Cultist","floor":3.0,"turns":1.0},{"damage":0.0,"enemies":"Jaw Worm","floor":5.0,"turns":1.0},{"damage":16.0,"enemies":"Gremlin Nob","floor":7.0,"turns":3.0},{"damage":0.0,"enemies":"3 Louse","floor":10.0,"turns":3.0},{"damage":6.0,"enemies":"Exordium Thugs","floor":11.0,"turns":4.0},{"damage":29.0,"enemies":"Lagavulin","floor":12.0,"turns":7.0},{"damage":3.0,"enemies":"Blue Slaver","floor":14.0,"turns":2.0},{"damage":39.0,"enemies":"The Guardian","floor":16.0,"turns":10.0},{"damage":17.0,"enemies":"2 Thieves","floor":18.0,"turns":4.0},{"damage":7.0,"enemies":"Spheric Guardian","floor":19.0,"turns":3.0},{"damage":47.0,"enemies":"Slavers","floor":23.0,"turns":4.0},{"damage":19,"enemies":"Snake Plant","floor":24,"turns":1}],"seed_played":"-285049554869694399","potions_obtained":[{"floor":2.0,"key":"SteroidPotion"},{"floor":2.0,"key":"Ancient Potion"},{"floor":3.0,"key":"Regen Potion"},{"floor":7.0,"key":"LiquidBronze"}],"is_trial":false,"path_per_floor":["M","?","M","?","M","R","E","R","T","M","M","E","R","M","R","B",null,"M","M","$","?","$","E","M"],"character_chosen":"IRONCLAD","items_purchased":["Tiny Chest","Disarm","Panache"],"campfire_rested":0,"item_purchase_floors":[22,22,22],"current_hp_per_floor":[74,74,75,64,70,70,60,60,60,66,66,43,43,46,46,13,60,49,57,57,57,57,16,0],"gold":61,"neow_bonus":"THREE_ENEMY_KILL","is_prod":false,"is_daily":false,"chose_seed":false,"campfire_upgraded":4,"win_rate":0,"timestamp":1553541683,"path_taken":["M","?","?","?","M","R","E","R","T","M","M","E","R","M","R","BOSS","M","M","$","?","$","E","M"],"build_version":"2019-03-15","purchased_purges":1,"victory":false,"max_hp_per_floor":[75,75,75,75,75,75,75,75,75,75,75,75,75,75,75,75,75,75,75,75,75,75,75,75],"card_choices":[{"not_picked":["Havoc","Bloodletting"],"picked":"Twin Strike","floor":1.0},{"not_picked":["Anger","Flex","Sever Soul"],"picked":"SKIP","floor":3.0},{"not_picked":["Wild Strike","Flex"],"picked":"Shrug It Off","floor":5.0},{"not_picked":["Pommel Strike","Shrug It Off"],"picked":"Evolve","floor":7.0},{"not_picked":["Thunderclap","Perfected Strike"],"picked":"Rampage","floor":10.0},{"not_picked":["Metallicize","Clash"],"picked":"Pommel Strike","floor":11.0},{"not_picked":["Pummel","Seeing Red"],"picked":"Double Tap","floor":12.0},{"not_picked":["Wild Strike","Cleave"],"picked":"Headbutt","floor":14.0},{"not_picked":["Immolate","Juggernaut"],"picked":"Offering","floor":16.0},{"not_picked":["Clash","Wild Strike","Heavy Blade+1"],"picked":"SKIP","floor":18.0},{"not_picked":["Clash","Metallicize"],"picked":"Warcry+1","floor":19.0},{"not_picked":["Dual Wield","Pommel Strike"],"picked":"Dropkick+1","floor":23.0}],"player_experience":2737655,"relics_obtained":[{"floor":7.0,"key":"Red Skull"},{"floor":9.0,"key":"Mercury Hourglass"},{"floor":12.0,"key":"Unceasing Top"},{"floor":23.0,"key":"War Paint"}],"event_choices":[{"damage_healed":0.0,"max_hp_gain":0.0,"max_hp_loss":0.0,"gold_gain":0.0,"event_name":"The Woman in Blue","player_choice":"Bought 2 Potions","floor":2.0,"gold_loss":0.0,"damage_taken":0.0},{"damage_healed":0.0,"max_hp_gain":0.0,"max_hp_loss":0.0,"gold_gain":75.0,"event_name":"World of Goop","player_choice":"Gather Gold","floor":4.0,"gold_loss":0.0,"damage_taken":11.0},{"damage_healed":0.0,"max_hp_gain":0.0,"max_hp_loss":0.0,"gold_gain":0.0,"event_name":"Drug Dealer","player_choice":"Inject Mutagens","floor":21.0,"gold_loss":0.0,"damage_taken":0.0,"relics_obtained":["MutagenicStrength"]}],"is_beta":true,"boss_relics":[{"not_picked":["Cursed Key","Black Blood"],"picked":"Sozu"}],"items_purged_floors":[22],"is_endless":false,"potions_floor_spawned":[3,5,7,11,12,18,23],"killed_by":"Snake Plant","ascension_level":17}