{"gold_per_floor":[114,130,130,205,215,246,171,189,189,189,189,223,223,239,239,335,335,354,364,364,264,284,313,313,329,329,329],"floor_reached":27,"playtime":1648,"items_purged":["Strike_B","Strike_B"],"score":280,"play_id":"25628987-bf7a-4148-9b82-66246606dce8","local_time":"20181225094152","is_ascension_mode":true,"campfire_choices":[{"floor":10,"key":"REST"},{"data":"Dualcast","floor":13,"key":"SMITH"},{"floor":15,"key":"REST"},{"floor":24,"key":"REST"}],"neow_cost":"NONE","seed_source_timestamp":216071727863722,"circlet_count":0,"master_deck":["Strike_B","Defend_B","Defend_B","Defend_B","Defend_B","Zap","Dualcast+1","Forethought","Redo","Streamline","Ball Lightning","BootSequence","Turbo","Reinforced Body","Beam Cell","Seek","Hello World+1","PanicButton","Deep Breath","Leap+1","Gash+1","Gash+1"],"relics":["Cracked Core","Pen Nib","Blood Vial","Cables","White Beast Statue","Molten Egg 2","Pear"],"potions_floor_usage":[6,16,18,22,22,23,23,23,23,27,27],"damage_taken":[{"damage":0,"enemies":"Small Slimes","floor":1,"turns":2},{"damage":4,"enemies":"Cultist","floor":2,"turns":4},{"damage":0,"enemies":"2 Louse","floor":5,"turns":2},{"damage":34,"enemies":"Gremlin Nob","floor":6,"turns":4},{"damage":2,"enemies":"2 Fungi Beasts","floor":8,"turns":3},{"damage":16,"enemies":"Lagavulin","floor":12,"turns":6},{"damage":6,"enemies":"Large Slime","floor":14,"turns":4},{"damage":6,"enemies":"Slime Boss","floor":16,"turns":9},{"damage":15,"enemies":"3 Byrds","floor":18,"turns":3},{"damage":16,"enemies":"2 Thieves","floor":19,"turns":3},{"damage":1,"enemies":"Snecko","floor":22,"turns":8},{"damage":2,"enemies":"Book of Stabbing","floor":23,"turns":5},{"damage":33,"enemies":"Cultist and Chosen","floor":25,"turns":7},{"damage":42,"enemies":"Slavers","floor":27,"turns":3}],"seed_played":"-1638453986713133115","potions_obtained":[{"floor":5,"key":"EssenceOfSteel"},{"floor":6,"key":"PowerPotion"},{"floor":14,"key":"EntropicBrew"},{"floor":16,"key":"PowerPotion"},{"floor":18,"key":"SkillPotion"},{"floor":19,"key":"SneckoOil"},{"floor":22,"key":"LiquidBronze"},{"floor":23,"key":"Explosive Potion"},{"floor":25,"key":"FocusPotion"}],"is_trial":false,"path_per_floor":["M","M","?","?","M","E","$","M","T","R","?","E","R","M","R","B",null,"M","M","?","$","M","E","R","M","T","E"],"character_chosen":"DEFECT","items_purchased":[],"campfire_rested":3,"item_purchase_floors":[],"current_hp_per_floor":[75,71,64,53,53,19,19,17,17,39,44,30,30,26,50,46,80,65,51,27,27,28,28,52,21,31,0],"gold":329,"neow_bonus":"RANDOM_COLORLESS","is_prod":false,"is_daily":false,"chose_seed":false,"campfire_upgraded":1,"win_rate":0,"timestamp":1545698512,"path_taken":["M","M","?","?","M","E","$","M","T","R","?","E","R","M","R","BOSS","M","M","?","$","M","E","R","M","T","E"],"build_version":"2018-12-20","purchased_purges":2,"victory":false,"max_hp_per_floor":[75,75,75,75,75,75,75,75,75,75,80,80,80,80,80,80,80,80,80,80,80,80,80,80,80,90,90],"card_choices":[{"not_picked":["Coolheaded","Steam"],"picked":"Redo","floor":1},{"not_picked":["Leap","Undo"],"picked":"Streamline","floor":2},{"not_picked":["Hologram","Loop"],"picked":"Ball Lightning","floor":5},{"not_picked":["Stack","Barrage"],"picked":"BootSequence","floor":6},{"not_picked":["Core Surge","Loop"],"picked":"Turbo","floor":8},{"not_picked":["Consume","Cold Snap"],"picked":"Reinforced Body","floor":12},{"not_picked":["Storm","Force Field"],"picked":"Beam Cell","floor":14},{"not_picked":["Hyperbeam","Reboot"],"picked":"Seek","floor":16},{"not_picked":["Sweeping Beam+1","Turbo"],"picked":"Hello World+1","floor":18},{"not_picked":["Cold Snap","Go for the Eyes","Sweeping Beam"],"picked":"SKIP","floor":19},{"not_picked":["Turbo","Gash"],"picked":"Leap+1","floor":22},{"not_picked":["Leap","Sweeping Beam"],"picked":"Gash+1","floor":23},{"not_picked":["Compile Driver+1","Steam Power+1"],"picked":"Gash+1","floor":25}],"player_experience":191319,"relics_obtained":[{"floor":6,"key":"Pen Nib"},{"floor":9,"key":"Blood Vial"},{"floor":12,"key":"Cables"},{"floor":23,"key":"Molten Egg 2"},{"floor":26,"key":"Pear"}],"event_choices":[{"cards_removed":["Strike_B"],"damage_healed":0,"gold_gain":0,"player_choice":"Card Removal","damage_taken":7,"max_hp_gain":0,"max_hp_loss":0,"event_name":"Golden Wing","floor":3,"gold_loss":0},{"damage_healed":0,"gold_gain":75,"player_choice":"Gather Gold","damage_taken":11,"max_hp_gain":0,"max_hp_loss":0,"event_name":"World of Goop","floor":4,"gold_loss":0},{"damage_healed":0,"gold_gain":0,"player_choice":"Donut","damage_taken":0,"max_hp_gain":5,"max_hp_loss":0,"event_name":"Big Fish","floor":11,"gold_loss":0},{"damage_healed":0,"gold_gain":0,"player_choice":"CARD CARD ","damage_taken":24,"max_hp_gain":0,"max_hp_loss":0,"event_name":"Knowing Skull","floor":20,"potions_obtained":[],"gold_loss":0,"cards_obtained":["PanicButton","Deep Breath"]}],"is_beta":false,"boss_relics":[{"not_picked":["Philosopher\u0027s Stone","Ectoplasm"],"picked":"White Beast Statue"}],"items_purged_floors":[7,21],"is_endless":false,"potions_floor_spawned":[5,6,14,16,18,19,22,23,25],"killed_by":"Slavers","ascension_level":1}