{"gold_per_floor":[109,72,147,72,82,112,127,127,127,127,157,157,157,172,172,244,244,224,60,76,76,87,87,107,124,175,175,190,208,228,228],"floor_reached":31,"playtime":1312,"items_purged":["Strike_G"],"score":521,"play_id":"96487417-cb44-4035-9567-934dcb66734d","local_time":"20190526202417","is_ascension_mode":true,"campfire_choices":[{"data":"Neutralize","floor":8.0,"key":"SMITH"},{"data":"Noxious Fumes","floor":10.0,"key":"SMITH"},{"data":"Noxious Fumes","floor":12.0,"key":"SMITH"},{"floor":15.0,"key":"REST"},{"floor":23,"key":"REST"},{"floor":27,"key":"REST"}],"neow_cost":"NONE","seed_source_timestamp":648516757110680,"circlet_count":0,"master_deck":["AscendersBane","Strike_G","Strike_G","Strike_G","Strike_G","Defend_G","Defend_G","Defend_G","Defend_G","Defend_G","Survivor","Neutralize+1","Dagger Spray","Noxious Fumes+1","Noxious Fumes+1","Pain","Infinite Blades","Tools of the Trade","Predator+1","Sucker Punch+1","Backstab","Underhanded Strike+1","Acrobatics+1"],"special_seed":0,"relics":["Ring of the Snake","NeowsBlessing","Paper Crane","Ornamental Fan","Pear","WarpedTongs","Fusion Hammer","Bronze Scales","Juzu Bracelet"],"potions_floor_usage":[28,30],"damage_taken":[{"damage":0.0,"enemies":"Small Slimes","floor":1.0,"turns":1.0},{"damage":0.0,"enemies":"Cultist","floor":5.0,"turns":1.0},{"damage":0.0,"enemies":"3 Sentries","floor":6.0,"turns":1.0},{"damage":0.0,"enemies":"2 Louse","floor":7.0,"turns":3.0},{"damage":36.0,"enemies":"Gremlin Nob","floor":11.0,"turns":5.0},{"damage":9.0,"enemies":"Lots of Slimes","floor":14.0,"turns":3.0},{"damage":19.0,"enemies":"The Guardian","floor":16.0,"turns":10.0},{"damage":14.0,"enemies":"2 Thieves","floor":18.0,"turns":4.0},{"damage":1.0,"enemies":"3 Byrds","floor":20.0,"turns":3.0},{"damage":8.0,"enemies":"Cultist and Chosen","floor":22.0,"turns":5.0},{"damage":6,"enemies":"Centurion and Healer","floor":24,"turns":5},{"damage":19,"enemies":"3 Cultists","floor":25,"turns":5},{"damage":22,"enemies":"Shelled Parasite and Fungi","floor":28,"turns":5},{"damage":29,"enemies":"Sentry and Sphere","floor":29,"turns":6},{"damage":4,"enemies":"Snake Plant","floor":30,"turns":3},{"damage":0,"enemies":"Snecko","floor":31,"turns":2}],"seed_played":"-4014913357851869189","potions_obtained":[{"floor":5.0,"key":"Regen Potion"},{"floor":16.0,"key":"EssenceOfSteel"},{"floor":18.0,"key":"GamblersBrew"},{"floor":20.0,"key":"LiquidBronze"},{"floor":24,"key":"PowerPotion"},{"floor":28,"key":"Poison Potion"},{"floor":29,"key":"GhostInAJar"}],"is_trial":false,"path_per_floor":["M","$","?","$","M","E","M","R","T","R","E","R","?","M","R","B",null,"M","$","M","$","M","R","M","M","T","R","M","M","M","M"],"character_chosen":"THE_SILENT","items_purchased":["Noxious Fumes","Bronze Scales"],"campfire_rested":3,"item_purchase_floors":[2,19],"current_hp_per_floor":[59,59,48,48,48,48,48,48,48,48,37,37,37,28,50,31,65,51,51,50,50,42,64,58,39,39,61,39,10,6,6],"gold":228,"neow_bonus":"THREE_ENEMY_KILL","is_prod":false,"is_daily":false,"chose_seed":false,"campfire_upgraded":3,"win_rate":0,"timestamp":1558869857,"path_taken":["M","$","?","$","M","E","M","R","T","R","E","R","?","M","R","BOSS","M","$","M","$","?","R","M","M","T","R","M","M","M","M"],"build_version":"2019-05-24v2","purchased_purges":1,"victory":false,"max_hp_per_floor":[66,66,66,66,66,66,66,66,66,66,76,76,76,76,76,76,76,76,76,76,76,76,76,76,76,76,76,76,76,76,76],"card_choices":[{"not_picked":["Cloak And Dagger","Masterful Stab"],"picked":"Dagger Spray","floor":1.0},{"not_picked":["Crippling Poison","Outmaneuver"],"picked":"Noxious Fumes","floor":5.0},{"not_picked":["Deadly Poison","Deflect","Acrobatics"],"picked":"SKIP","floor":6.0},{"not_picked":["Underhanded Strike","Quick Slash","Heel Hook"],"picked":"SKIP","floor":7.0},{"not_picked":["Expertise","Distraction","Terror"],"picked":"SKIP","floor":11.0},{"not_picked":["Setup","Quick Slash"],"picked":"Infinite Blades","floor":14.0},{"not_picked":["Grand Finale","Die Die Die"],"picked":"Tools of the Trade","floor":16.0},{"not_picked":["Crippling Poison","Dodge and Roll"],"picked":"Predator+1","floor":18.0},{"not_picked":["Dagger Spray","Poisoned Stab","Flying Knee"],"picked":"SKIP","floor":20.0},{"not_picked":["Unload","Underhanded Strike"],"picked":"Sucker Punch+1","floor":22},{"not_picked":["Bouncing Flask","Masterful Stab"],"picked":"Backstab","floor":24},{"not_picked":["Finisher","Sucker Punch"],"picked":"Underhanded Strike+1","floor":25},{"not_picked":["Calculated Gamble+1","Dagger Throw"],"picked":"Acrobatics+1","floor":28},{"not_picked":["Flechettes","Dagger Throw","Dash"],"picked":"SKIP","floor":29},{"not_picked":["Dagger Spray","Caltrops","Bane"],"picked":"SKIP","floor":30}],"player_experience":3343433,"relics_obtained":[{"floor":6.0,"key":"Paper Crane"},{"floor":9.0,"key":"Ornamental Fan"},{"floor":11.0,"key":"Pear"},{"floor":26,"key":"Juzu Bracelet"}],"event_choices":[{"damage_healed":0.0,"max_hp_gain":0.0,"max_hp_loss":0.0,"gold_gain":75.0,"event_name":"World of Goop","player_choice":"Gather Gold","floor":3.0,"gold_loss":0.0,"damage_taken":11.0},{"damage_healed":0.0,"max_hp_gain":0.0,"max_hp_loss":0.0,"gold_gain":0.0,"event_name":"Accursed Blacksmith","player_choice":"Rummage","floor":13.0,"gold_loss":0.0,"damage_taken":0.0,"relics_obtained":["WarpedTongs"],"cards_obtained":["Pain"]}],"is_beta":true,"boss_relics":[{"not_picked":["Ring of the Serpent","Astrolabe"],"picked":"Fusion Hammer"}],"items_purged_floors":[4],"is_endless":false,"potions_floor_spawned":[5,16,18,20,24,28,29],"killed_by":"Snecko","ascension_level":18}