{"gold_per_floor":[12,12,12,24,24,60,60,96,96,96],"floor_reached":10,"playtime":438,"items_purged":[],"score":81,"play_id":"4e1f04dd-0b78-4986-b829-bec6f9723629","local_time":"20181103141926","is_ascension_mode":true,"campfire_choices":[{"floor":7,"key":"REST"}],"neow_cost":"NO_GOLD","seed_source_timestamp":404392886749549,"circlet_count":0,"master_deck":["Strike_B","Strike_B","Strike_B","Strike_B","Defend_B","Defend_B","Defend_B","Zap","Dualcast","Undo","Regret","Streamline","Injury","Turbo","Go for the Eyes"],"relics":["Cracked Core","Bird Faced Urn","Cables","Golden Idol","Smiling Mask","Anchor","Shuriken"],"potions_floor_usage":[8],"damage_taken":[{"damage":4,"enemies":"Jaw Worm","floor":1,"turns":3},{"damage":8,"enemies":"2 Louse","floor":4,"turns":2},{"damage":25,"enemies":"Lagavulin","floor":6,"turns":6},{"damage":39,"enemies":"Gremlin Nob","floor":8,"turns":5},{"damage":25,"enemies":"3 Sentries","floor":10,"turns":4}],"seed_played":"-7663381996230235104","potions_obtained":[{"floor":4,"key":"Block Potion"}],"is_trial":false,"path_per_floor":["M","?","?","M","?","E","R","E","T","E"],"character_chosen":"DEFECT","items_purchased":[],"campfire_rested":1,"item_purchase_floors":[],"current_hp_per_floor":[71,71,71,63,63,38,60,21,21,0],"gold":96,"neow_bonus":"ONE_RARE_RELIC","is_prod":false,"is_daily":false,"chose_seed":false,"campfire_upgraded":0,"win_rate":0,"timestamp":1541272766,"path_taken":["M","?","?","?","?","E","R","E","T","E"],"build_version":"2018-11-01","purchased_purges":0,"victory":false,"max_hp_per_floor":[75,75,75,75,75,75,75,75,75,75],"card_choices":[{"not_picked":["Turbo","Steam"],"picked":"Undo","floor":1},{"not_picked":["Turbo","Rebound"],"picked":"Streamline","floor":4},{"not_picked":["Coolheaded","Compile Driver"],"picked":"Turbo","floor":6},{"not_picked":["Stack","Darkness"],"picked":"Go for the Eyes","floor":8}],"player_experience":391861,"relics_obtained":[{"floor":6,"key":"Smiling Mask"},{"floor":8,"key":"Anchor"},{"floor":9,"key":"Shuriken"}],"event_choices":[{"damage_healed":0,"gold_gain":0,"player_choice":"Box","damage_taken":0,"relics_obtained":["Cables"],"max_hp_gain":0,"max_hp_loss":0,"event_name":"Big Fish","floor":2,"gold_loss":0,"cards_obtained":["Regret"]},{"cards_removed":["Defend_B"],"damage_healed":0,"gold_gain":0,"player_choice":"Offered Basic","damage_taken":0,"max_hp_gain":0,"max_hp_loss":0,"event_name":"Bonfire Elementals","floor":3,"gold_loss":0},{"damage_healed":0,"gold_gain":0,"player_choice":"Take Wound","damage_taken":0,"relics_obtained":["Golden Idol"],"max_hp_gain":0,"max_hp_loss":0,"event_name":"Golden Idol","floor":5,"gold_loss":0,"cards_obtained":["Injury"]}],"is_beta":false,"boss_relics":[],"items_purged_floors":[],"is_endless":false,"potions_floor_spawned":[4],"killed_by":"3 Sentries","ascension_level":2}