{"gold_per_floor":[118,118,136,136,155,155,170,170,221,255,20,20,20,31,31,105,105,119,1,1,1,1,1,14,14,14,42,42,52,52,77,77,151,151,161,176,189,207,207,207],"floor_reached":40,"playtime":2382,"items_purged":["Strike_B"],"score":751,"play_id":"bcc9c3e1-f490-4386-b889-777120f72c27","local_time":"20190413185502","is_ascension_mode":true,"campfire_choices":[{"data":"Dualcast","floor":6.0,"key":"SMITH"},{"data":"Static Discharge","floor":8.0,"key":"SMITH"},{"floor":15.0,"key":"REST"},{"data":"Apotheosis","floor":23.0,"key":"SMITH"},{"data":"Seek","floor":25.0,"key":"SMITH"},{"data":"Capacitor","floor":28.0,"key":"SMITH"},{"floor":32.0,"key":"REST"}],"neow_cost":"NONE","seed_source_timestamp":95112088755057,"circlet_count":0,"master_deck":["AscendersBane","Defend_B","Defend_B","Zap+1","Dualcast+1","Cold Snap","Ball Lightning","Static Discharge+1","Chill","Apotheosis+1","Glacier","Reinforced Body","Seek+1","Capacitor+1","Multi-Cast","Aggregate","Ball Lightning","Go for the Eyes","Electrodynamics","Creative AI","Aggregate+1","Melter+1","All For One+1","Double Energy","BootSequence","Conserve Battery","Compile Driver"],"special_seed":0,"relics":["Cracked Core","Omamori","Potion Belt","Ancient Tea Set","Pocketwatch","White Beast Statue","Blood Vial","Bag of Preparation","Astrolabe"],"potions_floor_usage":[33,33,33,35,37,40],"damage_taken":[{"damage":4.0,"enemies":"2 Louse","floor":1.0,"turns":3.0},{"damage":0.0,"enemies":"Cultist","floor":3.0,"turns":3.0},{"damage":5.0,"enemies":"Small Slimes","floor":5.0,"turns":3.0},{"damage":9.0,"enemies":"Looter","floor":7.0,"turns":2.0},{"damage":12.0,"enemies":"Gremlin Nob","floor":10.0,"turns":3.0},{"damage":0.0,"enemies":"Large Slime","floor":13.0,"turns":1.0},{"damage":0.0,"enemies":"Exordium Wildlife","floor":14.0,"turns":4.0},{"damage":3.0,"enemies":"Hexaghost","floor":16.0,"turns":10.0},{"damage":3.0,"enemies":"3 Byrds","floor":18.0,"turns":7.0},{"damage":0.0,"enemies":"Shell Parasite","floor":24.0,"turns":9.0},{"damage":5.0,"enemies":"Gremlin Leader","floor":27.0,"turns":8.0},{"damage":14.0,"enemies":"Centurion and Healer","floor":29.0,"turns":6.0},{"damage":44,"enemies":"Automaton","floor":33,"turns":11},{"damage":11,"enemies":"3 Darklings","floor":35,"turns":4},{"damage":4,"enemies":"3 Shapes","floor":36,"turns":5},{"damage":23,"enemies":"Spire Growth","floor":37,"turns":7},{"damage":14,"enemies":"3 Darklings","floor":38,"turns":5},{"damage":29,"enemies":"Reptomancer","floor":40,"turns":2}],"seed_played":"-1232021422663391611","potions_obtained":[{"floor":1.0,"key":"SmokeBomb"},{"floor":5.0,"key":"Swift Potion"},{"floor":7.0,"key":"Poison Potion"},{"floor":14.0,"key":"AttackPotion"},{"floor":18.0,"key":"Strength Potion"},{"floor":24.0,"key":"Strength Potion"},{"floor":27.0,"key":"Weak Potion"},{"floor":29.0,"key":"GamblersBrew"},{"floor":33,"key":"Block Potion"},{"floor":35,"key":"Fire Potion"},{"floor":36,"key":"Poison Potion"},{"floor":37,"key":"EssenceOfSteel"},{"floor":38,"key":"Energy Potion"}],"is_trial":false,"path_per_floor":["M","?","M","$","M","R","M","R","T","E","$","?","M","M","R","B",null,"M","$","?","?","?","R","M","R","T","E","R","M","$","T","R","B",null,"M","M","M","M","?","E"],"character_chosen":"DEFECT","items_purchased":["Apotheosis","Glacier","Capacitor"],"campfire_rested":2,"item_purchase_floors":[11,11,19],"current_hp_per_floor":[60,60,60,60,55,55,46,46,46,34,34,8,8,8,29,26,60,57,57,57,37,37,37,37,37,37,34,34,22,22,22,44,2,58,49,47,26,14,14,0],"gold":207,"neow_bonus":"RANDOM_COMMON_RELIC","is_prod":false,"is_daily":false,"chose_seed":false,"campfire_upgraded":5,"win_rate":0,"timestamp":1555149302,"path_taken":["M","?","?","?","?","R","M","R","T","E","?","?","M","M","R","BOSS","M","$","?","?","?","R","?","R","T","E","R","M","$","?","R","BOSS","M","M","M","M","?","E"],"build_version":"2019-04-04","purchased_purges":1,"victory":false,"max_hp_per_floor":[71,71,71,71,71,71,71,71,71,71,71,71,71,71,71,71,71,71,71,71,76,76,76,76,76,76,76,76,76,76,76,76,76,76,76,76,76,76,76,76],"card_choices":[{"not_picked":["Double Energy","Steam"],"picked":"Cold Snap","floor":1.0},{"not_picked":["Coolheaded","Stack"],"picked":"Ball Lightning","floor":3.0},{"not_picked":["Coolheaded","Rainbow"],"picked":"Cold Snap","floor":5.0},{"not_picked":["Sweeping Beam","Cold Snap"],"picked":"Static Discharge","floor":7.0},{"not_picked":["Turbo","Leap"],"picked":"Chill","floor":10.0},{"not_picked":["Sweeping Beam","Redo"],"picked":"Reinforced Body","floor":14.0},{"not_picked":["Reboot","Amplify"],"picked":"Seek","floor":16.0},{"not_picked":["Sweeping Beam","Gash","Rebound+1"],"picked":"SKIP","floor":18.0},{"not_picked":["Leap","Gash+1"],"picked":"Ball Lightning","floor":24.0},{"not_picked":["Gash","Compile Driver"],"picked":"Go for the Eyes","floor":27.0},{"not_picked":["Beam Cell","Barrage"],"picked":"Electrodynamics","floor":29.0},{"not_picked":["Electrodynamics","Meteor Strike"],"picked":"Creative AI","floor":33},{"not_picked":["Fusion","Melter+1"],"picked":"Double Energy","floor":35},{"not_picked":["Rip and Tear","Cold Snap"],"picked":"BootSequence","floor":36},{"not_picked":["Hello World","Blizzard"],"picked":"Conserve Battery","floor":37},{"not_picked":["Barrage","Redo"],"picked":"Compile Driver","floor":38}],"player_experience":2928747,"relics_obtained":[{"floor":9.0,"key":"Potion Belt"},{"floor":10.0,"key":"Ancient Tea Set"},{"floor":26.0,"key":"Blood Vial"},{"floor":27.0,"key":"Bag of Preparation"}],"event_choices":[{"damage_healed":0.0,"max_hp_gain":0.0,"max_hp_loss":0.0,"gold_gain":0.0,"event_name":"Upgrade Shrine","player_choice":"Upgraded","floor":2.0,"gold_loss":0.0,"damage_taken":0.0,"cards_upgraded":["Zap"]},{"damage_healed":0.0,"max_hp_gain":0.0,"max_hp_loss":0.0,"gold_gain":0.0,"event_name":"Scrap Ooze","player_choice":"Success","floor":12.0,"gold_loss":0.0,"damage_taken":26.0,"relics_obtained":["Pocketwatch"]},{"damage_healed":0.0,"max_hp_gain":0.0,"max_hp_loss":0.0,"gold_gain":0.0,"cards_transformed":["Strike_B","Strike_B"],"event_name":"Drug Dealer","player_choice":"Became Test Subject","floor":20.0,"gold_loss":0.0,"damage_taken":0.0,"cards_obtained":["Multi-Cast","Aggregate"]},{"damage_healed":0.0,"max_hp_gain":5.0,"max_hp_loss":0.0,"gold_gain":0.0,"event_name":"Forgotten Altar","player_choice":"Shed Blood","floor":21.0,"gold_loss":0.0,"damage_taken":25.0},{"damage_healed":0.0,"max_hp_gain":0.0,"max_hp_loss":0.0,"gold_gain":0.0,"event_name":"Cursed Tome","player_choice":"Ignored","floor":22.0,"gold_loss":0.0,"damage_taken":0.0},{"cards_removed":["Cold Snap"],"damage_healed":0,"gold_gain":0,"player_choice":"Removed Attack","damage_taken":0,"max_hp_gain":0,"max_hp_loss":0,"event_name":"Falling","floor":39,"gold_loss":0}],"is_beta":true,"boss_relics":[{"not_picked":["Tiny House","Runic Dome"],"picked":"White Beast Statue"},{"not_picked":["FrozenCore","Sozu"],"picked":"Astrolabe"}],"items_purged_floors":[19],"is_endless":false,"potions_floor_spawned":[1,5,7,14,18,24,27,29,33,35,36,37,38],"killed_by":"Reptomancer","ascension_level":17}