{"gold_per_floor":[109,121,131,131,131,131,131,167,193,193,193,24,24],"floor_reached":13,"playtime":676,"items_purged":["Strike_G"],"score":150,"play_id":"fc4a0a42-07fb-410e-b2b4-314d52eee68b","local_time":"20190513094700","is_ascension_mode":true,"campfire_choices":[{"data":"Dagger Spray","floor":6,"key":"SMITH"},{"floor":11,"key":"REST"}],"neow_cost":"NONE","seed_source_timestamp":1443338564388865,"circlet_count":0,"master_deck":["AscendersBane","Defend_G","Defend_G","Defend_G","Defend_G","Defend_G","Strike_G","Strike_G","Strike_G","Survivor","Neutralize","Cloak And Dagger","PiercingWail","Dagger Spray+1","Backflip","Night Terror","Footwork"],"relics":["Ring of the Snake","Regal Pillow","Golden Idol","Mercury Hourglass","Letter Opener","Happy Flower"],"potions_floor_usage":[8,13,13],"damage_taken":[{"damage":10,"enemies":"2 Louse","floor":1,"turns":5},{"damage":3,"enemies":"Jaw Worm","floor":2,"turns":7},{"damage":3,"enemies":"Small Slimes","floor":3,"turns":5},{"damage":38,"enemies":"Lagavulin","floor":8,"turns":13},{"damage":69,"enemies":"Gremlin Nob","floor":13,"turns":6}],"seed_played":"-2140682928459224632","potions_obtained":[{"floor":1,"key":"Ancient Potion"},{"floor":8,"key":"AttackPotion"}],"is_trial":false,"path_per_floor":["M","M","M","?","$","R","T","E","T","?","R","$","E"],"character_chosen":"THE_SILENT","items_purchased":["Footwork","Block Potion"],"campfire_rested":1,"item_purchase_floors":[12,12],"current_hp_per_floor":[49,46,43,43,43,43,43,5,5,5,38,38,0],"gold":24,"neow_bonus":"RANDOM_COMMON_RELIC","is_prod":false,"is_daily":false,"chose_seed":false,"campfire_upgraded":1,"win_rate":0,"timestamp":1557708420,"path_taken":["M","M","M","?","$","R","?","E","T","?","R","$","E"],"build_version":"2019-05-07","purchased_purges":1,"victory":false,"max_hp_per_floor":[66,66,66,60,60,60,60,60,60,60,60,60,60],"card_choices":[{"not_picked":["Sucker Punch","Deflect"],"picked":"Cloak And Dagger","floor":1},{"not_picked":["Dash","Expertise"],"picked":"PiercingWail","floor":2},{"not_picked":["Reflex","Deflect"],"picked":"Dagger Spray","floor":3},{"not_picked":["Phantasmal Killer","Deflect"],"picked":"Backflip","floor":8}],"player_experience":3223158,"relics_obtained":[{"floor":7,"key":"Mercury Hourglass"},{"floor":8,"key":"Letter Opener"},{"floor":9,"key":"Happy Flower"}],"event_choices":[{"damage_healed":0,"gold_gain":0,"player_choice":"Lose Max HP","damage_taken":0,"relics_obtained":["Golden Idol"],"max_hp_gain":0,"max_hp_loss":6,"event_name":"Golden Idol","floor":4,"gold_loss":0},{"damage_healed":0,"gold_gain":0,"cards_transformed":["Strike_G"],"player_choice":"Transformed","damage_taken":0,"max_hp_gain":0,"max_hp_loss":0,"event_name":"Transmorgrifier","floor":10,"gold_loss":0,"cards_obtained":["Night Terror"]}],"is_beta":true,"boss_relics":[],"items_purged_floors":[12],"is_endless":false,"potions_floor_spawned":[1,8],"killed_by":"Gremlin Nob","ascension_level":17}