{"gold_per_floor":[110,110,110,125,50,50,65,99,123,143,158,138,138,149,149,222,222,236,236,286,19,19,19,54,70,70,70,70,96,96,113,113,186,186,198,216,216,216,216,216,244,294,294,309,9,41,41,59,59,59,59,59,59,17,51,51],"floor_reached":57,"playtime":2946,"items_purged":["Strike_B","Defend_B"],"score":2838,"play_id":"10e969fc-fb78-4c07-8411-e38b11bbe985","local_time":"20190418033823","is_ascension_mode":true,"campfire_choices":[{"data":"Defragment","floor":6.0,"key":"SMITH"},{"data":"Dualcast","floor":13.0,"key":"SMITH"},{"data":"Zap","floor":15.0,"key":"SMITH"},{"data":"Sunder","floor":23.0,"key":"SMITH"},{"data":"Fusion","floor":27.0,"key":"SMITH"},{"floor":32.0,"key":"REST"},{"data":"Recycle","floor":40.0,"key":"SMITH"},{"data":"Skim","floor":47.0,"key":"SMITH"},{"floor":49.0,"key":"RECALL"},{"data":"Skim","floor":53,"key":"SMITH"}],"neow_cost":"PERCENT_DAMAGE","seed_source_timestamp":96237548603900,"circlet_count":0,"master_deck":["AscendersBane","Defend_B","Defend_B+1","Zap+1","Dualcast+1","Defragment+1","Cold Snap","Doom and Gloom","Leap+1","Meteor Strike","Darkness+1","Fusion+1","Fission","Sweeping Beam","Electrodynamics","Recycle+1","Double Energy+1","Skim+1","Skim+1","Skim"],"special_seed":0,"relics":["Cracked Core","Lantern","PreservedInsect","Blood Vial","Odd Mushroom","Lizard Tail","War Paint","Incense Burner","Pocketwatch","Unceasing Top","Nuclear Battery","Girya","Prayer Wheel","DollysMirror","Pen Nib","Bag of Marbles"],"potions_floor_usage":[55,56],"damage_taken":[{"damage":7.0,"enemies":"Small Slimes","floor":1.0,"turns":3.0},{"damage":0.0,"enemies":"2 Louse","floor":4.0,"turns":2.0},{"damage":0.0,"enemies":"Jaw Worm","floor":7.0,"turns":3.0},{"damage":21.0,"enemies":"Lagavulin","floor":8.0,"turns":7.0},{"damage":0.0,"enemies":"The Mushroom Lair","floor":10.0,"turns":1.0},{"damage":2.0,"enemies":"2 Fungi Beasts","floor":11.0,"turns":3.0},{"damage":7.0,"enemies":"Red Slaver","floor":14.0,"turns":3.0},{"damage":3.0,"enemies":"The Guardian","floor":16.0,"turns":9.0},{"damage":31.0,"enemies":"Shell Parasite","floor":18.0,"turns":5.0},{"damage":27.0,"enemies":"Book of Stabbing","floor":24.0,"turns":4.0},{"damage":13.0,"enemies":"3 Byrds","floor":25.0,"turns":3.0},{"damage":18.0,"enemies":"Gremlin Leader","floor":29.0,"turns":4.0},{"damage":0.0,"enemies":"Centurion and Healer","floor":31.0,"turns":4.0},{"damage":31.0,"enemies":"Automaton","floor":33.0,"turns":8.0},{"damage":0.0,"enemies":"Orb Walker","floor":35.0,"turns":2.0},{"damage":15.0,"enemies":"3 Darklings","floor":36.0,"turns":3.0},{"damage":0.0,"enemies":"Reptomancer","floor":41.0,"turns":4.0},{"damage":0.0,"enemies":"Maw","floor":44.0,"turns":5.0},{"damage":0.0,"enemies":"Giant Head","floor":46.0,"turns":3.0},{"damage":0.0,"enemies":"Writhing Mass","floor":48.0,"turns":4.0},{"damage":13,"enemies":"Donu and Deca","floor":50,"turns":6},{"damage":13,"enemies":"Awakened One","floor":51,"turns":6},{"damage":0,"enemies":"Shield and Spear","floor":55,"turns":2},{"damage":53,"enemies":"The Heart","floor":56,"turns":6}],"seed_played":"8549838494081916292","potions_obtained":[{"floor":1.0,"key":"PowerPotion"},{"floor":4.0,"key":"Swift Potion"},{"floor":12.0,"key":"FocusPotion"},{"floor":16.0,"key":"Explosive Potion"},{"floor":18.0,"key":"Fire Potion"},{"floor":31.0,"key":"AttackPotion"},{"floor":36.0,"key":"Energy Potion"},{"floor":41.0,"key":"LiquidBronze"},{"floor":55,"key":"Poison Potion"}],"is_trial":false,"path_per_floor":["M","?","?","M","$","R","M","E","T","?","M","?","R","M","R","B",null,"M","?","?","$","?","R","E","M","T","R","$","E","?","M","R","B",null,"M","M","?","?","?","R","E","?","T","M","$","E","R","M","R","B","B",null,"R","$","E","B",null],"character_chosen":"DEFECT","items_purchased":["War Paint","Skim","DollysMirror","Skim"],"campfire_rested":1,"item_purchase_floors":[21,45,45,54],"current_hp_per_floor":[39,28,51,51,51,51,51,30,30,32,32,32,32,27,27,26,60,31,31,31,31,31,31,6,30,30,30,30,14,14,16,37,8,55,57,44,44,44,44,44,46,40,40,42,42,44,44,46,46,35,24,56,56,56,58,7],"gold":51,"neow_bonus":"REMOVE_TWO","is_prod":false,"is_daily":false,"chose_seed":false,"campfire_upgraded":8,"win_rate":0,"timestamp":1555526303,"path_taken":["M","?","?","M","$","R","M","E","T","?","?","?","R","?","R","BOSS","M","?","?","$","?","R","E","?","T","R","?","E","?","M","R","BOSS","M","M","?","?","?","R","E","?","T","M","$","E","R","M","R","BOSS","BOSS","R","$","E","BOSS"],"build_version":"2019-01-23","purchased_purges":2,"victory":true,"max_hp_per_floor":[71,71,71,71,71,71,71,71,71,71,71,71,71,71,71,71,71,71,71,71,71,71,71,71,71,71,71,71,71,71,71,71,71,71,71,71,71,67,67,67,67,67,67,67,67,67,67,67,67,67,67,67,67,67,67,67],"card_choices":[{"not_picked":["Barrage","Hello World"],"picked":"Sunder","floor":1.0},{"not_picked":["Coolheaded","Stack"],"picked":"Defragment","floor":4.0},{"not_picked":["Heatsinks","Rebound"],"picked":"Cold Snap","floor":7.0},{"not_picked":["Scrape","All For One","Rebound"],"picked":"SKIP","floor":8.0},{"not_picked":["Stack","Force Field"],"picked":"Doom and Gloom","floor":11.0},{"not_picked":["Sunder","Steam Power"],"picked":"Leap","floor":14.0},{"not_picked":["Creative AI","Thunder Strike"],"picked":"Meteor Strike","floor":16.0},{"not_picked":["Fusion","Auto Shields+1"],"picked":"Darkness+1","floor":18.0},{"not_picked":["Sweeping Beam","Redo"],"picked":"Fusion","floor":24.0},{"not_picked":["Reprogram","Turbo","Cold Snap"],"picked":"SKIP","floor":25.0},{"not_picked":["Stack","Storm","Hello World"],"picked":"SKIP","floor":29.0},{"not_picked":["Glacier","Sweeping Beam","Streamline+1"],"picked":"SKIP","floor":31.0},{"not_picked":["Rainbow","Reboot"],"picked":"Electrodynamics","floor":33.0},{"not_picked":["Hello World","White Noise","Hologram"],"picked":"SKIP","floor":35.0},{"not_picked":["Sweeping Beam","Turbo+1"],"picked":"Recycle","floor":36.0},{"not_picked":["Streamline+1","Echo Form"],"picked":"Double Energy+1","floor":41.0},{"not_picked":["Rebound","Leap+1","FTL+1"],"picked":"SKIP","floor":44.0},{"not_picked":["Melter+1","Sweeping Beam","Beam Cell+1"],"picked":"SKIP","floor":44.0},{"not_picked":["Beam Cell","Conserve Battery+1","Rebound"],"picked":"SKIP","floor":46.0},{"not_picked":["Compile Driver","Redo+1","Sweeping Beam"],"picked":"SKIP","floor":48.0},{"not_picked":["FTL","Redo","Streamline"],"picked":"SKIP","floor":48.0},{"not_picked":["Tempest","Rebound","White Noise"],"picked":"SKIP","floor":55}],"player_experience":4829380,"relics_obtained":[{"floor":8.0,"key":"PreservedInsect"},{"floor":9.0,"key":"Blood Vial"},{"floor":10.0,"key":"Odd Mushroom"},{"floor":22.0,"key":"Incense Burner"},{"floor":24.0,"key":"Pocketwatch"},{"floor":29.0,"key":"Unceasing Top"},{"floor":41.0,"key":"Girya"},{"floor":43.0,"key":"Prayer Wheel"},{"floor":46.0,"key":"Pen Nib"},{"floor":55,"key":"Bag of Marbles"}],"event_choices":[{"damage_healed":0.0,"max_hp_gain":0.0,"max_hp_loss":0.0,"gold_gain":0.0,"event_name":"Scrap Ooze","player_choice":"Success","floor":2.0,"gold_loss":0.0,"damage_taken":11.0,"relics_obtained":["Lantern"]},{"damage_healed":23.0,"max_hp_gain":0.0,"max_hp_loss":0.0,"gold_gain":0.0,"event_name":"Big Fish","player_choice":"Banana","floor":3.0,"gold_loss":0.0,"damage_taken":0.0},{"damage_healed":0.0,"max_hp_gain":0.0,"max_hp_loss":0.0,"gold_gain":0.0,"event_name":"Mushrooms","player_choice":"Fought Mushrooms","floor":10.0,"gold_loss":0.0,"damage_taken":0.0},{"damage_healed":0.0,"max_hp_gain":0.0,"max_hp_loss":0.0,"gold_gain":0.0,"event_name":"The Woman in Blue","player_choice":"Bought 1 Potion","floor":12.0,"gold_loss":0.0,"damage_taken":0.0},{"damage_healed":0.0,"max_hp_gain":0.0,"max_hp_loss":0.0,"gold_gain":0.0,"event_name":"Ghosts","player_choice":"Ignored","floor":19.0,"gold_loss":0.0,"damage_taken":0.0},{"damage_healed":0.0,"max_hp_gain":0.0,"max_hp_loss":0.0,"gold_gain":50.0,"event_name":"Nest","player_choice":"Stole From Cult","floor":20.0,"gold_loss":0.0,"damage_taken":0.0},{"damage_healed":0.0,"max_hp_gain":0.0,"max_hp_loss":0.0,"gold_gain":0.0,"event_name":"Wheel of Change","player_choice":"Relic","floor":22.0,"gold_loss":0.0,"damage_taken":0.0},{"damage_healed":0.0,"max_hp_gain":0.0,"max_hp_loss":0.0,"gold_gain":0.0,"cards_transformed":["Strike_B","Strike_B"],"event_name":"Drug Dealer","player_choice":"Became Test Subject","floor":30.0,"gold_loss":0.0,"damage_taken":0.0,"cards_obtained":["Fission","Sweeping Beam"]},{"cards_removed":["Sunder"],"damage_healed":0.0,"max_hp_gain":0.0,"max_hp_loss":0.0,"gold_gain":0.0,"event_name":"Falling","player_choice":"Removed Attack","floor":37.0,"gold_loss":0.0,"damage_taken":0.0},{"damage_healed":0.0,"max_hp_gain":0.0,"max_hp_loss":4.0,"gold_gain":0.0,"event_name":"Winding Halls","player_choice":"Max HP","floor":38.0,"gold_loss":0.0,"damage_taken":0.0},{"damage_healed":0.0,"max_hp_gain":0.0,"max_hp_loss":0.0,"gold_gain":0.0,"event_name":"Tomb of Lord Red Mask","player_choice":"Ignored","floor":39.0,"gold_loss":0.0,"damage_taken":0.0},{"damage_healed":0.0,"max_hp_gain":0.0,"max_hp_loss":0.0,"gold_gain":50.0,"event_name":"FaceTrader","player_choice":"Touch","floor":42.0,"gold_loss":0.0,"damage_taken":6.0}],"is_beta":false,"boss_relics":[{"not_picked":["Cursed Key","Fusion Hammer"],"picked":"Lizard Tail"},{"not_picked":["Velvet Choker","Pandora\u0027s Box"],"picked":"Nuclear Battery"}],"items_purged_floors":[5,21],"is_endless":false,"potions_floor_spawned":[1,4,16,18,31,36,41,44,55],"ascension_level":20}