{"gold_per_floor":[118,118,132,151,201,201,227,0,24,24,36,51,61,74,74,146,146,164,64,114,164,144,144,175,175,175,194,211,211,237,248,248,321,321,335,335,353,363,380,380,412,412,467,486,486,500,527,0,0,0],"floor_reached":51,"playtime":3437,"items_purged":["Strike_G","Strike_G"],"score":1471,"play_id":"43ae3f96-5c11-4367-9dc0-4e22933c4e06","local_time":"20190213223600","is_ascension_mode":true,"campfire_choices":[{"data":"Neutralize","floor":6.0,"key":"SMITH"},{"data":"Footwork","floor":10.0,"key":"SMITH"},{"data":"Dagger Spray","floor":15.0,"key":"SMITH"},{"data":"Adrenaline","floor":23.0,"key":"SMITH"},{"floor":25.0,"key":"REST"},{"data":"Deadly Poison","floor":29.0,"key":"SMITH"},{"data":"Backflip","floor":32.0,"key":"SMITH"},{"data":"Well Laid Plans","floor":40,"key":"SMITH"},{"floor":42,"key":"REST"},{"data":"Calculated Gamble","floor":49,"key":"SMITH"}],"neow_cost":"NONE","seed_source_timestamp":0,"circlet_count":0,"master_deck":["AscendersBane","Defend_G","Defend_G","Defend_G","Defend_G","Defend_G","Strike_G","Survivor","Neutralize+1","Flying Knee","Masterful Stab","Dagger Spray+1","Footwork+1","Crippling Poison","Backflip+1","Deadly Poison+1","Escape Plan","Escape Plan","Adrenaline+1","Prepared+1","Crippling Poison+1","Backstab","PiercingWail","Adrenaline","Grand Finale","Backflip","Well Laid Plans+1","Reflex+1","Leg Sweep+1","Backflip","Calculated Gamble+1"],"special_seed":0,"relics":["Ring of the Snake","Anchor","Strawberry","Oddly Smooth Stone","Boot","Sozu","Ornamental Fan","Sundial","Tough Bandages","Black Star","Prayer Wheel","Pen Nib","Happy Flower","Art of War","Dream Catcher","Red Mask"],"potions_floor_usage":[],"damage_taken":[{"damage":0.0,"enemies":"2 Louse","floor":1.0,"turns":3.0},{"damage":0.0,"enemies":"Small Slimes","floor":3.0,"turns":3.0},{"damage":0.0,"enemies":"Cultist","floor":4.0,"turns":3.0},{"damage":9.0,"enemies":"3 Sentries","floor":7.0,"turns":9.0},{"damage":0.0,"enemies":"Large Slime","floor":11.0,"turns":5.0},{"damage":0.0,"enemies":"Looter","floor":12.0,"turns":2.0},{"damage":0.0,"enemies":"Gremlin Gang","floor":13.0,"turns":3.0},{"damage":0.0,"enemies":"Exordium Wildlife","floor":14.0,"turns":5.0},{"damage":18.0,"enemies":"Slime Boss","floor":16.0,"turns":12.0},{"damage":5.0,"enemies":"Chosen","floor":18.0,"turns":5.0},{"damage":0.0,"enemies":"2 Thieves","floor":22.0,"turns":4.0},{"damage":29.0,"enemies":"Gremlin Leader","floor":24.0,"turns":10.0},{"damage":0.0,"enemies":"3 Cultists","floor":27.0,"turns":4.0},{"damage":0.0,"enemies":"Cultist and Chosen","floor":28.0,"turns":4.0},{"damage":0.0,"enemies":"Book of Stabbing","floor":30.0,"turns":7.0},{"damage":0.0,"enemies":"Centurion and Healer","floor":31.0,"turns":4.0},{"damage":44.0,"enemies":"Automaton","floor":33.0,"turns":15.0},{"damage":0,"enemies":"Orb Walker","floor":35,"turns":3},{"damage":0,"enemies":"3 Shapes","floor":37,"turns":5},{"damage":5,"enemies":"3 Darklings","floor":38,"turns":8},{"damage":0,"enemies":"Transient","floor":39,"turns":5},{"damage":11,"enemies":"Reptomancer","floor":41,"turns":8},{"damage":21,"enemies":"Maw","floor":44,"turns":6},{"damage":0,"enemies":"4 Shapes","floor":46,"turns":5},{"damage":0,"enemies":"Giant Head","floor":47,"turns":10},{"damage":0,"enemies":"Awakened One","floor":50,"turns":16}],"seed_played":"3641199344688795931","potions_obtained":[{"floor":1.0,"key":"EssenceOfSteel"},{"floor":3.0,"key":"Dexterity Potion"},{"floor":4.0,"key":"Swift Potion"},{"floor":11.0,"key":"FearPotion"},{"floor":14.0,"key":"Energy Potion"}],"is_trial":false,"path_per_floor":["M","?","M","M","?","R","E","$","T","R","M","M","M","M","R","B",null,"M","$","?","?","M","R","E","R","T","M","M","R","E","M","R","B",null,"M","?","M","M","M","R","E","R","T","M","?","M","E","?","R","B",null],"character_chosen":"THE_SILENT","items_purchased":["Oddly Smooth Stone"],"campfire_rested":2,"item_purchase_floors":[8],"current_hp_per_floor":[59,59,59,59,59,59,57,57,57,57,57,57,57,57,57,39,65,60,60,60,60,60,60,31,52,52,52,52,52,52,52,52,8,57,57,57,57,52,52,52,41,62,62,41,41,41,41,41,41,41],"gold":0,"neow_bonus":"RANDOM_COMMON_RELIC","is_prod":false,"is_daily":false,"chose_seed":false,"campfire_upgraded":8,"win_rate":0,"timestamp":1550064960,"path_taken":["M","?","M","M","?","R","E","$","T","R","M","M","?","M","R","BOSS","M","$","?","?","M","R","E","R","T","M","M","R","E","?","R","BOSS","M","?","M","M","M","R","E","R","T","M","?","M","E","?","R","BOSS"],"build_version":"2019-01-23","purchased_purges":2,"victory":true,"max_hp_per_floor":[66,66,66,66,66,66,73,73,73,73,73,73,73,73,73,73,73,73,73,73,73,73,73,73,73,73,73,73,73,73,73,73,73,73,73,73,73,73,73,73,73,73,73,73,69,69,69,69,69,69],"card_choices":[{"not_picked":["Slice","Setup"],"picked":"Flying Knee","floor":1.0},{"not_picked":["Heel Hook","Reflex"],"picked":"Dagger Spray","floor":3.0},{"not_picked":["Expertise","Dash"],"picked":"Footwork","floor":4.0},{"not_picked":["Dodge and Roll","Skewer"],"picked":"Crippling Poison","floor":7.0},{"not_picked":["Dash","Poisoned Stab"],"picked":"Backflip","floor":11.0},{"not_picked":["Dagger Throw","Calculated Gamble"],"picked":"Deadly Poison","floor":12.0},{"not_picked":["Noxious Fumes","Tactician"],"picked":"Escape Plan","floor":13.0},{"not_picked":["Prepared","Quick Slash"],"picked":"Escape Plan","floor":14.0},{"not_picked":["A Thousand Cuts","Unload"],"picked":"Adrenaline","floor":16.0},{"not_picked":["Underhanded Strike+1","Caltrops"],"picked":"Prepared+1","floor":18.0},{"not_picked":["Choke","Flying Knee","Dagger Spray"],"picked":"SKIP","floor":22.0},{"not_picked":["Noxious Fumes","Reflex"],"picked":"Crippling Poison+1","floor":24.0},{"not_picked":["Setup","Slice"],"picked":"Backstab","floor":27.0},{"not_picked":["Leg Sweep","Flying Knee"],"picked":"PiercingWail","floor":28.0},{"not_picked":["Dagger Spray","Malaise"],"picked":"Adrenaline","floor":30.0},{"not_picked":["Finisher","Cloak And Dagger","Acrobatics"],"picked":"SKIP","floor":31.0},{"not_picked":["After Image","Corpse Explosion"],"picked":"Grand Finale","floor":33.0},{"not_picked":["PiercingWail","Dagger Throw"],"picked":"Backflip","floor":35},{"not_picked":["Masterful Stab","Heel Hook+1","All Out Attack"],"picked":"SKIP","floor":37},{"not_picked":["Slice","PiercingWail","Quick Slash"],"picked":"SKIP","floor":38},{"not_picked":["Bane+1","Cloak And Dagger"],"picked":"Well Laid Plans","floor":39},{"not_picked":["After Image","Blade Dance"],"picked":"Reflex+1","floor":41},{"not_picked":["Underhanded Strike","Deflect"],"picked":"Leg Sweep+1","floor":44},{"not_picked":["Slice","Flying Knee","Accuracy"],"picked":"SKIP","floor":44},{"not_picked":["Dodge and Roll","Sucker Punch+1"],"picked":"Backflip","floor":46},{"not_picked":["Die Die Die","Slice","Outmaneuver+1"],"picked":"SKIP","floor":46},{"not_picked":["Heel Hook","Blade Dance+1"],"picked":"Calculated Gamble","floor":47}],"player_experience":613975,"relics_obtained":[{"floor":7.0,"key":"Strawberry"},{"floor":9.0,"key":"Boot"},{"floor":24.0,"key":"Ornamental Fan"},{"floor":26.0,"key":"Sundial"},{"floor":30.0,"key":"Tough Bandages"},{"floor":41,"key":"Prayer Wheel"},{"floor":41,"key":"Pen Nib"},{"floor":43,"key":"Happy Flower"},{"floor":47,"key":"Art of War"},{"floor":47,"key":"Dream Catcher"}],"event_choices":[{"damage_healed":0.0,"max_hp_gain":0.0,"max_hp_loss":0.0,"gold_gain":0.0,"cards_transformed":["Strike_G"],"event_name":"Living Wall","player_choice":"Change","floor":2.0,"gold_loss":0.0,"damage_taken":0.0,"cards_obtained":["Masterful Stab"]},{"damage_healed":0.0,"max_hp_gain":0.0,"max_hp_loss":0.0,"gold_gain":50.0,"event_name":"Golden Shrine","player_choice":"Pray","floor":5.0,"gold_loss":0.0,"damage_taken":0.0},{"damage_healed":0.0,"max_hp_gain":0.0,"max_hp_loss":0.0,"gold_gain":50.0,"event_name":"Nest","player_choice":"Stole From Cult","floor":20.0,"gold_loss":0.0,"damage_taken":0.0},{"damage_healed":0.0,"max_hp_gain":0.0,"max_hp_loss":0.0,"gold_gain":50.0,"event_name":"Golden Shrine","player_choice":"Pray","floor":21.0,"gold_loss":0.0,"damage_taken":0.0},{"cards_removed":["Strike_G"],"damage_healed":0,"gold_gain":0,"player_choice":"Removed Attack","damage_taken":0,"max_hp_gain":0,"max_hp_loss":0,"event_name":"Falling","floor":36,"gold_loss":0},{"damage_healed":0,"gold_gain":0,"player_choice":"Max HP","damage_taken":0,"max_hp_gain":0,"max_hp_loss":4,"event_name":"Winding Halls","floor":45,"gold_loss":0},{"damage_healed":0,"gold_gain":0,"player_choice":"Paid","damage_taken":0,"relics_obtained":["Red Mask"],"max_hp_gain":0,"max_hp_loss":0,"event_name":"Tomb of Lord Red Mask","floor":48,"gold_loss":527}],"is_beta":false,"boss_relics":[{"not_picked":["Velvet Choker","Tiny House"],"picked":"Sozu"},{"not_picked":["WristBlade","Snecko Eye"],"picked":"Black Star"}],"items_purged_floors":[8,19],"is_endless":false,"potions_floor_spawned":[1,3,4,11,14,24,27,28,30,33,35,37,47],"ascension_level":15}