{"gold_per_floor":[119,119,119,119,135,135,174,174,174,199,223,223,8,39,39,130,130,154,154,154,132,57,57,90,113,113,113,113,113,9,49,49,140,140,161,176,195,211,236,275,294,332,332,554,554,585,585,616,616,616,616,616,4,4],"floor_reached":54,"playtime":4013,"items_purged":["Writhe","Strike_B"],"score":1634,"play_id":"4adc277b-b35c-4953-8459-32ae069b57d3","local_time":"20190404215748","is_ascension_mode":true,"campfire_choices":[{"data":"Loop","floor":6.0,"key":"SMITH"},{"data":"Dualcast","floor":8.0,"key":"SMITH"},{"data":"Conserve Battery","floor":12.0,"key":"SMITH"},{"data":"Fusion","floor":15.0,"key":"SMITH"},{"data":"Double Energy","floor":23.0,"key":"SMITH"},{"floor":28.0,"key":"REST"},{"floor":32,"key":"REST"},{"data":"Fission","floor":47,"key":"SMITH"},{"floor":49,"key":"RECALL"},{"data":"Scrape","floor":52,"key":"SMITH"}],"neow_cost":"PERCENT_DAMAGE","seed_source_timestamp":3096869657315694,"circlet_count":0,"master_deck":["AscendersBane","Defend_B","Defend_B","Defend_B","Defend_B","Zap+1","Dualcast+1","Loop+1","Undo","Ball Lightning","Conserve Battery+1","Steam","Fusion+1","Fission+1","Defragment+1","Melter","White Noise","Double Energy+1","Streamline","Capacitor","Scrape+1","Go for the Eyes+1","Gash","Conserve Battery","All For One","Double Energy","Chill+1","Self Repair+1","White Noise","Gash","Multi-Cast","Ball Lightning","Compile Driver+1","Rebound","Cold Snap+1","All For One","Secret Technique","Cold Snap","Steam"],"special_seed":0,"relics":["Cracked Core","Ice Cream","Golden Idol","Unceasing Top","Juzu Bracelet","OrangePellets","Anchor","Sozu","Letter Opener","StoneCalendar","Red Mask","Nuclear Battery","Bag of Preparation","Happy Flower","Du-Vu Doll","DataDisk","Dream Catcher","DollysMirror"],"potions_floor_usage":[],"damage_taken":[{"damage":4.0,"enemies":"Jaw Worm","floor":1.0,"turns":4.0},{"damage":7.0,"enemies":"Small Slimes","floor":5.0,"turns":3.0},{"damage":15.0,"enemies":"Lagavulin","floor":7.0,"turns":7.0},{"damage":0.0,"enemies":"2 Louse","floor":10.0,"turns":2.0},{"damage":0.0,"enemies":"2 Fungi Beasts","floor":11.0,"turns":4.0},{"damage":0.0,"enemies":"3 Sentries","floor":14.0,"turns":6.0},{"damage":9.0,"enemies":"The Guardian","floor":16.0,"turns":10.0},{"damage":9.0,"enemies":"3 Byrds","floor":18.0,"turns":6.0},{"damage":2.0,"enemies":"2 Thieves","floor":21.0,"turns":5.0},{"damage":38.0,"enemies":"Gremlin Leader","floor":24.0,"turns":7.0},{"damage":1.0,"enemies":"Snake Plant","floor":25.0,"turns":3.0},{"damage":5,"enemies":"Masked Bandits","floor":31,"turns":3},{"damage":13,"enemies":"Automaton","floor":33,"turns":6},{"damage":1,"enemies":"3 Darklings","floor":35,"turns":3},{"damage":18,"enemies":"Orb Walker","floor":36,"turns":4},{"damage":0,"enemies":"Jaw Worm Horde","floor":37,"turns":4},{"damage":0,"enemies":"Transient","floor":38,"turns":6},{"damage":11,"enemies":"Writhing Mass","floor":39,"turns":5},{"damage":0,"enemies":"Giant Head","floor":40,"turns":4},{"damage":0,"enemies":"Spire Growth","floor":41,"turns":2},{"damage":2,"enemies":"Reptomancer","floor":42,"turns":5},{"damage":17,"enemies":"Nemesis","floor":46,"turns":5},{"damage":0,"enemies":"Giant Head","floor":48,"turns":3},{"damage":61,"enemies":"Time Eater","floor":50,"turns":9},{"damage":62,"enemies":"Shield and Spear","floor":54,"turns":6}],"seed_played":"1421981053855935318","potions_obtained":[{"floor":5.0,"key":"Weak Potion"},{"floor":11.0,"key":"SpeedPotion"}],"is_trial":false,"path_per_floor":["M","?","?","?","M","R","E","R","T","M","M","R","$","E","R","B",null,"M","?","?","M","$","R","E","M","T","?","R","?","$","?","R","B",null,"M","M","M","M","M","E","M","E","T","?","?","E","R","E","R","B",null,"R","$","E"],"character_chosen":"DEFECT","items_purchased":["OrangePellets","Capacitor","Gash","DollysMirror","Secret Technique","Cold Snap","Steam"],"campfire_rested":2,"item_purchase_floors":[13,22,30,53,53,53,53],"current_hp_per_floor":[42,42,42,42,35,35,20,20,20,20,20,20,20,20,20,11,51,42,42,42,40,40,40,2,1,1,1,20,20,20,15,34,21,53,52,34,34,44,43,53,53,61,61,61,61,54,54,64,64,13,51,51,51,0],"gold":4,"neow_bonus":"ONE_RARE_RELIC","is_prod":false,"is_daily":false,"chose_seed":false,"campfire_upgraded":7,"win_rate":0,"timestamp":1554382668,"path_taken":["M","?","?","?","M","R","E","R","T","M","M","R","$","E","R","BOSS","M","?","?","M","$","R","E","M","T","?","R","?","$","?","R","BOSS","M","M","M","M","M","E","M","E","T","?","?","E","R","E","R","BOSS","R","$","E"],"build_version":"2019-03-15","purchased_purges":2,"victory":false,"max_hp_per_floor":[71,71,71,64,64,64,64,64,64,64,64,64,64,64,64,64,64,64,64,64,64,64,64,64,64,64,64,64,64,64,64,64,64,64,64,64,64,64,64,64,64,64,64,64,64,64,64,64,64,64,64,64,64,64],"card_choices":[{"not_picked":["Stack","Streamline"],"picked":"Loop","floor":1.0},{"not_picked":["Chill","Streamline"],"picked":"Undo","floor":5.0},{"not_picked":["Cold Snap","Beam Cell"],"picked":"Ball Lightning","floor":7.0},{"not_picked":["Redo","Stack"],"picked":"Conserve Battery","floor":10.0},{"not_picked":["Barrage","Static Discharge"],"picked":"Steam","floor":11.0},{"not_picked":["Hyperbeam","Rip and Tear"],"picked":"Fusion","floor":14.0},{"not_picked":["Core Surge","Hyperbeam"],"picked":"Fission","floor":16.0},{"not_picked":["Beam Cell","Barrage"],"picked":"Defragment+1","floor":18.0},{"not_picked":["FTL","Sweeping Beam"],"picked":"Streamline","floor":21.0},{"not_picked":["Doom and Gloom","Fission"],"picked":"Scrape","floor":24.0},{"not_picked":["Streamline","Heatsinks"],"picked":"Go for the Eyes+1","floor":25.0},{"not_picked":["Leap","Sweeping Beam"],"picked":"Conserve Battery","floor":31},{"not_picked":["Fission","Creative AI"],"picked":"All For One","floor":33},{"not_picked":["Streamline","Steam"],"picked":"Double Energy","floor":35},{"not_picked":["Steam","Lockon"],"picked":"Chill+1","floor":36},{"not_picked":["Force Field","Sweeping Beam"],"picked":"Self Repair+1","floor":37},{"not_picked":["Leap","Sunder"],"picked":"White Noise","floor":38},{"not_picked":["Go for the Eyes","Ball Lightning"],"picked":"Gash","floor":39},{"not_picked":["Fission","Doom and Gloom"],"picked":"Multi-Cast","floor":40},{"not_picked":["Redo","Go for the Eyes"],"picked":"Ball Lightning","floor":41},{"not_picked":["Barrage","Turbo"],"picked":"Compile Driver+1","floor":42},{"not_picked":["Fission","Stack","Go for the Eyes"],"picked":"SKIP","floor":46},{"not_picked":["Rainbow","Leap"],"picked":"Cold Snap+1","floor":48}],"player_experience":2823211,"relics_obtained":[{"floor":7.0,"key":"Unceasing Top"},{"floor":9.0,"key":"Juzu Bracelet"},{"floor":14.0,"key":"Anchor"},{"floor":24.0,"key":"Letter Opener"},{"floor":31,"key":"Red Mask"},{"floor":40,"key":"Bag of Preparation"},{"floor":42,"key":"Happy Flower"},{"floor":43,"key":"Du-Vu Doll"},{"floor":46,"key":"DataDisk"},{"floor":48,"key":"Dream Catcher"}],"event_choices":[{"damage_healed":0.0,"max_hp_gain":0.0,"max_hp_loss":0.0,"gold_gain":0.0,"event_name":"Liars Game","player_choice":"Ignored","floor":2.0,"gold_loss":0.0,"damage_taken":0.0},{"damage_healed":0.0,"max_hp_gain":0.0,"max_hp_loss":0.0,"gold_gain":0.0,"event_name":"Living Wall","player_choice":"Grow","floor":3.0,"gold_loss":0.0,"damage_taken":0.0,"cards_upgraded":["Zap"]},{"damage_healed":0.0,"max_hp_gain":0.0,"max_hp_loss":7.0,"gold_gain":0.0,"event_name":"Golden Idol","player_choice":"Lose Max HP","floor":4.0,"gold_loss":0.0,"damage_taken":0.0,"relics_obtained":["Golden Idol"]},{"damage_healed":0.0,"max_hp_gain":0.0,"max_hp_loss":0.0,"gold_gain":0.0,"cards_transformed":["Strike_B","Strike_B"],"event_name":"Drug Dealer","player_choice":"Became Test Subject","floor":19.0,"gold_loss":0.0,"damage_taken":0.0,"cards_obtained":["Melter","White Noise"]},{"damage_healed":0.0,"max_hp_gain":0.0,"max_hp_loss":0.0,"gold_gain":0.0,"event_name":"The Library","player_choice":"Read","floor":20.0,"gold_loss":0.0,"damage_taken":0.0,"cards_obtained":["Double Energy"]},{"damage_healed":0.0,"max_hp_gain":0.0,"max_hp_loss":0.0,"gold_gain":0.0,"event_name":"Lab","player_choice":"Got Potions","floor":27.0,"gold_loss":0.0,"damage_taken":0.0},{"damage_healed":0.0,"max_hp_gain":0.0,"max_hp_loss":0.0,"gold_gain":0.0,"event_name":"The Mausoleum","player_choice":"Opened","floor":29.0,"gold_loss":0.0,"damage_taken":0.0,"relics_obtained":["StoneCalendar"],"cards_obtained":["Writhe"]},{"damage_healed":0,"gold_gain":0,"player_choice":"Fought Bandits","damage_taken":0,"max_hp_gain":0,"max_hp_loss":0,"event_name":"Masked Bandits","floor":31,"gold_loss":0},{"damage_healed":0,"gold_gain":222,"player_choice":"Wore Mask","damage_taken":0,"max_hp_gain":0,"max_hp_loss":0,"event_name":"Tomb of Lord Red Mask","floor":44,"gold_loss":0},{"damage_healed":0,"gold_gain":0,"cards_transformed":["Strike_B"],"player_choice":"Transformed","damage_taken":0,"max_hp_gain":0,"max_hp_loss":0,"event_name":"Transmorgrifier","floor":45,"gold_loss":0,"cards_obtained":["Rebound"]}],"is_beta":true,"boss_relics":[{"not_picked":["Cursed Key","Busted Crown"],"picked":"Sozu"},{"not_picked":["Fusion Hammer","Orrery"],"picked":"Nuclear Battery"}],"items_purged_floors":[30,53],"is_endless":false,"potions_floor_spawned":[5,11,18,31,36,37,38,39,46],"killed_by":"Shield and Spear","ascension_level":17}