{"gold_per_floor":[110,127,140,156,156,156,190,190,190,190,205,225,253,55,55,154,154,168,168,168,68,78,78,104,119,119,119,139,139,172,172],"floor_reached":31,"playtime":1973,"items_purged":["Strike_G","Choke"],"score":536,"play_id":"472d570f-e4bf-4026-b576-0671e54e0909","local_time":"20190511231208","is_ascension_mode":true,"campfire_choices":[{"data":"Noxious Fumes","floor":6,"key":"SMITH"},{"data":"Noxious Fumes","floor":8,"key":"SMITH"},{"data":"Blind","floor":15,"key":"SMITH"},{"data":"Catalyst","floor":23,"key":"SMITH"},{"floor":29,"key":"REST"}],"neow_cost":"NONE","seed_source_timestamp":1306805114020305,"circlet_count":0,"master_deck":["AscendersBane","Defend_G","Defend_G","Defend_G","Defend_G","Defend_G","Strike_G","Strike_G","Survivor","Neutralize","Dagger Spray+1","Noxious Fumes+1","Noxious Fumes+1","Deadly Poison","Backflip","PiercingWail","Blur","Blind+1","Catalyst+1","Deflect","Deflect","Catalyst","Decay","Footwork","Outmaneuver"],"relics":["Ring of the Snake","Incense Burner","Pear","Paper Crane","Black Star","Regal Pillow","Bag of Marbles","Torii","Bottled Tornado","Pocketwatch"],"potions_floor_usage":[7,12,24,30,31],"damage_taken":[{"damage":5,"enemies":"Jaw Worm","floor":1,"turns":6},{"damage":2,"enemies":"2 Louse","floor":2,"turns":2},{"damage":5,"enemies":"Small Slimes","floor":3,"turns":4},{"damage":6,"enemies":"Red Slaver","floor":4,"turns":4},{"damage":2,"enemies":"3 Sentries","floor":7,"turns":6},{"damage":13,"enemies":"Blue Slaver","floor":11,"turns":4},{"damage":5,"enemies":"Lots of Slimes","floor":12,"turns":3},{"damage":3,"enemies":"Lagavulin","floor":13,"turns":7},{"damage":0,"enemies":"Hexaghost","floor":16,"turns":9},{"damage":10,"enemies":"Spheric Guardian","floor":18,"turns":4},{"damage":5,"enemies":"3 Byrds","floor":22,"turns":4},{"damage":17,"enemies":"Slavers","floor":24,"turns":4},{"damage":9,"enemies":"Centurion and Healer","floor":25,"turns":7},{"damage":18,"enemies":"Shelled Parasite and Fungi","floor":28,"turns":5},{"damage":16,"enemies":"Book of Stabbing","floor":30,"turns":7},{"damage":31,"enemies":"Cultist and Chosen","floor":31,"turns":4}],"seed_played":"-1108968586880724519","potions_obtained":[{"floor":0,"key":"Dexterity Potion"},{"floor":0,"key":"GhostInAJar"},{"floor":13,"key":"Explosive Potion"},{"floor":16,"key":"EssenceOfSteel"},{"floor":18,"key":"Swift Potion"},{"floor":24,"key":"LiquidBronze"}],"is_trial":false,"path_per_floor":["M","M","M","M","?","R","E","R","T","?","M","M","E","$","R","B",null,"M","$","?","$","M","R","E","M","T","?","M","R","E","M"],"character_chosen":"THE_SILENT","items_purchased":["Blur","Blind"],"campfire_rested":1,"item_purchase_floors":[14,14],"current_hp_per_floor":[58,56,51,45,38,38,36,36,46,46,33,28,25,25,25,25,66,56,56,56,56,51,51,34,25,25,25,7,46,30,0],"gold":172,"neow_bonus":"THREE_SMALL_POTIONS","is_prod":false,"is_daily":false,"chose_seed":false,"campfire_upgraded":4,"win_rate":0,"timestamp":1557609128,"path_taken":["M","M","M","M","?","R","E","R","T","?","M","M","E","$","R","BOSS","M","$","?","$","M","R","E","?","T","?","M","R","E","?"],"build_version":"2019-01-23","purchased_purges":2,"victory":false,"max_hp_per_floor":[70,70,70,70,70,70,70,70,80,80,80,80,80,80,80,80,80,80,80,80,80,80,80,80,80,80,80,80,80,80,80],"card_choices":[{"not_picked":["Poisoned Stab","Finisher"],"picked":"Dagger Spray","floor":1},{"not_picked":["Prepared","Reflex"],"picked":"Noxious Fumes","floor":2},{"not_picked":["Dagger Spray","Quick Slash"],"picked":"Noxious Fumes","floor":3},{"not_picked":["Sucker Punch","Underhanded Strike"],"picked":"Deadly Poison","floor":4},{"not_picked":["Terror","Skewer","Poisoned Stab"],"picked":"SKIP","floor":7},{"not_picked":["Deflect","Flying Knee"],"picked":"Backflip","floor":11},{"not_picked":["Quick Slash","Poisoned Stab","Crippling Poison"],"picked":"SKIP","floor":12},{"not_picked":["Quick Slash","Dodge and Roll"],"picked":"PiercingWail","floor":13},{"not_picked":["Blade Dance","Prepared+1"],"picked":"Catalyst","floor":18},{"not_picked":["Concentrate+1","Reflex"],"picked":"Deflect","floor":22},{"not_picked":["Reflex","Dagger Throw"],"picked":"Deflect","floor":24},{"not_picked":["Dagger Throw","Prepared"],"picked":"Catalyst","floor":25},{"not_picked":["Endless Agony","Underhanded Strike+1"],"picked":"Footwork","floor":28},{"not_picked":["Blade Dance","Slice"],"picked":"Outmaneuver","floor":30}],"player_experience":561221,"relics_obtained":[{"floor":7,"key":"Incense Burner"},{"floor":9,"key":"Pear"},{"floor":13,"key":"Paper Crane"},{"floor":24,"key":"Regal Pillow"},{"floor":24,"key":"Bag of Marbles"},{"floor":26,"key":"Torii"},{"floor":30,"key":"Bottled Tornado"},{"floor":30,"key":"Pocketwatch"}],"event_choices":[{"cards_removed":["Strike_G"],"damage_healed":0,"gold_gain":0,"player_choice":"Card Removal","damage_taken":7,"max_hp_gain":0,"max_hp_loss":0,"event_name":"Golden Wing","floor":5,"gold_loss":0},{"damage_healed":0,"gold_gain":0,"player_choice":"Grow","damage_taken":0,"max_hp_gain":0,"max_hp_loss":0,"event_name":"Living Wall","floor":10,"gold_loss":0,"cards_upgraded":["Dagger Spray"]},{"damage_healed":0,"gold_gain":0,"cards_transformed":["Strike_G"],"player_choice":"Transformed","damage_taken":0,"max_hp_gain":0,"max_hp_loss":0,"event_name":"Transmorgrifier","floor":20,"gold_loss":0,"cards_obtained":["Choke"]},{"damage_healed":0,"gold_gain":0,"player_choice":"Cursed","damage_taken":0,"max_hp_gain":0,"max_hp_loss":0,"event_name":"Wheel of Change","floor":27,"gold_loss":0,"cards_obtained":["Decay"]}],"is_beta":false,"boss_relics":[{"not_picked":["Philosopher\u0027s Stone","HoveringKite"],"picked":"Black Star"}],"items_purged_floors":[14,21],"is_endless":false,"potions_floor_spawned":[4,13,16,18,24,28],"killed_by":"Cultist and Chosen","ascension_level":12}