{"gold_per_floor":[109,109,121,71,21,21,354,354,354,385,404,404,22,42,42,139,139,153,103,118,129,28,28,28,28,28,28,28,28,28,45,45,45],"floor_reached":33,"playtime":1279,"items_purged":["Defend_R","Strike_R","Strike_R"],"score":427,"play_id":"a137f1ff-2d65-405c-a8f0-eaef08e0d6e2","local_time":"20190430190400","is_ascension_mode":true,"campfire_choices":[{"data":"Clash","floor":6.0,"key":"SMITH"},{"floor":8.0,"key":"REST"},{"floor":12,"key":"REST"},{"floor":15,"key":"REST"},{"floor":23,"key":"REST"},{"floor":25,"key":"REST"},{"floor":30,"key":"REST"},{"floor":32,"key":"REST"}],"neow_cost":"NONE","seed_source_timestamp":1646348104630812,"circlet_count":0,"master_deck":["AscendersBane","Strike_R","Strike_R","Defend_R","Defend_R","Bash","Clash+1","Dropkick","Clash","Dual Wield","Thunderclap","Fire Breathing","Dual Wield+1","Clash","Writhe","Clash+1"],"special_seed":0,"relics":["Burning Blood","Smiling Mask","Old Coin","Turnip","Bottled Flame","Medical Kit","Black Star","Letter Opener","Oddly Smooth Stone"],"potions_floor_usage":[10,33],"damage_taken":[{"damage":10.0,"enemies":"Cultist","floor":1.0,"turns":5.0},{"damage":15.0,"enemies":"Small Slimes","floor":3.0,"turns":5.0},{"damage":25.0,"enemies":"Lagavulin","floor":7.0,"turns":6.0},{"damage":50,"enemies":"3 Sentries","floor":10,"turns":10},{"damage":7,"enemies":"Jaw Worm","floor":11,"turns":2},{"damage":17,"enemies":"Exordium Wildlife","floor":14,"turns":3},{"damage":50,"enemies":"Hexaghost","floor":16,"turns":8},{"damage":14,"enemies":"Chosen","floor":18,"turns":4},{"damage":28,"enemies":"Spheric Guardian","floor":20,"turns":4},{"damage":22,"enemies":"Centurion and Healer","floor":21,"turns":3},{"damage":49,"enemies":"Cultist and Chosen","floor":31,"turns":5},{"damage":42,"enemies":"Automaton","floor":33,"turns":6}],"seed_played":"-6212984441797332993","potions_obtained":[{"floor":3.0,"key":"Strength Potion"},{"floor":7.0,"key":"Ancient Potion"},{"floor":31,"key":"Poison Potion"}],"is_trial":false,"path_per_floor":["M","?","M","?","$","R","E","R","T","E","M","R","$","M","R","B",null,"M","$","M","M","$","R","?","R","T","?","$","?","R","M","R","B"],"character_chosen":"IRONCLAD","items_purchased":["Clash","Dual Wield","Thunderclap","Medical Kit","Clash"],"campfire_rested":7,"item_purchase_floors":[13,13,13,13,22],"current_hp_per_floor":[68,68,59,59,59,59,40,64,64,20,19,43,43,32,56,12,63,55,55,33,17,17,41,41,65,65,50,50,50,75,32,57,15],"gold":45,"neow_bonus":"RANDOM_COMMON_RELIC","is_prod":false,"is_daily":false,"chose_seed":false,"campfire_upgraded":1,"win_rate":0,"timestamp":1556640240,"path_taken":["M","?","?","?","$","R","E","R","T","E","M","R","$","M","R","BOSS","M","$","M","M","$","R","?","R","T","?","$","?","R","?","R","BOSS"],"build_version":"2019-01-23","purchased_purges":3,"victory":false,"max_hp_per_floor":[80,80,80,80,80,80,80,80,80,80,80,80,80,80,80,80,80,80,80,80,80,80,80,80,80,80,85,85,85,85,85,85,85],"card_choices":[{"not_picked":["Twin Strike","Warcry","Headbutt"],"picked":"SKIP","floor":1.0},{"not_picked":["Twin Strike","True Grit"],"picked":"Clash","floor":3.0},{"not_picked":["Burning Pact","Pummel"],"picked":"Dropkick","floor":7.0},{"not_picked":["Pommel Strike","Whirlwind","Clothesline"],"picked":"SKIP","floor":10},{"not_picked":["Flame Barrier","Heavy Blade","Hemokinesis"],"picked":"SKIP","floor":11},{"not_picked":["Corruption","Sword Boomerang","Ghostly Armor"],"picked":"SKIP","floor":14},{"not_picked":["Twin Strike","Spot Weakness+1"],"picked":"Fire Breathing","floor":18},{"not_picked":["Body Slam","Flame Barrier"],"picked":"Dual Wield+1","floor":20},{"not_picked":["Inflame","Warcry","Spot Weakness"],"picked":"SKIP","floor":21},{"not_picked":["Blood for Blood+1","Bloodletting","True Grit"],"picked":"SKIP","floor":31}],"player_experience":1273707,"relics_obtained":[{"floor":7.0,"key":"Old Coin"},{"floor":9.0,"key":"Turnip"},{"floor":10,"key":"Bottled Flame"},{"floor":26,"key":"Oddly Smooth Stone"}],"event_choices":[{"cards_removed":["Strike_R"],"damage_healed":0.0,"max_hp_gain":0.0,"max_hp_loss":0.0,"gold_gain":0.0,"event_name":"Bonfire Elementals","player_choice":"Offered Basic","floor":2.0,"gold_loss":0.0,"damage_taken":0.0},{"cards_removed":["Defend_R"],"damage_healed":0.0,"max_hp_gain":0.0,"max_hp_loss":0.0,"gold_gain":0.0,"event_name":"The Cleric","player_choice":"Card Removal","floor":4.0,"gold_loss":50.0,"damage_taken":0.0},{"damage_healed":0,"gold_gain":0,"player_choice":"Opened","damage_taken":0,"relics_obtained":["Letter Opener"],"max_hp_gain":0,"max_hp_loss":0,"event_name":"The Mausoleum","floor":24,"gold_loss":0,"cards_obtained":["Writhe"]},{"damage_healed":0,"gold_gain":0,"player_choice":"Shed Blood","damage_taken":20,"max_hp_gain":5,"max_hp_loss":0,"event_name":"Forgotten Altar","floor":27,"gold_loss":0},{"damage_healed":0,"gold_gain":0,"player_choice":"Copied","damage_taken":0,"max_hp_gain":0,"max_hp_loss":0,"event_name":"Duplicator","floor":29,"gold_loss":0,"cards_obtained":["Clash"]}],"is_beta":false,"boss_relics":[{"not_picked":["Eternal Feather","Velvet Choker"],"picked":"Black Star"}],"items_purged_floors":[5,19,22],"is_endless":false,"potions_floor_spawned":[3,7,31],"killed_by":"Automaton","ascension_level":12}