{"gold_per_floor":[214,289,155,155,169,169,190,226,250,304,12,12,52,67,67,67],"floor_reached":16,"playtime":547,"items_purged":[],"score":216,"play_id":"5b088c67-822d-46c7-9f5b-4c2ba2d9fc4a","local_time":"20190602141154","is_ascension_mode":true,"campfire_choices":[{"data":"Infernal Blade","floor":6,"key":"SMITH"},{"floor":15,"key":"REST"}],"neow_cost":"NONE","seed_source_timestamp":603402904065045,"circlet_count":0,"master_deck":["AscendersBane","Strike_R","Strike_R","Strike_R","Strike_R","Strike_R","Defend_R","Defend_R","Defend_R","Defend_R","Bash","Infernal Blade+1","Offering","Headbutt","Injury","Clothesline","Pommel Strike","Panache","Bandage Up","Pummel","Juggernaut","Battle Trance"],"relics":["Burning Blood","Golden Idol","Juzu Bracelet","Bronze Scales","Regal Pillow","Dream Catcher"],"potions_floor_usage":[8,13],"damage_taken":[{"damage":9,"enemies":"Jaw Worm","floor":1,"turns":4},{"damage":2,"enemies":"2 Louse","floor":5,"turns":3},{"damage":1,"enemies":"Cultist","floor":7,"turns":3},{"damage":14,"enemies":"Gremlin Nob","floor":8,"turns":3},{"damage":26,"enemies":"Lagavulin","floor":13,"turns":5},{"damage":6,"enemies":"Exordium Thugs","floor":14,"turns":3},{"damage":80,"enemies":"Hexaghost","floor":16,"turns":9}],"seed_played":"2886772478664970086","potions_obtained":[{"floor":1,"key":"Poison Potion"},{"floor":7,"key":"Weak Potion"}],"is_trial":false,"path_per_floor":["M","?","$","?","M","R","M","E","T","T","$","$","E","M","R","B"],"character_chosen":"IRONCLAD","items_purchased":["Offering","Headbutt","Panache","Bandage Up"],"campfire_rested":1,"item_purchase_floors":[3,3,11,11],"current_hp_per_floor":[65,54,54,54,58,58,63,55,55,55,55,55,39,39,75,0],"gold":67,"neow_bonus":"HUNDRED_GOLD","is_prod":false,"is_daily":false,"chose_seed":false,"campfire_upgraded":1,"win_rate":0,"timestamp":1559473914,"path_taken":["M","?","$","?","M","R","M","E","T","?","?","$","E","M","R","BOSS"],"build_version":"2019-01-23","purchased_purges":0,"victory":false,"max_hp_per_floor":[75,75,75,75,75,75,75,75,75,75,75,75,75,75,75,75],"card_choices":[{"not_picked":["Warcry","Thunderclap"],"picked":"Infernal Blade","floor":1},{"not_picked":["Clash","Reckless Charge"],"picked":"Clothesline","floor":5},{"not_picked":["Armaments","Flex"],"picked":"Pommel Strike","floor":7},{"not_picked":["Iron Wave","Perfected Strike","Fire Breathing"],"picked":"SKIP","floor":8},{"not_picked":["Whirlwind","Evolve"],"picked":"Pummel","floor":13},{"not_picked":["Cleave","Clash"],"picked":"Juggernaut","floor":14},{"not_picked":["Rage","Rampage"],"picked":"Battle Trance","floor":15}],"player_experience":1435846,"relics_obtained":[{"floor":8,"key":"Juzu Bracelet"},{"floor":9,"key":"Bronze Scales"},{"floor":10,"key":"Regal Pillow"},{"floor":13,"key":"Dream Catcher"}],"event_choices":[{"damage_healed":0,"gold_gain":75,"player_choice":"Gather Gold","damage_taken":11,"max_hp_gain":0,"max_hp_loss":0,"event_name":"World of Goop","floor":2,"gold_loss":0},{"damage_healed":0,"gold_gain":0,"player_choice":"Take Wound","damage_taken":0,"relics_obtained":["Golden Idol"],"max_hp_gain":0,"max_hp_loss":0,"event_name":"Golden Idol","floor":4,"gold_loss":0,"cards_obtained":["Injury"]}],"is_beta":false,"boss_relics":[],"items_purged_floors":[],"is_endless":false,"potions_floor_spawned":[1,7],"killed_by":"Hexaghost","ascension_level":20}