{"gold_per_floor":[118,118,136,57,57,57,83,83,107,121,121,141,161,176,176,254,254,265,281,281,281,295,295,295,307,332,332,125,135,153,163,163,239,239,258,270,270],"floor_reached":37,"playtime":2152,"items_purged":["Injury"],"score":786,"play_id":"b058b762-436b-47da-bce0-088ef58d12fc","local_time":"20190217144447","is_ascension_mode":true,"campfire_choices":[{"data":"Neutralize","floor":6,"key":"SMITH"},{"floor":8,"key":"REST"},{"data":"Deadly Poison","floor":11,"key":"SMITH"},{"data":"Footwork","floor":15,"key":"SMITH"},{"floor":23,"key":"REST"},{"data":"Footwork","floor":24,"key":"SMITH"},{"floor":27,"key":"REST"},{"floor":32,"key":"REST"}],"neow_cost":"TEN_PERCENT_HP_LOSS","seed_source_timestamp":0,"circlet_count":0,"master_deck":["AscendersBane","Defend_G","Defend_G","Defend_G","Defend_G","Defend_G","Strike_G","Strike_G","Strike_G","Strike_G","Survivor","Neutralize+1","Escape Plan","Footwork+1","Footwork+1","Die Die Die","Deadly Poison+1","Escape Plan","Backflip","Dodge and Roll","Noxious Fumes","Prepared+1","Night Terror","Grand Finale","Footwork"],"special_seed":0,"relics":["Ring of the Snake","WingedGreaves","Ice Cream","Orichalcum","Cursed Key","Smiling Mask","Art of War","Runic Pyramid"],"potions_floor_usage":[7,33],"damage_taken":[{"damage":1,"enemies":"Small Slimes","floor":1,"turns":4},{"damage":9,"enemies":"Cultist","floor":3,"turns":5},{"damage":29,"enemies":"Gremlin Nob","floor":7,"turns":7},{"damage":0,"enemies":"Jaw Worm","floor":10,"turns":5},{"damage":4,"enemies":"Exordium Thugs","floor":12,"turns":9},{"damage":0,"enemies":"2 Fungi Beasts","floor":13,"turns":3},{"damage":1,"enemies":"Exordium Wildlife","floor":14,"turns":8},{"damage":0,"enemies":"The Guardian","floor":16,"turns":15},{"damage":1,"enemies":"Shell Parasite","floor":18,"turns":7},{"damage":11,"enemies":"3 Byrds","floor":19,"turns":7},{"damage":8,"enemies":"Snake Plant","floor":22,"turns":5},{"damage":20,"enemies":"Snecko","floor":25,"turns":9},{"damage":0,"enemies":"Centurion and Healer","floor":29,"turns":8},{"damage":0,"enemies":"Sentry and Sphere","floor":30,"turns":6},{"damage":18,"enemies":"Snake Plant","floor":31,"turns":6},{"damage":26,"enemies":"Champ","floor":33,"turns":17},{"damage":0,"enemies":"3 Darklings","floor":35,"turns":4},{"damage":4,"enemies":"Orb Walker","floor":36,"turns":4},{"damage":58,"enemies":"4 Shapes","floor":37,"turns":3}],"seed_played":"-7546192038201790220","potions_obtained":[{"floor":3,"key":"Block Potion"},{"floor":7,"key":"Energy Potion"},{"floor":10,"key":"SpeedPotion"},{"floor":25,"key":"PowerPotion"},{"floor":33,"key":"SpeedPotion"}],"is_trial":false,"path_per_floor":["M","?","M","$","?","R","E","R","T","M","R","M","M","M","R","B",null,"M","M","?","?","M","R","R","M","T","R","$","M","M","M","R","B",null,"M","M","M"],"character_chosen":"THE_SILENT","items_purchased":["Footwork","Art of War"],"campfire_rested":4,"item_purchase_floors":[4,28],"current_hp_per_floor":[58,58,49,49,49,49,20,38,38,38,38,34,34,33,33,33,53,52,41,41,25,17,36,36,16,16,35,35,35,35,17,36,10,51,51,47,0],"gold":270,"neow_bonus":"ONE_RARE_RELIC","is_prod":false,"is_daily":false,"chose_seed":false,"campfire_upgraded":4,"win_rate":0,"timestamp":1550382287,"path_taken":["M","?","M","$","?","R","E","R","T","M","R","M","?","M","R","BOSS","M","M","?","?","M","R","R","M","T","R","$","M","M","M","R","BOSS","M","M","M"],"build_version":"2019-01-23","purchased_purges":1,"victory":false,"max_hp_per_floor":[60,60,60,60,60,60,60,60,60,60,60,60,60,60,60,60,60,60,60,60,65,65,65,65,65,65,65,65,65,65,65,65,65,65,65,65,65],"card_choices":[{"not_picked":["Quick Slash","Prepared"],"picked":"Escape Plan","floor":1},{"not_picked":["Acrobatics","Flechettes"],"picked":"Footwork","floor":3},{"not_picked":["Slice","Flechettes"],"picked":"Die Die Die","floor":7},{"not_picked":["Poisoned Stab","Dagger Spray"],"picked":"Deadly Poison","floor":10},{"not_picked":["Outmaneuver","Reflex"],"picked":"Escape Plan","floor":12},{"not_picked":["Unload","Blade Dance","Dagger Throw"],"picked":"SKIP","floor":13},{"not_picked":["Finisher","Dagger Throw"],"picked":"Backflip","floor":14},{"not_picked":["PiercingWail","Flying Knee"],"picked":"Dodge and Roll","floor":18},{"not_picked":["Skewer","Masterful Stab"],"picked":"Noxious Fumes","floor":19},{"not_picked":["Underhanded Strike","Poisoned Stab"],"picked":"Prepared+1","floor":22},{"not_picked":["Flying Knee","Quick Slash","Expertise"],"picked":"SKIP","floor":25},{"not_picked":["Skewer","Backflip"],"picked":"Night Terror","floor":29},{"not_picked":["Tactician","Quick Slash","Slice"],"picked":"SKIP","floor":30},{"not_picked":["Skewer","Cloak And Dagger","Noxious Fumes"],"picked":"SKIP","floor":31},{"not_picked":["Wraith Form v2","Envenom"],"picked":"Grand Finale","floor":33},{"not_picked":["Quick Slash","Flying Knee+1","Acrobatics"],"picked":"SKIP","floor":35},{"not_picked":["Crippling Poison","Deflect+1"],"picked":"Footwork","floor":36}],"player_experience":646384,"relics_obtained":[{"floor":7,"key":"Ice Cream"},{"floor":9,"key":"Orichalcum"},{"floor":26,"key":"Smiling Mask"}],"event_choices":[{"damage_healed":0,"gold_gain":0,"player_choice":"Ignored","damage_taken":0,"max_hp_gain":0,"max_hp_loss":0,"event_name":"Liars Game","floor":2,"gold_loss":0},{"cards_removed":["Strike_G"],"damage_healed":0,"gold_gain":0,"player_choice":"Offered Basic","damage_taken":0,"max_hp_gain":0,"max_hp_loss":0,"event_name":"Bonfire Elementals","floor":5,"gold_loss":0},{"damage_healed":0,"gold_gain":0,"player_choice":"Ignored","damage_taken":0,"max_hp_gain":0,"max_hp_loss":0,"event_name":"Vampires","floor":20,"gold_loss":0},{"damage_healed":0,"gold_gain":0,"player_choice":"Shed Blood","damage_taken":21,"max_hp_gain":5,"max_hp_loss":0,"event_name":"Forgotten Altar","floor":21,"gold_loss":0}],"is_beta":false,"boss_relics":[{"not_picked":["Ectoplasm","Snecko Eye"],"picked":"Cursed Key"},{"not_picked":["HoveringKite","Ring of the Serpent"],"picked":"Runic Pyramid"}],"items_purged_floors":[28],"is_endless":false,"potions_floor_spawned":[3,7,10,14,18,25,30,33,35],"killed_by":"4 Shapes","ascension_level":17}