{"gold_per_floor":[119,294,294,311,327,361,361,7,7,26,26,26,26,43,43,143,143,155,155,172,172],"floor_reached":21,"playtime":1457,"items_purged":[],"score":179,"play_id":"6e980eb6-665e-4755-942e-211e85dd6a4f","local_time":"20181015190756","daily_mods":["Chimera","ControlledChaos","Allstar"],"is_ascension_mode":false,"campfire_choices":[{"data":"Self Repair","floor":7.0,"key":"SMITH"},{"data":"Fusion","floor":13.0,"key":"SMITH"},{"data":"Conserve Battery","floor":15.0,"key":"SMITH"}],"neow_cost":"","seed_source_timestamp":0,"circlet_count":0,"master_deck":["Bash","Survivor","Zap","Strike_R","Strike_G","Strike_B","Defend_R","Defend_G","Defend_B","Madness","Transmutation","Jack Of All Trades","Violence","Panacea","Self Repair+1","Doubt","Regret","Sunder","Fusion+1","Stack","Backflip","Prepared","Conserve Battery+1","Deep Breath","Tools of the Trade","Poisoned Stab","Warcry+1","Creative AI","Heatsinks+1","Lockon+1"],"special_seed":0,"relics":["Cracked Core","Frozen Eye","Blue Candle","Prayer Wheel","PrismaticShard","Vajra","Mercury Hourglass","Eternal Feather"],"potions_floor_usage":[],"damage_taken":[{"damage":3.0,"enemies":"Small Slimes","floor":1.0,"turns":3.0},{"damage":3.0,"enemies":"Jaw Worm","floor":4.0,"turns":5.0},{"damage":7.0,"enemies":"2 Louse","floor":5.0,"turns":2.0},{"damage":14.0,"enemies":"3 Sentries","floor":6.0,"turns":5.0},{"damage":3.0,"enemies":"Large Slime","floor":10.0,"turns":3.0},{"damage":21.0,"enemies":"Red Slaver","floor":14.0,"turns":4.0},{"damage":36.0,"enemies":"Hexaghost","floor":16.0,"turns":7.0},{"damage":31,"enemies":"Shell Parasite","floor":18,"turns":10},{"damage":17,"enemies":"2 Thieves","floor":20,"turns":3},{"damage":45,"enemies":"Snecko","floor":21,"turns":4}],"seed_played":"-8011670948513975283","potions_obtained":[{"floor":4.0,"key":"Energy Potion"},{"floor":10.0,"key":"PowerPotion"},{"floor":18,"key":"EssenceOfSteel"}],"is_trial":true,"path_per_floor":["M","?","?","M","M","E","R","$","T","M","?","$","R","M","R","B",null,"M","?","M"],"character_chosen":"DEFECT","items_purchased":["PrismaticShard","Vajra"],"campfire_rested":0,"item_purchase_floors":[8,8],"current_hp_per_floor":[72,72,72,75,75,68,68,68,68,75,75,75,75,64,64,28,75,54,54,37,0],"gold":172,"neow_bonus":"","is_prod":false,"is_daily":false,"chose_seed":false,"campfire_upgraded":3,"win_rate":0,"timestamp":1539648476,"path_taken":["M","?","?","?","M","E","R","$","T","?","?","$","R","M","R","BOSS","M","?","M","M"],"build_version":"2018-10-11","purchased_purges":0,"victory":false,"max_hp_per_floor":[75,75,75,75,75,75,75,75,75,75,75,75,75,75,75,75,75,75,75,75,75],"card_choices":[{"not_picked":["Steam","Coolheaded"],"picked":"Self Repair","floor":1.0},{"not_picked":["Leap","Beam Cell"],"picked":"Sunder","floor":4.0},{"not_picked":["Cold Snap","Beam Cell"],"picked":"Fusion","floor":5.0},{"not_picked":["Steam","Reinforced Body"],"picked":"Stack","floor":6.0},{"not_picked":["Bane","Grand Finale"],"picked":"Backflip","floor":10.0},{"not_picked":["BootSequence","Streamline"],"picked":"Prepared","floor":10.0},{"not_picked":["Sucker Punch","Clothesline"],"picked":"Conserve Battery","floor":14.0},{"not_picked":["Beam Cell","Swift Strike"],"picked":"Deep Breath","floor":14.0},{"not_picked":["Multi-Cast","Meteor Strike"],"picked":"Tools of the Trade","floor":16.0},{"not_picked":["Sweeping Beam","Lockon"],"picked":"Poisoned Stab","floor":18},{"not_picked":["Headbutt","Acrobatics"],"picked":"Warcry+1","floor":18},{"not_picked":["Streamline","Cloak And Dagger"],"picked":"Heatsinks+1","floor":20},{"not_picked":["Slice","Acrobatics"],"picked":"Lockon+1","floor":20}],"player_experience":353583,"relics_obtained":[{"floor":6.0,"key":"Prayer Wheel"},{"floor":9.0,"key":"Mercury Hourglass"}],"event_choices":[{"event_name":"Liars Game","player_choice":"agreed","floor":2.0,"damage_taken":0.0},{"event_name":"Big Fish","player_choice":"Box","floor":3.0,"damage_taken":0.0},{"event_name":"The Cleric","player_choice":"Leave","floor":11.0,"damage_taken":0.0},{"event_name":"The Library","player_choice":"Read","floor":19,"damage_taken":0}],"is_beta":false,"boss_relics":[{"not_picked":["Snecko Eye","Velvet Choker"],"picked":"Eternal Feather"}],"items_purged_floors":[],"is_endless":false,"potions_floor_spawned":[4,10,18],"killed_by":"Snecko","ascension_level":0}