{"path_per_floor":["M","M","?","?","M","E","R","M","T","M","R","M","M","M","R","B",null,"M","?","M","M"],"character_chosen":"THE_SILENT","items_purchased":[],"gold_per_floor":[111,128,303,303,316,349,349,366,366,380,380,394,412,423,423,522,522,535,535,554,569],"floor_reached":22,"campfire_rested":3,"playtime":2248,"current_hp_per_floor":[65,65,65,65,56,23,44,39,39,41,63,37,36,30,53,8,78,65,65,17,3],"items_purged":[],"gold":569,"score":192,"play_id":"5e6ac77a-3341-4bbb-b183-eb568f43b0ab","is_prod":false,"is_daily":false,"is_ascension_mode":false,"campfire_upgraded":0,"path_taken":["M","M","?","?","M","E","R","M","T","?","R","M","?","M","R","BOSS","M","?","M","?","M"],"build_version":"2018-02-12-PROD1","purchased_purges":0,"victory":false,"master_deck":["Defend_G","Defend_G","Defend_G","Defend_G","Strike_G","Strike_G","Strike_G","Survivor","Neutralize","Skewer+1","Masterful Stab+1","Dagger Throw+1","Outmaneuver","Tactician","Doubt","Slice","Malaise","Slice","Adrenaline","Skewer+1"],"max_hp_per_floor":[70,70,70,70,70,72,72,72,72,74,74,74,76,78,78,78,78,80,80,82,84],"relics":["Astrolabe","Singing Bowl","Sundial","Runic Pyramid"],"card_choices":[{"not_picked":["Acrobatics","Dodge and Roll"],"picked":"Outmaneuver"},{"not_picked":["Masterful Stab","Dagger Throw"],"picked":"Tactician"},{"not_picked":["Quick Slash","Poisoned Stab"],"picked":"Slice"},{"not_picked":["Quick Slash","Prepared"],"picked":"Malaise"},{"not_picked":["Masterful Stab","Dodge and Roll"],"picked":"Slice"},{"not_picked":["Corpse Explosion","After Image"],"picked":"Adrenaline"}],"player_experience":135483,"potions_floor_usage":[8,10,14,16,18,20,22],"damage_taken":[{"damage":5,"enemies":"Small Slimes","floor":1,"turns":2},{"damage":0,"enemies":"Jaw Worm","floor":2,"turns":2},{"damage":9,"enemies":"Blue Slaver","floor":5,"turns":3},{"damage":35,"enemies":"Lagavulin","floor":6,"turns":8},{"damage":5,"enemies":"Lots of Slimes","floor":8,"turns":4},{"damage":0,"enemies":"Looter","floor":10,"turns":3},{"damage":26,"enemies":"Exordium Wildlife","floor":12,"turns":9},{"damage":3,"enemies":"Gremlin Gang","floor":13,"turns":4},{"damage":8,"enemies":"Exordium Thugs","floor":14,"turns":4},{"damage":45,"enemies":"Slime Boss","floor":16,"turns":15},{"damage":15,"enemies":"3 Byrds","floor":18,"turns":7},{"damage":50,"enemies":"Spheric Guardian","floor":20,"turns":8},{"damage":16,"enemies":"Snecko","floor":21,"turns":6},{"damage":6,"enemies":"Centurion and Healer","floor":22,"turns":1}],"event_choices":[{"event_name":"Liars Game","player_choice":"agreed","floor":3,"damage_taken":0},{"event_name":"Golden Idol","player_choice":"Ignored","floor":4,"damage_taken":0},{"event_name":"Duplicator","player_choice":"One dupe","floor":19,"damage_taken":0}],"boss_relics":[{"not_picked":["Runic Dome","Eternal Feather"],"picked":"Runic Pyramid"}],"potions_floor_spawned":[6,8,13,14,16,18,21],"seed_played":"2831669584780521938","killed_by":"Centurion and Healer","ascension_level":0,"is_trial":false}