{"gold_per_floor":[113,113,131,206,206,237,237,237,237,266,276,26,37,37,37,137,187,202,202,219,219,143,143,178,188,188,199,124,124],"floor_reached":29,"playtime":1346,"items_purged":[],"score":371,"play_id":"b5f66830-a8cf-4c3f-a5a5-9d4dd1955909","local_time":"20181229204135","is_ascension_mode":true,"campfire_choices":[{"data":"Electrodynamics","floor":8,"key":"SMITH"},{"floor":15,"key":"REST"},{"data":"Recycle","floor":23,"key":"SMITH"}],"neow_cost":"NONE","seed_source_timestamp":601562437138171,"circlet_count":0,"master_deck":["Defend_B","Defend_B","Defend_B","Defend_B","Zap+1","Dualcast","Conserve Battery","Sweeping Beam","Rip and Tear","Undo","Recycle+1","Electrodynamics+1","Sunder","Auto Shields+1","Gash","Machine Learning","Leap+1","Bite","Bite","Bite","Bite","Beam Cell","Self Repair","Go for the Eyes","Reinforced Body"],"relics":["Cracked Core","NeowsBlessing","Juzu Bracelet","Centennial Puzzle","Boot","Bottled Tornado","Tiny House","Prayer Wheel","Sundial"],"potions_floor_usage":[10,10,24,24,24,25],"damage_taken":[{"damage":0,"enemies":"Cultist","floor":1,"turns":1},{"damage":0,"enemies":"Small Slimes","floor":3,"turns":1},{"damage":0,"enemies":"Lagavulin","floor":6,"turns":1},{"damage":16,"enemies":"Gremlin Nob","floor":10,"turns":3},{"damage":0,"enemies":"2 Louse","floor":11,"turns":2},{"damage":13,"enemies":"Large Slime","floor":13,"turns":3},{"damage":38,"enemies":"The Guardian","floor":16,"turns":13},{"damage":39,"enemies":"Shell Parasite","floor":18,"turns":9},{"damage":5,"enemies":"Chosen","floor":20,"turns":5},{"damage":0,"enemies":"Slavers","floor":24,"turns":2},{"damage":43,"enemies":"Shelled Parasite and Fungi","floor":25,"turns":6},{"damage":21,"enemies":"Snake Plant","floor":27,"turns":3},{"damage":13,"enemies":"Sentry and Sphere","floor":29,"turns":3}],"seed_played":"581561163651270338","potions_obtained":[{"floor":1,"key":"GamblersBrew"},{"floor":6,"key":"Explosive Potion"},{"floor":13,"key":"Explosive Potion"},{"floor":16,"key":"SkillPotion"},{"floor":17,"key":"FocusPotion"},{"floor":24,"key":"Poison Potion"}],"is_trial":false,"path_per_floor":["M","?","M","?","?","E","?","R","T","E","M","$","M","?","R","B",null,"M","?","M","?","$","R","E","M","T","M","?","M"],"character_chosen":"DEFECT","items_purchased":["Bottled Tornado","Self Repair"],"campfire_rested":1,"item_purchase_floors":[12,22],"current_hp_per_floor":[75,68,68,57,57,57,57,57,57,41,41,41,28,28,50,12,80,41,41,44,44,44,44,51,23,23,6,6,0],"gold":124,"neow_bonus":"THREE_ENEMY_KILL","is_prod":false,"is_daily":false,"chose_seed":false,"campfire_upgraded":2,"win_rate":0,"timestamp":1546083695,"path_taken":["M","?","M","?","?","E","?","R","T","E","M","$","M","?","R","BOSS","M","?","M","?","$","R","E","M","T","M","?","M"],"build_version":"2018-12-20","purchased_purges":0,"victory":false,"max_hp_per_floor":[75,75,75,75,75,75,75,75,75,75,75,75,75,75,75,75,80,80,56,56,56,56,56,56,56,56,56,56,56],"card_choices":[{"not_picked":["Aggregate","Barrage"],"picked":"Conserve Battery","floor":1},{"not_picked":["Chill","Barrage"],"picked":"Sweeping Beam","floor":3},{"not_picked":["Cold Snap","Reboot"],"picked":"Undo","floor":6},{"not_picked":["Steam Power","Scrape"],"picked":"Sunder","floor":10},{"not_picked":["Melter","Rebound"],"picked":"Auto Shields","floor":11},{"not_picked":["Sweeping Beam","Beam Cell"],"picked":"Gash","floor":13},{"not_picked":["Fission","Electrodynamics"],"picked":"Machine Learning","floor":16},{"not_picked":["Hello World+1","Fission"],"picked":"Leap+1","floor":18},{"not_picked":["Leap","Heatsinks"],"picked":"Beam Cell","floor":20},{"not_picked":["Chaos","Doom and Gloom"],"picked":"Go for the Eyes","floor":24},{"not_picked":["Hello World+1","Conserve Battery"],"picked":"Reinforced Body","floor":25},{"not_picked":["Skim","Rebound+1","Sweeping Beam"],"picked":"SKIP","floor":25},{"not_picked":["Streamline","Stack","Rebound+1"],"picked":"SKIP","floor":27},{"not_picked":["Hello World+1","Darkness","Conserve Battery"],"picked":"SKIP","floor":27}],"player_experience":252932,"relics_obtained":[{"floor":6,"key":"Juzu Bracelet"},{"floor":9,"key":"Centennial Puzzle"},{"floor":10,"key":"Boot"},{"floor":24,"key":"Prayer Wheel"},{"floor":26,"key":"Sundial"}],"event_choices":[{"cards_removed":["Strike_B"],"damage_healed":0,"gold_gain":0,"player_choice":"Card Removal","damage_taken":7,"max_hp_gain":0,"max_hp_loss":0,"event_name":"Golden Wing","floor":2,"gold_loss":0},{"damage_healed":0,"gold_gain":75,"player_choice":"Gather Gold","damage_taken":11,"max_hp_gain":0,"max_hp_loss":0,"event_name":"World of Goop","floor":4,"gold_loss":0},{"damage_healed":0,"gold_gain":0,"cards_transformed":["Strike_B"],"player_choice":"Change","damage_taken":0,"max_hp_gain":0,"max_hp_loss":0,"event_name":"Living Wall","floor":5,"gold_loss":0,"cards_obtained":["Rip and Tear"]},{"damage_healed":0,"gold_gain":0,"player_choice":"2 cards matched","damage_taken":0,"max_hp_gain":0,"max_hp_loss":0,"event_name":"Match and Keep!","floor":7,"gold_loss":0,"cards_obtained":["Recycle","Electrodynamics"]},{"damage_healed":0,"gold_gain":0,"player_choice":"Ignored","damage_taken":0,"max_hp_gain":0,"max_hp_loss":0,"event_name":"Golden Idol","floor":14,"gold_loss":0},{"damage_healed":0,"gold_gain":0,"player_choice":"Became a vampire","damage_taken":0,"max_hp_gain":0,"max_hp_loss":24,"event_name":"Vampires","floor":19,"gold_loss":0,"cards_obtained":["Bite","Bite","Bite","Bite","Bite"]},{"damage_healed":0,"gold_gain":0,"player_choice":"Upgraded","damage_taken":0,"max_hp_gain":0,"max_hp_loss":0,"event_name":"Upgrade Shrine","floor":21,"gold_loss":0,"cards_upgraded":["Zap"]},{"cards_removed":["Bite"],"damage_healed":0,"gold_gain":0,"player_choice":"Gave Gold","damage_taken":0,"max_hp_gain":0,"max_hp_loss":0,"event_name":"Beggar","floor":28,"gold_loss":75}],"is_beta":false,"boss_relics":[{"not_picked":["Runic Dome","Philosopher\u0027s Stone"],"picked":"Tiny House"}],"items_purged_floors":[],"is_endless":false,"potions_floor_spawned":[1,6,13,16,24],"killed_by":"Sentry and Sphere","ascension_level":3}