{"gold_per_floor":[111,123,139,0,0,0,13,31,31,31,44,73,73,73],"floor_reached":14,"playtime":415,"items_purged":[],"score":152,"play_id":"c1d3409a-5dfe-4443-8339-ec3098580143","local_time":"20190529233455","is_ascension_mode":true,"campfire_choices":[{"data":"Doom and Gloom","floor":6,"key":"SMITH"},{"floor":10,"key":"REST"}],"neow_cost":"NONE","seed_source_timestamp":273371936036576,"circlet_count":0,"master_deck":["AscendersBane","Strike_B","Strike_B","Defend_B","Defend_B","Defend_B","Defend_B","Zap","Dualcast","Gash","Ball Lightning","Glacier","Defragment+1","Doom and Gloom+1","Steam","Leap","Cold Snap","Ball Lightning"],"relics":["Empty Cage","Shuriken","Gremlin Horn"],"potions_floor_usage":[],"damage_taken":[{"damage":11,"enemies":"2 Louse","floor":1,"turns":3},{"damage":5,"enemies":"Cultist","floor":2,"turns":5},{"damage":12,"enemies":"Small Slimes","floor":3,"turns":3},{"damage":11,"enemies":"Exordium Thugs","floor":7,"turns":5},{"damage":18,"enemies":"Large Slime","floor":8,"turns":4},{"damage":7,"enemies":"2 Fungi Beasts","floor":11,"turns":2},{"damage":13,"enemies":"Gremlin Nob","floor":12,"turns":5},{"damage":15,"enemies":"Gremlin Gang","floor":14,"turns":1}],"seed_played":"-2438142391176226869","potions_obtained":[{"floor":7,"key":"PowerPotion"},{"floor":11,"key":"EssenceOfSteel"}],"is_trial":false,"path_per_floor":["M","M","M","$","?","R","M","M","T","R","M","E","$","M"],"character_chosen":"DEFECT","items_purchased":["Defragment","Doom and Gloom"],"campfire_rested":1,"item_purchase_floors":[4,4],"current_hp_per_floor":[57,52,40,40,40,40,29,11,11,33,26,13,13,0],"gold":73,"neow_bonus":"BOSS_RELIC","is_prod":false,"is_daily":false,"chose_seed":false,"campfire_upgraded":1,"win_rate":0,"timestamp":1559165695,"path_taken":["M","M","M","$","?","R","M","M","T","R","?","E","$","M"],"build_version":"2019-01-23","purchased_purges":0,"victory":false,"max_hp_per_floor":[75,75,75,75,75,75,75,75,75,75,75,75,75,75],"card_choices":[{"not_picked":["Go for the Eyes","Stack"],"picked":"Gash","floor":1},{"not_picked":["Beam Cell","Compile Driver"],"picked":"Ball Lightning","floor":2},{"not_picked":["Skim","Redo"],"picked":"Glacier","floor":3},{"not_picked":["Rebound","Scrape"],"picked":"Steam","floor":7},{"not_picked":["Amplify","Skim"],"picked":"Leap","floor":8},{"not_picked":["Stack","Turbo"],"picked":"Cold Snap","floor":11},{"not_picked":["Chaos","Steam Power"],"picked":"Ball Lightning","floor":12}],"player_experience":631498,"relics_obtained":[{"floor":9,"key":"Shuriken"},{"floor":12,"key":"Gremlin Horn"}],"event_choices":[{"damage_healed":0,"gold_gain":0,"player_choice":"Forge","damage_taken":0,"max_hp_gain":0,"max_hp_loss":0,"event_name":"Accursed Blacksmith","floor":5,"gold_loss":0,"cards_upgraded":["Defragment"]}],"is_beta":false,"boss_relics":[],"items_purged_floors":[],"is_endless":false,"potions_floor_spawned":[7,11],"killed_by":"Gremlin Gang","ascension_level":13}