{"gold_per_floor":[115,132,146,165,240,240,240,255,255,180,19,19,33,65,65,142,142,160,147,37,54,68,68,86,86],"floor_reached":25,"playtime":1776,"items_purged":[],"score":362,"play_id":"3a518b96-0764-4516-827c-a53cb8343ab7","local_time":"20181216232346","is_ascension_mode":true,"campfire_choices":[{"floor":6,"key":"REST"},{"floor":12,"key":"REST"},{"data":"True Grit","floor":15,"key":"SMITH"},{"floor":23,"key":"REST"}],"neow_cost":"PERCENT_DAMAGE","seed_source_timestamp":41932292226983,"circlet_count":0,"master_deck":["AscendersBane","Strike_R","Strike_R","Defend_R","Defend_R","Defend_R","Defend_R","Bash","Sadistic Nature","Deep Breath+1","Sword Boomerang","Rampage","Thunderclap","Iron Wave","True Grit+1","Flash of Steel","Battle Trance","Shockwave","Shockwave","Brutality","Burning Pact+1"],"special_seed":0,"relics":["Burning Blood","Sundial","Pen Nib","Runic Pyramid"],"potions_floor_usage":[14,16,25],"damage_taken":[{"damage":1.0,"enemies":"Cultist","floor":1.0,"turns":3.0},{"damage":0.0,"enemies":"2 Louse","floor":2.0,"turns":2.0},{"damage":10.0,"enemies":"Small Slimes","floor":3.0,"turns":4.0},{"damage":19,"enemies":"Blue Slaver","floor":4,"turns":5},{"damage":12,"enemies":"Red Slaver","floor":8,"turns":4},{"damage":1,"enemies":"Looter","floor":13,"turns":4},{"damage":15,"enemies":"Lagavulin","floor":14,"turns":4},{"damage":15,"enemies":"Hexaghost","floor":16,"turns":8},{"damage":14,"enemies":"3 Byrds","floor":18,"turns":5},{"damage":25,"enemies":"2 Thieves","floor":19,"turns":4},{"damage":22,"enemies":"Chosen and Byrds","floor":21,"turns":5},{"damage":3,"enemies":"Centurion and Healer","floor":22,"turns":5},{"damage":35,"enemies":"Sentry and Sphere","floor":24,"turns":6},{"damage":32,"enemies":"Slavers","floor":25,"turns":3}],"seed_played":"1455863200770495508","potions_obtained":[{"floor":1.0,"key":"Swift Potion"},{"floor":2.0,"key":"Strength Potion"},{"floor":4,"key":"LiquidBronze"},{"floor":21,"key":"Weak Potion"}],"is_trial":false,"path_per_floor":["M","M","M","M","?","R","?","M","T","?","$","R","M","E","R","B",null,"M","M","?","M","M","R","M","E"],"character_chosen":"IRONCLAD","items_purchased":["Flash of Steel","Battle Trance"],"campfire_rested":3,"item_purchase_floors":[11,11],"current_hp_per_floor":[55,61,57,44,33,55,55,49,49,49,49,71,75,66,66,57,71,63,44,44,28,31,53,24,0],"gold":86,"neow_bonus":"RANDOM_COLORLESS_2","is_prod":false,"is_daily":false,"chose_seed":false,"campfire_upgraded":1,"win_rate":0,"timestamp":1544970226,"path_taken":["M","M","?","M","?","R","?","M","T","?","$","R","M","E","R","BOSS","M","M","?","M","M","R","M","E"],"build_version":"2018-12-13","purchased_purges":0,"victory":false,"max_hp_per_floor":[75,75,75,75,75,75,75,75,75,75,75,75,75,75,75,75,75,75,75,75,75,75,75,75,75],"card_choices":[{"not_picked":["Rupture","Perfected Strike"],"picked":"Sword Boomerang","floor":1.0},{"not_picked":["Dual Wield","Second Wind"],"picked":"Rampage","floor":2.0},{"not_picked":["Armaments","Twin Strike"],"picked":"Thunderclap","floor":3.0},{"not_picked":["Pummel","Anger"],"picked":"Iron Wave","floor":4},{"not_picked":["Entrench","Clothesline"],"picked":"True Grit","floor":8},{"not_picked":["Corruption","Metallicize"],"picked":"Shockwave","floor":13},{"not_picked":["Pommel Strike","Anger"],"picked":"Shockwave","floor":14},{"not_picked":["Dark Embrace","Juggernaut"],"picked":"Brutality","floor":16},{"not_picked":["Clash","Clothesline","Wild Strike"],"picked":"SKIP","floor":18},{"not_picked":["Armaments","Pommel Strike+1"],"picked":"Burning Pact+1","floor":19},{"not_picked":["Clothesline","Heavy Blade","Body Slam"],"picked":"SKIP","floor":21},{"not_picked":["Clash","Twin Strike+1","Perfected Strike"],"picked":"SKIP","floor":22},{"not_picked":["Warcry","Wild Strike","Clash"],"picked":"SKIP","floor":24}],"player_experience":2559399,"relics_obtained":[{"floor":9,"key":"Sundial"},{"floor":14,"key":"Pen Nib"}],"event_choices":[{"damage_healed":0,"gold_gain":75,"player_choice":"Gather Gold","damage_taken":11,"max_hp_gain":0,"max_hp_loss":0,"event_name":"World of Goop","floor":5,"gold_loss":0},{"cards_removed":["Strike_R"],"damage_healed":0,"gold_gain":0,"player_choice":"Forget","damage_taken":0,"max_hp_gain":0,"max_hp_loss":0,"event_name":"Living Wall","floor":7,"gold_loss":0},{"cards_removed":["Strike_R"],"damage_healed":0,"gold_gain":0,"player_choice":"Card Removal","damage_taken":0,"max_hp_gain":0,"max_hp_loss":0,"event_name":"The Cleric","floor":10,"gold_loss":75},{"cards_removed":["Strike_R"],"damage_healed":0,"gold_gain":0,"player_choice":"Upgrade and Remove","damage_taken":0,"max_hp_gain":0,"max_hp_loss":0,"event_name":"Designer","floor":20,"gold_loss":110,"cards_upgraded":["Deep Breath"]}],"is_beta":true,"boss_relics":[{"not_picked":["White Beast Statue","Ectoplasm"],"picked":"Runic Pyramid"}],"items_purged_floors":[],"is_endless":false,"potions_floor_spawned":[1,2,4,21],"killed_by":"Slavers","ascension_level":15}