{"gold_per_floor":[112,37,112,122,122,122,138,138,138,153,78,97,117,136,136,209,209,229,229,209],"floor_reached":20,"playtime":1045,"items_purged":["Strike_G"],"score":307,"play_id":"7b1eb7ae-6a27-402d-b67b-ee056dd3012b","local_time":"20190218203052","is_ascension_mode":true,"campfire_choices":[{"data":"Neutralize","floor":6.0,"key":"SMITH"},{"floor":8.0,"key":"REST"},{"data":"Crippling Poison","floor":15.0,"key":"SMITH"}],"neow_cost":"NONE","seed_source_timestamp":0,"circlet_count":0,"master_deck":["AscendersBane","Defend_G","Defend_G","Defend_G","Defend_G","Defend_G","Strike_G","Strike_G","Strike_G","Survivor","Neutralize+1","Quick Slash","Quick Slash","Well Laid Plans","Dagger Throw","Crippling Poison+1","Blur","Dagger Spray+1"],"special_seed":0,"relics":["Ring of the Snake","Centennial Puzzle","Boot","Black Star"],"potions_floor_usage":[20],"damage_taken":[{"damage":14.0,"enemies":"Jaw Worm","floor":1.0,"turns":9.0},{"damage":0.0,"enemies":"2 Louse","floor":4.0,"turns":2.0},{"damage":0.0,"enemies":"Cultist","floor":7.0,"turns":3.0},{"damage":0.0,"enemies":"Blue Slaver","floor":10.0,"turns":4.0},{"damage":0.0,"enemies":"2 Fungi Beasts","floor":12.0,"turns":4.0},{"damage":6.0,"enemies":"Red Slaver","floor":13.0,"turns":6.0},{"damage":4.0,"enemies":"Large Slime","floor":14.0,"turns":4.0},{"damage":10.0,"enemies":"The Guardian","floor":16.0,"turns":18.0},{"damage":37,"enemies":"Spheric Guardian","floor":18,"turns":9},{"damage":8,"enemies":"2 Thieves","floor":20,"turns":1}],"seed_played":"-7844212326233897854","potions_obtained":[{"floor":7.0,"key":"AttackPotion"},{"floor":10.0,"key":"Explosive Potion"},{"floor":16.0,"key":"Swift Potion"}],"is_trial":false,"path_per_floor":["M","?","?","M","?","R","M","R","T","M","$","M","M","M","R","B",null,"M","?","M"],"character_chosen":"THE_SILENT","items_purchased":[],"campfire_rested":1,"item_purchase_floors":[],"current_hp_per_floor":[45,45,34,34,39,39,39,60,60,60,60,60,54,50,50,40,63,26,6,0],"gold":209,"neow_bonus":"RANDOM_COMMON_RELIC","is_prod":false,"is_daily":false,"chose_seed":false,"campfire_upgraded":2,"win_rate":0,"timestamp":1550489452,"path_taken":["M","?","?","M","?","R","M","R","T","?","?","M","M","M","R","BOSS","M","?","M"],"build_version":"2019-01-23","purchased_purges":1,"victory":false,"max_hp_per_floor":[66,66,66,66,71,71,71,71,71,71,71,71,71,71,71,71,71,71,76,76],"card_choices":[{"not_picked":["Outmaneuver","Cloak And Dagger"],"picked":"Quick Slash","floor":1.0},{"not_picked":["Acrobatics","Infinite Blades"],"picked":"Quick Slash","floor":4.0},{"not_picked":["Dodge and Roll","Poisoned Stab"],"picked":"Well Laid Plans","floor":7.0},{"not_picked":["Blade Dance","Bullet Time"],"picked":"Dagger Throw","floor":10.0},{"not_picked":["Outmaneuver","PiercingWail"],"picked":"Crippling Poison","floor":12.0},{"not_picked":["Cloak And Dagger","Sucker Punch","Finisher"],"picked":"SKIP","floor":13.0},{"not_picked":["Blade Dance","Choke"],"picked":"Blur","floor":14.0},{"not_picked":["Dodge and Roll","Escape Plan"],"picked":"Dagger Spray+1","floor":18}],"player_experience":654478,"relics_obtained":[{"floor":9.0,"key":"Boot"}],"event_choices":[{"cards_removed":["Strike_G"],"damage_healed":0.0,"max_hp_gain":0.0,"max_hp_loss":0.0,"gold_gain":0.0,"event_name":"The Cleric","player_choice":"Card Removal","floor":2.0,"gold_loss":75.0,"damage_taken":0.0},{"damage_healed":0.0,"max_hp_gain":0.0,"max_hp_loss":0.0,"gold_gain":75.0,"event_name":"World of Goop","player_choice":"Gather Gold","floor":3.0,"gold_loss":0.0,"damage_taken":11.0},{"damage_healed":0.0,"max_hp_gain":5.0,"max_hp_loss":0.0,"gold_gain":0.0,"event_name":"Big Fish","player_choice":"Donut","floor":5.0,"gold_loss":0.0,"damage_taken":0.0},{"damage_healed":0,"gold_gain":0,"player_choice":"Shed Blood","damage_taken":25,"max_hp_gain":5,"max_hp_loss":0,"event_name":"Forgotten Altar","floor":19,"gold_loss":0}],"is_beta":false,"boss_relics":[{"not_picked":["Fusion Hammer","Calling Bell"],"picked":"Black Star"}],"items_purged_floors":[11],"is_endless":false,"potions_floor_spawned":[7,10,16],"killed_by":"2 Thieves","ascension_level":17}