{"gold_per_floor":[114,114,7,22,97,127,139,139,192,192,212,190,190],"floor_reached":13,"playtime":475,"items_purged":[],"score":157,"play_id":"dcfed5a3-a45b-4f22-aeec-11c45019a577","local_time":"20190415134059","is_ascension_mode":true,"campfire_choices":[{"data":"Defragment","floor":8,"key":"SMITH"},{"floor":10,"key":"REST"}],"neow_cost":"NONE","seed_source_timestamp":251269898980398,"circlet_count":0,"master_deck":["AscendersBane","Strike_B","Strike_B","Strike_B","Strike_B","Defend_B","Defend_B","Defend_B","Defend_B","Zap+1","Dualcast","Steam","Defragment+1","BootSequence","Glacier","Genetic Algorithm","Loop"],"relics":["Cracked Core","Bag of Preparation","Ginger","PreservedInsect"],"potions_floor_usage":[6,6],"damage_taken":[{"damage":2,"enemies":"Small Slimes","floor":1,"turns":3},{"damage":0,"enemies":"2 Louse","floor":4,"turns":2},{"damage":28,"enemies":"Lagavulin","floor":6,"turns":7},{"damage":0,"enemies":"Jaw Worm","floor":7,"turns":3},{"damage":3,"enemies":"2 Fungi Beasts","floor":11,"turns":5},{"damage":1,"enemies":"Exordium Thugs","floor":12,"turns":4},{"damage":24,"enemies":"Gremlin Nob","floor":13,"turns":4}],"seed_played":"-1346314384121528466","potions_obtained":[{"floor":12,"key":"Energy Potion"}],"is_trial":false,"path_per_floor":["M","?","$","M","?","E","M","R","T","R","M","M","E"],"character_chosen":"DEFECT","items_purchased":["Strength Potion","Block Potion"],"campfire_rested":1,"item_purchase_floors":[3,3],"current_hp_per_floor":[62,44,44,44,33,5,5,5,5,26,23,22,0],"gold":190,"neow_bonus":"UPGRADE_CARD","is_prod":false,"is_daily":false,"chose_seed":false,"campfire_upgraded":1,"win_rate":0,"timestamp":1555303259,"path_taken":["M","?","$","M","?","E","M","R","T","R","M","M","E"],"build_version":"2019-04-04","purchased_purges":0,"victory":false,"max_hp_per_floor":[71,71,71,71,71,71,71,71,71,71,71,71,71],"card_choices":[{"not_picked":["Compile Driver","Barrage"],"picked":"Steam","floor":1},{"not_picked":["Compile Driver","Beam Cell"],"picked":"Defragment","floor":4},{"not_picked":["Conserve Battery","Recycle"],"picked":"BootSequence","floor":6},{"not_picked":["Ball Lightning","Sunder"],"picked":"Glacier","floor":7},{"not_picked":["Compile Driver","Hello World"],"picked":"Genetic Algorithm","floor":11},{"not_picked":["Gash","Steam"],"picked":"Loop","floor":12}],"player_experience":2940175,"relics_obtained":[{"floor":6,"key":"Ginger"},{"floor":9,"key":"PreservedInsect"}],"event_choices":[{"damage_healed":0,"gold_gain":0,"player_choice":"Success","damage_taken":18,"relics_obtained":["Bag of Preparation"],"max_hp_gain":0,"max_hp_loss":0,"event_name":"Scrap Ooze","floor":2,"gold_loss":0},{"damage_healed":0,"gold_gain":75,"player_choice":"Gather Gold","damage_taken":11,"max_hp_gain":0,"max_hp_loss":0,"event_name":"World of Goop","floor":5,"gold_loss":0}],"is_beta":true,"boss_relics":[],"items_purged_floors":[],"is_endless":false,"potions_floor_spawned":[4,12],"killed_by":"Gremlin Nob","ascension_level":17}