{"gold_per_floor":[128,140,165,195,207,252,282,294,355,393,405],"floor_reached":11,"playtime":461,"items_purged":[],"score":83,"play_id":"9de63291-ec4c-4682-8ec3-f9a91a2ba562","local_time":"20181120200435","is_ascension_mode":false,"campfire_choices":[{"floor":8,"key":"REST"}],"neow_cost":"NONE","seed_source_timestamp":511510161086325,"circlet_count":0,"master_deck":["Strike_B","Strike_B","Strike_B","Strike_B","Defend_B","Defend_B","Defend_B","Defend_B","Zap","Dualcast","Genetic Algorithm","Regret","Static Discharge","Hello World","Rainbow","Melter","White Noise"],"special_seed":0,"relics":["Cracked Core","MawBank","Pear","CultistMask","Omamori","Bag of Marbles"],"potions_floor_usage":[],"damage_taken":[{"damage":0.0,"enemies":"Jaw Worm","floor":1.0,"turns":4.0},{"damage":13.0,"enemies":"Small Slimes","floor":3.0,"turns":4.0},{"damage":3.0,"enemies":"Cultist","floor":4.0,"turns":3.0},{"damage":39,"enemies":"3 Sentries","floor":6,"turns":6},{"damage":16,"enemies":"Blue Slaver","floor":7,"turns":4},{"damage":23,"enemies":"Gremlin Nob","floor":10,"turns":4},{"damage":16,"enemies":"2 Fungi Beasts","floor":11,"turns":3}],"seed_played":"2439116223186433850","potions_obtained":[{"floor":1.0,"key":"Dexterity Potion"},{"floor":4.0,"key":"Block Potion"},{"floor":7,"key":"Block Potion"}],"is_trial":false,"path_per_floor":["M","?","M","M","?","E","M","R","T","E","M"],"character_chosen":"DEFECT","items_purchased":[],"campfire_rested":1,"item_purchase_floors":[],"current_hp_per_floor":[75,85,72,69,69,30,14,39,39,16,0],"gold":405,"neow_bonus":"RANDOM_COMMON_RELIC","is_prod":false,"is_daily":false,"chose_seed":false,"campfire_upgraded":0,"win_rate":0,"timestamp":1542765875,"path_taken":["M","?","M","M","?","E","?","R","T","E","M"],"build_version":"2018-11-15","purchased_purges":0,"victory":false,"max_hp_per_floor":[75,85,85,85,85,85,85,85,85,85,85],"card_choices":[{"not_picked":["Auto Shields","Go for the Eyes"],"picked":"Genetic Algorithm","floor":1.0},{"not_picked":["Leap","Rebound"],"picked":"Static Discharge","floor":3.0},{"not_picked":["Heatsinks","Consume"],"picked":"Hello World","floor":4.0},{"not_picked":["Coolheaded","Sweeping Beam"],"picked":"Rainbow","floor":6},{"not_picked":["Blizzard","Rebound"],"picked":"Melter","floor":7},{"not_picked":["Undo","Turbo"],"picked":"White Noise","floor":10}],"player_experience":429980,"relics_obtained":[{"floor":6,"key":"Omamori"},{"floor":10,"key":"Bag of Marbles"}],"event_choices":[{"damage_healed":0.0,"max_hp_gain":0.0,"max_hp_loss":0.0,"gold_gain":0.0,"event_name":"Big Fish","player_choice":"Box","floor":2.0,"gold_loss":0.0,"damage_taken":0.0,"relics_obtained":["Pear"],"cards_obtained":["Regret"]},{"damage_healed":0.0,"max_hp_gain":0.0,"max_hp_loss":0.0,"gold_gain":0.0,"event_name":"FaceTrader","player_choice":"Trade","floor":5.0,"gold_loss":0.0,"damage_taken":0.0,"relics_obtained":["CultistMask"]}],"is_beta":false,"boss_relics":[],"items_purged_floors":[],"is_endless":false,"potions_floor_spawned":[1,4,7],"killed_by":"2 Fungi Beasts","ascension_level":0}