{"gold_per_floor":[115,133,133,150,74,102,102,119,143,1,1,35,55,75,75,177,477,495,495,277,277],"floor_reached":21,"playtime":3636,"items_purged":["Strike_R","Pain"],"score":189,"play_id":"39690c27-c8dd-4e71-8cf8-479a83f85964","local_time":"20181125221954","is_ascension_mode":false,"campfire_choices":[{"data":"Infernal Blade","floor":7,"key":"SMITH"},{"data":"Impervious","floor":15,"key":"SMITH"}],"neow_cost":"","seed_source_timestamp":876898443570630,"circlet_count":0,"master_deck":["Strike_R","Strike_R","Strike_R","Defend_R","Defend_R+1","Defend_R","Defend_R","Bash","Infernal Blade+1","Warcry+1","Iron Wave","Pommel Strike","Headbutt","Shrug It Off","Reckless Charge","Armaments","Metallicize","Impervious+1","Dropkick","Armaments","Barricade","Decay","Doubt","Body Slam","Seeing Red+1","Entrench+1"],"relics":["Burning Blood","Ancient Tea Set","War Paint","Oddly Smooth Stone","Calling Bell","Pen Nib","Toxic Egg 2","Old Coin","Nilry\u0027s Codex"],"potions_floor_usage":[16,21,21],"damage_taken":[{"damage":1,"enemies":"Cultist","floor":1,"turns":3},{"damage":3,"enemies":"Small Slimes","floor":2,"turns":2},{"damage":6,"enemies":"Jaw Worm","floor":4,"turns":3},{"damage":14,"enemies":"3 Sentries","floor":6,"turns":8},{"damage":3,"enemies":"Lots of Slimes","floor":8,"turns":4},{"damage":16,"enemies":"Gremlin Nob","floor":12,"turns":5},{"damage":0,"enemies":"Looter","floor":13,"turns":1},{"damage":0,"enemies":"Exordium Thugs","floor":14,"turns":6},{"damage":51,"enemies":"The Guardian","floor":16,"turns":16},{"damage":16,"enemies":"Chosen","floor":18,"turns":7},{"damage":65,"enemies":"Masked Bandits","floor":21,"turns":7}],"seed_played":"-4808673589088675184","potions_obtained":[{"floor":2,"key":"Block Potion"},{"floor":4,"key":"SkillPotion"},{"floor":12,"key":"Strength Potion"},{"floor":16,"key":"Strength Potion"},{"floor":18,"key":"BloodPotion"}],"is_trial":false,"path_per_floor":["M","M","?","M","$","E","R","M","T","$","$","E","M","M","R","B",null,"M","?","$","?"],"character_chosen":"IRONCLAD","items_purchased":["Headbutt","Shrug It Off","Metallicize","Seeing Red+1","Entrench+1"],"campfire_rested":0,"item_purchase_floors":[5,5,10,20,20],"current_hp_per_floor":[80,80,80,80,80,72,72,75,75,75,75,65,71,77,77,32,80,70,54,54,0],"gold":277,"neow_bonus":"","is_prod":false,"is_daily":false,"chose_seed":false,"campfire_upgraded":2,"win_rate":0.0,"timestamp":1543151994,"path_taken":["M","?","?","M","$","E","R","M","T","?","$","E","M","M","R","BOSS","M","?","$","?"],"build_version":"2018-11-15","purchased_purges":2,"victory":false,"max_hp_per_floor":[80,80,80,80,80,80,80,80,80,80,80,80,80,80,80,80,80,80,80,80,80],"card_choices":[{"not_picked":["Clothesline","Flame Barrier"],"picked":"Infernal Blade","floor":1},{"not_picked":["Perfected Strike","Intimidate"],"picked":"Warcry","floor":2},{"not_picked":["Perfected Strike","Clash"],"picked":"Pommel Strike","floor":4},{"not_picked":["Power Through","Clothesline"],"picked":"Reckless Charge","floor":6},{"not_picked":["Sword Boomerang","Flame Barrier"],"picked":"Armaments","floor":8},{"not_picked":["Shrug It Off","Ghostly Armor"],"picked":"Impervious","floor":12},{"not_picked":["Cleave","Battle Trance"],"picked":"Dropkick","floor":13},{"not_picked":["Fire Breathing","Thunderclap"],"picked":"Armaments","floor":14},{"not_picked":["Double Tap","Fiend Fire"],"picked":"Barricade","floor":16},{"not_picked":["Sever Soul","Anger"],"picked":"Body Slam","floor":18}],"player_experience":0,"relics_obtained":[{"floor":6,"key":"Ancient Tea Set"},{"floor":9,"key":"War Paint"},{"floor":12,"key":"Oddly Smooth Stone"},{"floor":17,"key":"Pen Nib"},{"floor":17,"key":"Toxic Egg 2"},{"floor":17,"key":"Old Coin"},{"floor":19,"key":"Nilry\u0027s Codex"}],"event_choices":[{"cards_removed":["Strike_R"],"damage_healed":0,"gold_gain":0,"player_choice":"Took Card","damage_taken":0,"max_hp_gain":0,"max_hp_loss":0,"event_name":"NoteForYourself","floor":3,"gold_loss":0,"cards_obtained":["Iron Wave"]},{"damage_healed":0,"gold_gain":0,"player_choice":"Obtained Book","damage_taken":16,"max_hp_gain":0,"max_hp_loss":0,"event_name":"Cursed Tome","floor":19,"gold_loss":0},{"damage_healed":0,"gold_gain":0,"player_choice":"Fought Bandits","damage_taken":0,"max_hp_gain":0,"max_hp_loss":0,"event_name":"Masked Bandits","floor":21,"gold_loss":0}],"is_beta":false,"boss_relics":[{"not_picked":["Runic Dome","Snecko Eye"],"picked":"Calling Bell"}],"items_purged_floors":[10,20],"is_endless":false,"potions_floor_spawned":[2,4,12,16,18],"killed_by":"Masked Bandits","ascension_level":0}