{"gold_per_floor":[117,129,143,143,154,154,188,188,188,223,234,234,252,280,280,280],"floor_reached":16,"playtime":479,"items_purged":[],"score":244,"play_id":"a5e5050c-d47f-4900-b141-b66bb3195932","local_time":"20190321232345","is_ascension_mode":true,"campfire_choices":[{"data":"Multi-Cast","floor":6,"key":"SMITH"},{"floor":8,"key":"REST"},{"floor":15,"key":"REST"}],"neow_cost":"NONE","seed_source_timestamp":689611595427500,"circlet_count":0,"master_deck":["AscendersBane","Strike_B","Strike_B","Strike_B","Strike_B","Defend_B","Defend_B","Defend_B","Defend_B","Zap","Dualcast","Multi-Cast+1","Sweeping Beam","Auto Shields","Streamline","Undo","Cold Snap","Rip and Tear","Rebound"],"relics":["Cracked Core","Omamori","Potion Belt","Ornamental Fan","Boot"],"potions_floor_usage":[10,10,16],"damage_taken":[{"damage":7,"enemies":"Jaw Worm","floor":1,"turns":3},{"damage":7,"enemies":"Small Slimes","floor":2,"turns":3},{"damage":0,"enemies":"Cultist","floor":3,"turns":3},{"damage":0,"enemies":"2 Fungi Beasts","floor":5,"turns":4},{"damage":36,"enemies":"Lagavulin","floor":7,"turns":8},{"damage":8,"enemies":"Gremlin Nob","floor":10,"turns":3},{"damage":3,"enemies":"Blue Slaver","floor":11,"turns":5},{"damage":11,"enemies":"Lots of Slimes","floor":13,"turns":3},{"damage":10,"enemies":"3 Sentries","floor":14,"turns":9},{"damage":47,"enemies":"Slime Boss","floor":16,"turns":8}],"seed_played":"-3519880453673700731","potions_obtained":[{"floor":2,"key":"AttackPotion"},{"floor":5,"key":"SteroidPotion"},{"floor":10,"key":"SpeedPotion"}],"is_trial":false,"path_per_floor":["M","M","M","?","M","R","E","R","T","E","M","?","M","E","R","B"],"character_chosen":"DEFECT","items_purchased":[],"campfire_rested":2,"item_purchase_floors":[],"current_hp_per_floor":[57,50,50,55,55,55,19,41,41,33,30,30,19,9,31,0],"gold":280,"neow_bonus":"ONE_RANDOM_RARE_CARD","is_prod":false,"is_daily":false,"chose_seed":false,"campfire_upgraded":1,"win_rate":0,"timestamp":1553178225,"path_taken":["M","M","M","?","M","R","E","R","T","E","M","?","?","E","R","BOSS"],"build_version":"2019-01-23","purchased_purges":0,"victory":false,"max_hp_per_floor":[71,71,71,76,76,76,76,76,76,76,76,76,76,76,76,76],"card_choices":[{"not_picked":["Redo","Storm","Go for the Eyes"],"picked":"SKIP","floor":1},{"not_picked":["Scrape","Steam"],"picked":"Sweeping Beam","floor":2},{"not_picked":["Scrape","Stack"],"picked":"Auto Shields","floor":3},{"not_picked":["Heatsinks","Go for the Eyes"],"picked":"Streamline","floor":5},{"not_picked":["Creative AI","Steam"],"picked":"Undo","floor":7},{"not_picked":["Stack","Beam Cell"],"picked":"Cold Snap","floor":10},{"not_picked":["Sunder","Cold Snap"],"picked":"Rip and Tear","floor":11},{"not_picked":["Reprogram","Hologram"],"picked":"Rebound","floor":13},{"not_picked":["Blizzard","Beam Cell","Leap"],"picked":"SKIP","floor":14}],"player_experience":4576944,"relics_obtained":[{"floor":7,"key":"Omamori"},{"floor":9,"key":"Potion Belt"},{"floor":10,"key":"Ornamental Fan"},{"floor":14,"key":"Boot"}],"event_choices":[{"damage_healed":0,"gold_gain":0,"player_choice":"Donut","damage_taken":0,"max_hp_gain":5,"max_hp_loss":0,"event_name":"Big Fish","floor":4,"gold_loss":0},{"damage_healed":0,"gold_gain":0,"player_choice":"0 cards matched","damage_taken":0,"max_hp_gain":0,"max_hp_loss":0,"event_name":"Match and Keep!","floor":12,"gold_loss":0,"cards_obtained":[]}],"is_beta":false,"boss_relics":[],"items_purged_floors":[],"is_endless":false,"potions_floor_spawned":[2,5,10],"killed_by":"Slime Boss","ascension_level":20}