{"gold_per_floor":[110,124,134,149,161,161,211,211,211,241,260,295,295,295],"floor_reached":14,"playtime":298,"items_purged":[],"score":204,"play_id":"59865981-e6a7-4b0d-ab7c-4904eb22331d","local_time":"20190531032917","is_ascension_mode":true,"campfire_choices":[{"floor":6,"key":"REST"},{"data":"Sunder","floor":8,"key":"SMITH"}],"neow_cost":"NONE","seed_source_timestamp":366916745674400,"circlet_count":0,"master_deck":["AscendersBane","Strike_B","Strike_B","Strike_B","Defend_B","Defend_B","Defend_B","Defend_B","Zap","Dualcast","Sunder+1","Tempest","Meteor Strike","Hologram","Gash","Glacier","Conserve Battery","Self Repair"],"relics":["Cracked Core","Regal Pillow","Cables","Oddly Smooth Stone","Prayer Wheel"],"potions_floor_usage":[3,5,12],"damage_taken":[{"damage":0,"enemies":"2 Louse","floor":1,"turns":2},{"damage":6,"enemies":"Cultist","floor":2,"turns":3},{"damage":14,"enemies":"Jaw Worm","floor":3,"turns":5},{"damage":45,"enemies":"Gremlin Gang","floor":4,"turns":3},{"damage":7,"enemies":"Exordium Wildlife","floor":5,"turns":4},{"damage":30,"enemies":"Lagavulin","floor":10,"turns":5},{"damage":0,"enemies":"2 Fungi Beasts","floor":11,"turns":2},{"damage":8,"enemies":"Gremlin Nob","floor":12,"turns":3},{"damage":6,"enemies":"3 Louse","floor":14,"turns":1}],"seed_played":"2409145139901728157","potions_obtained":[{"floor":1,"key":"Regen Potion"},{"floor":4,"key":"Swift Potion"},{"floor":10,"key":"PowerPotion"},{"floor":12,"key":"Ancient Potion"}],"is_trial":false,"path_per_floor":["M","M","M","M","M","R","?","R","T","E","M","E","?","M"],"character_chosen":"DEFECT","items_purchased":[],"campfire_rested":1,"item_purchase_floors":[],"current_hp_per_floor":[64,58,56,11,4,40,40,40,40,10,10,2,2,0],"gold":295,"neow_bonus":"RANDOM_COMMON_RELIC","is_prod":false,"is_daily":false,"chose_seed":false,"campfire_upgraded":1,"win_rate":0,"timestamp":1559240957,"path_taken":["M","M","M","M","M","R","?","R","T","E","?","E","?","M"],"build_version":"2019-01-23","purchased_purges":0,"victory":false,"max_hp_per_floor":[71,71,71,71,71,71,71,71,71,71,71,71,71,71],"card_choices":[{"not_picked":["Redo","Coolheaded"],"picked":"Sunder","floor":1},{"not_picked":["Conserve Battery","Go for the Eyes"],"picked":"Tempest","floor":2},{"not_picked":["Leap","Turbo"],"picked":"Meteor Strike","floor":3},{"not_picked":["Sweeping Beam","Gash"],"picked":"Hologram","floor":4},{"not_picked":["Compile Driver","Skim"],"picked":"Gash","floor":5},{"not_picked":["Redo","Lockon"],"picked":"Glacier","floor":10},{"not_picked":["Stack","Darkness"],"picked":"Conserve Battery","floor":11},{"not_picked":["Conserve Battery","Ball Lightning"],"picked":"Self Repair","floor":12}],"player_experience":5227605,"relics_obtained":[{"floor":9,"key":"Cables"},{"floor":10,"key":"Oddly Smooth Stone"},{"floor":12,"key":"Prayer Wheel"}],"event_choices":[{"damage_healed":0,"gold_gain":50,"player_choice":"Pray","damage_taken":0,"max_hp_gain":0,"max_hp_loss":0,"event_name":"Golden Shrine","floor":7,"gold_loss":0},{"cards_removed":["Strike_B"],"damage_healed":0,"gold_gain":0,"player_choice":"Purged","damage_taken":0,"max_hp_gain":0,"max_hp_loss":0,"event_name":"Purifier","floor":13,"gold_loss":0}],"is_beta":false,"boss_relics":[],"items_purged_floors":[],"is_endless":false,"potions_floor_spawned":[1,4,10,12],"killed_by":"3 Louse","ascension_level":20}