{"path_per_floor":["M","M","M","$","M","R","E","M","T","?","M","R","$","?","R","B",null,"M","?","$","M","M","R","M","?","T","?","R","E","M","M","R","B",null,"M","M","M","?","$","R","M","M","T","R","M","R","?","$","R"],"character_chosen":"THE_SILENT","items_purchased":["Choke","Infinite Blades","Finisher","Strength Potion","Apotheosis","Bandage Up","Vajra","Blade Dance","Cloak And Dagger"],"gold_per_floor":[117,130,148,75,86,86,117,133,185,242,255,255,90,164,164,265,265,282,282,3,22,36,36,49,49,49,49,49,75,92,102,102,204,204,217,229,239,239,9,9,22,38,38,38,51,51,51,27,27],"floor_reached":50,"campfire_rested":7,"playtime":3066,"current_hp_per_floor":[70,70,70,70,70,70,48,48,48,48,48,70,70,70,70,54,70,70,70,70,70,44,70,44,44,44,44,70,49,46,30,66,63,70,46,19,19,19,19,55,59,31,31,67,37,70,70,70,70],"items_purged":[],"gold":27,"score":541,"play_id":"12fcd43d-b471-4c3c-b4cc-e34cca9186da","is_prod":false,"is_daily":false,"is_ascension_mode":false,"campfire_upgraded":3,"path_taken":["M","M","M","$","M","R","E","M","T","?","M","R","$","?","R","BOSS","M","?","$","M","M","R","M","?","T","?","R","E","M","M","R","BOSS","M","M","M","?","$","R","M","M","T","R","M","R","?","$","R","BOSS"],"build_version":"2018-02-15-PROD1","purchased_purges":0,"victory":false,"master_deck":["Defend_G+1","Defend_G","Defend_G","Defend_G","Defend_G","Strike_G","Strike_G","Strike_G","Strike_G","Strike_G","Survivor","Neutralize+1","Die Die Die+1","Die Die Die","Cloak And Dagger","Choke","Dagger Throw","Cloak And Dagger+1","Dagger Throw","Leg Sweep","Infinite Blades","Finisher","Die Die Die","Decay","Clumsy","Clumsy","Distraction","Decay","Apotheosis+1","Bandage Up","Dagger Spray+1","Flying Knee","Slice+1","Dagger Throw","Terror+1","Storm of Steel+1","Sucker Punch+1","PiercingWail+1","Quick Slash","Regret","Blade Dance+1","Backstab","Slice+1","Sucker Punch","Writhe","Cloak And Dagger+1"],"max_hp_per_floor":[70,70,70,70,70,70,70,70,70,70,70,70,70,70,70,70,70,70,70,70,70,70,70,70,70,70,70,70,70,70,70,70,70,70,70,70,70,70,70,70,70,70,70,70,70,70,70,70,70],"relics":["Ring of the Snake","Mummified Hand","Regal Pillow","Du-Vu Doll","Calling Bell","War Paint","Shuriken","Ginger","Peace Pipe","Unceasing Top","Toxic Egg 2","Sozu","Vajra","Pen Nib"],"card_choices":[{"not_picked":["Acrobatics","Dagger Throw"],"picked":"Die Die Die"},{"not_picked":["Acrobatics","Flying Knee"],"picked":"Cloak And Dagger"},{"not_picked":["PiercingWail","Flechettes"],"picked":"Dagger Throw"},{"not_picked":["Die Die Die","Acrobatics"],"picked":"Cloak And Dagger"},{"not_picked":["Flying Knee","PiercingWail"],"picked":"Dagger Throw"},{"not_picked":["Well Laid Plans","Deadly Poison"],"picked":"Leg Sweep"},{"not_picked":["Storm of Steel","Venomology"],"picked":"Die Die Die"},{"not_picked":["Catalyst","Dodge and Roll"],"picked":"Distraction"},{"not_picked":["Calculated Gamble","Riddle With Holes"],"picked":"Dagger Spray"},{"not_picked":["Outmaneuver","Leg Sweep"],"picked":"Flying Knee"},{"not_picked":["Noxious Fumes","All Out Attack"],"picked":"Slice"},{"not_picked":["Bouncing Flask","Acrobatics"],"picked":"Dagger Throw"},{"not_picked":["Skewer","Blur"],"picked":"Terror"},{"not_picked":["Corpse Explosion","A Thousand Cuts"],"picked":"Storm of Steel"},{"not_picked":["Backflip","Noxious Fumes"],"picked":"Sucker Punch"},{"not_picked":["Underhanded Strike","Deadly Poison"],"picked":"PiercingWail"},{"not_picked":["Reflex","Poisoned Stab"],"picked":"Quick Slash"},{"not_picked":["PiercingWail","Backflip"],"picked":"Backstab"},{"not_picked":["Dodge and Roll","Dagger Throw"],"picked":"Slice"},{"not_picked":["Quick Slash","Bane"],"picked":"Sucker Punch"}],"player_experience":162943,"potions_floor_usage":[7,16,16,16,31,33,33],"damage_taken":[{"damage":0,"enemies":"2 Louse","floor":1,"turns":2},{"damage":0,"enemies":"Jaw Worm","floor":2,"turns":3},{"damage":0,"enemies":"Small Slimes","floor":3,"turns":1},{"damage":0,"enemies":"2 Fungi Beasts","floor":5,"turns":1},{"damage":22,"enemies":"Gremlin Nob","floor":7,"turns":4},{"damage":0,"enemies":"Large Slime","floor":8,"turns":5},{"damage":0,"enemies":"3 Sentries","floor":10,"turns":3},{"damage":0,"enemies":"Blue Slaver","floor":11,"turns":3},{"damage":16,"enemies":"Slime Boss","floor":16,"turns":8},{"damage":0,"enemies":"Spheric Guardian","floor":18,"turns":2},{"damage":0,"enemies":"Chosen","floor":21,"turns":3},{"damage":26,"enemies":"Centurion and Healer","floor":22,"turns":6},{"damage":26,"enemies":"Sentry and Sphere","floor":24,"turns":4},{"damage":21,"enemies":"Gremlin Leader","floor":29,"turns":5},{"damage":3,"enemies":"3 Cultists","floor":30,"turns":3},{"damage":16,"enemies":"Centurion and Healer","floor":31,"turns":3},{"damage":9,"enemies":"Champ","floor":33,"turns":6},{"damage":24,"enemies":"Orb Walker","floor":35,"turns":3},{"damage":27,"enemies":"3 Shapes","floor":36,"turns":2},{"damage":0,"enemies":"Maw","floor":37,"turns":3},{"damage":0,"enemies":"3 Darklings","floor":41,"turns":3},{"damage":28,"enemies":"Sphere and 2 Shapes","floor":42,"turns":3},{"damage":36,"enemies":"4 Shapes","floor":45,"turns":2},{"damage":86,"enemies":"Time Eater","floor":50,"turns":8}],"event_choices":[{"event_name":"Dead Adventurer","player_choice":"Searched \u00271\u0027 times","floor":10,"damage_taken":0},{"event_name":"Golden Wing","player_choice":"Gained Gold","floor":14,"damage_taken":0},{"event_name":"Forgotten Altar","player_choice":"Smashed Altar","floor":19,"damage_taken":0},{"event_name":"Addict","player_choice":"Ignored","floor":25,"damage_taken":0},{"event_name":"The Mausoleum","player_choice":"Yes","floor":27,"damage_taken":0},{"event_name":"Match and Keep!","player_choice":"1 cards matched","floor":38,"damage_taken":0},{"event_name":"Winding Halls","player_choice":"Writhe","floor":47,"damage_taken":0}],"boss_relics":[{"not_picked":["Cursed Key","Orrery"],"picked":"Calling Bell"},{"not_picked":["White Beast Statue","Velvet Choker"],"picked":"Sozu"}],"potions_floor_spawned":[2,5,10,11,18,22,30,33,36,41],"seed_played":"4893365517940668070","killed_by":"Time Eater","ascension_level":0,"is_trial":false}