{"gold_per_floor":[217,228,9,27,47,47,58,58,58,77,95,105,105,125,125,226,226,238,238,338,357,232,232,62,62],"floor_reached":25,"playtime":2331,"items_purged":["Strike_B","Writhe"],"score":276,"play_id":"878f9c3e-de1c-433c-b668-bf910b5a4dc1","local_time":"20190116184229","is_ascension_mode":true,"campfire_choices":[{"data":"Redo","floor":6,"key":"SMITH"},{"floor":15,"key":"REST"},{"floor":23,"key":"REST"}],"neow_cost":"NONE","seed_source_timestamp":530729056368525,"circlet_count":0,"master_deck":["Strike_B","Strike_B","Strike_B","Defend_B+1","Defend_B","Defend_B","Defend_B","Zap","Dualcast","Darkness","Streamline","Genetic Algorithm","Redo+1","Reinforced Body+1","Self Repair","Lockon","Doom and Gloom","Glacier","Electrodynamics","Cold Snap+1","Coolheaded","Stack","Turbo","Double Energy"],"relics":["Cracked Core","DataDisk","Sundial","Gremlin Horn","Black Star","Boot","Nunchaku","Shuriken"],"potions_floor_usage":[12,18,20,20],"damage_taken":[{"damage":0,"enemies":"Cultist","floor":1,"turns":3},{"damage":0,"enemies":"2 Louse","floor":2,"turns":3},{"damage":12,"enemies":"Jaw Worm","floor":4,"turns":2},{"damage":11,"enemies":"Exordium Wildlife","floor":5,"turns":4},{"damage":6,"enemies":"Looter","floor":7,"turns":3},{"damage":5,"enemies":"Red Slaver","floor":10,"turns":4},{"damage":0,"enemies":"2 Fungi Beasts","floor":11,"turns":3},{"damage":11,"enemies":"Exordium Thugs","floor":12,"turns":3},{"damage":8,"enemies":"Blue Slaver","floor":14,"turns":4},{"damage":3,"enemies":"Slime Boss","floor":16,"turns":10},{"damage":11,"enemies":"2 Thieves","floor":18,"turns":2},{"damage":9,"enemies":"Colosseum Slavers","floor":20,"turns":4},{"damage":43,"enemies":"Colosseum Nobs","floor":20,"turns":5},{"damage":1,"enemies":"Spheric Guardian","floor":21,"turns":5},{"damage":37,"enemies":"Book of Stabbing","floor":25,"turns":7}],"seed_played":"-291891113000124365","potions_obtained":[{"floor":2,"key":"Explosive Potion"},{"floor":7,"key":"FearPotion"},{"floor":11,"key":"PowerPotion"},{"floor":12,"key":"Fire Potion"},{"floor":21,"key":"Energy Potion"}],"is_trial":false,"path_per_floor":["M","M","$","M","M","R","M","?","T","M","M","M","T","M","R","B",null,"M","?","?","M","$","R","$","E"],"character_chosen":"DEFECT","items_purchased":["DataDisk","Genetic Algorithm","Turbo","Double Energy"],"campfire_rested":2,"item_purchase_floors":[3,3,22,24],"current_hp_per_floor":[68,68,68,56,45,45,39,24,24,26,33,29,29,28,50,54,70,59,59,14,13,13,35,35,0],"gold":62,"neow_bonus":"HUNDRED_GOLD","is_prod":false,"is_daily":false,"chose_seed":false,"campfire_upgraded":1,"win_rate":0,"timestamp":1547631749,"path_taken":["M","?","$","M","M","R","M","?","T","M","M","M","?","M","R","BOSS","M","?","?","M","$","R","?","E"],"build_version":"2019-01-10","purchased_purges":2,"victory":false,"max_hp_per_floor":[75,75,75,75,75,75,75,75,75,75,75,75,75,75,75,75,75,75,75,75,75,75,75,75,75],"card_choices":[{"not_picked":["Go for the Eyes","Reinforced Body"],"picked":"Darkness","floor":1},{"not_picked":["Recycle","Hologram"],"picked":"Streamline","floor":2},{"not_picked":["Compile Driver","Capacitor"],"picked":"Redo","floor":4},{"not_picked":["Stack","Beam Cell"],"picked":"Reinforced Body","floor":5},{"not_picked":["Leap","Undo"],"picked":"Self Repair","floor":7},{"not_picked":["Meteor Strike","Conserve Battery"],"picked":"Lockon","floor":10},{"not_picked":["Self Repair","Fusion"],"picked":"Doom and Gloom","floor":11},{"not_picked":["Redo","Rebound","Hologram"],"picked":"SKIP","floor":12},{"not_picked":["Barrage","Reinforced Body"],"picked":"Glacier","floor":14},{"not_picked":["All For One","Core Surge"],"picked":"Electrodynamics","floor":16},{"not_picked":["Beam Cell","Skim+1"],"picked":"Cold Snap+1","floor":18},{"not_picked":["Hologram","Ball Lightning"],"picked":"Coolheaded","floor":20},{"not_picked":["Lockon","Compile Driver"],"picked":"Stack","floor":21}],"player_experience":380110,"relics_obtained":[{"floor":9,"key":"Sundial"},{"floor":13,"key":"Gremlin Horn"},{"floor":20,"key":"Nunchaku"},{"floor":20,"key":"Shuriken"}],"event_choices":[{"damage_healed":0,"gold_gain":0,"player_choice":"Entered Light","damage_taken":15,"max_hp_gain":0,"max_hp_loss":0,"event_name":"Shining Light","floor":8,"gold_loss":0,"cards_upgraded":["Reinforced Body","Defend_B"]},{"damage_healed":0,"gold_gain":0,"player_choice":"Opened","damage_taken":0,"relics_obtained":["Boot"],"max_hp_gain":0,"max_hp_loss":0,"event_name":"The Mausoleum","floor":19,"gold_loss":0,"cards_obtained":["Writhe"]},{"damage_healed":0,"gold_gain":0,"player_choice":"Fight","damage_taken":0,"max_hp_gain":0,"max_hp_loss":0,"event_name":"Colosseum","floor":20,"gold_loss":0},{"damage_healed":0,"gold_gain":0,"player_choice":"Fought Nobs","damage_taken":0,"max_hp_gain":0,"max_hp_loss":0,"event_name":"Colosseum","floor":20,"gold_loss":0}],"is_beta":false,"boss_relics":[{"not_picked":["Ectoplasm","Philosopher\u0027s Stone"],"picked":"Black Star"}],"items_purged_floors":[22,24],"is_endless":false,"potions_floor_spawned":[2,7,11,12,21],"killed_by":"Book of Stabbing","ascension_level":8}