{"gold_per_floor":[110,110,121,134,154,189,189,203,203,203,221,221,238,249,249,327,327,344,360,360,460,345,345,345],"floor_reached":24,"playtime":1490,"items_purged":["Strike_B"],"score":330,"play_id":"c3d7dcbc-4042-4480-9c61-5e8438077f78","local_time":"20190205211047","is_ascension_mode":true,"campfire_choices":[{"data":"Zap","floor":7.0,"key":"SMITH"},{"floor":10.0,"key":"REST"},{"data":"Fusion","floor":12.0,"key":"SMITH"},{"data":"Dualcast","floor":15.0,"key":"SMITH"},{"floor":23,"key":"REST"}],"neow_cost":"NONE","seed_source_timestamp":2268447310243268,"circlet_count":0,"master_deck":["AscendersBane","Defend_B","Defend_B","Defend_B","Defend_B","Zap+1","Dualcast+1","Cold Snap","All For One","Glacier","Darkness","Compile Driver","Ball Lightning","Rebound","Fusion+1","Core Surge","Doom and Gloom","Creative AI","Go for the Eyes+1","Coolheaded","Self Repair","Self Repair"],"special_seed":0,"relics":["Cracked Core","NeowsBlessing","Anchor","Bottled Lightning","Nuclear Battery"],"potions_floor_usage":[24],"damage_taken":[{"damage":0.0,"enemies":"Jaw Worm","floor":1.0,"turns":1.0},{"damage":0.0,"enemies":"Cultist","floor":3.0,"turns":1.0},{"damage":0.0,"enemies":"2 Louse","floor":4.0,"turns":1.0},{"damage":19.0,"enemies":"Exordium Thugs","floor":5.0,"turns":7.0},{"damage":21.0,"enemies":"3 Sentries","floor":6.0,"turns":9.0},{"damage":0.0,"enemies":"Blue Slaver","floor":8.0,"turns":3.0},{"damage":0.0,"enemies":"Exordium Wildlife","floor":11.0,"turns":3.0},{"damage":0.0,"enemies":"2 Fungi Beasts","floor":13.0,"turns":2.0},{"damage":0.0,"enemies":"3 Louse","floor":14.0,"turns":4.0},{"damage":46.0,"enemies":"Hexaghost","floor":16.0,"turns":10.0},{"damage":18,"enemies":"Shell Parasite","floor":18,"turns":9},{"damage":20,"enemies":"3 Byrds","floor":19,"turns":5},{"damage":44,"enemies":"Book of Stabbing","floor":24,"turns":5}],"seed_played":"6017026102804835897","potions_obtained":[{"floor":3.0,"key":"AttackPotion"},{"floor":5.0,"key":"SkillPotion"},{"floor":8.0,"key":"Energy Potion"},{"floor":13.0,"key":"Dexterity Potion"},{"floor":14.0,"key":"Weak Potion"}],"is_trial":false,"path_per_floor":["M","?","M","M","M","E","R","M","T","R","M","R","M","M","R","B",null,"M","M","?","?","$","R","E"],"character_chosen":"DEFECT","items_purchased":["Self Repair"],"campfire_rested":2,"item_purchase_floors":[22],"current_hp_per_floor":[68,68,68,68,49,28,28,28,28,50,50,50,50,50,50,4,57,39,19,19,19,19,41,0],"gold":345,"neow_bonus":"THREE_ENEMY_KILL","is_prod":false,"is_daily":false,"chose_seed":false,"campfire_upgraded":3,"win_rate":0,"timestamp":1549368647,"path_taken":["M","?","M","?","?","E","R","M","T","R","M","R","M","M","R","BOSS","M","M","?","?","$","R","E"],"build_version":"2019-01-23","purchased_purges":1,"victory":false,"max_hp_per_floor":[75,75,75,75,75,75,75,75,75,75,75,75,75,75,75,75,75,75,75,75,75,75,75,75],"card_choices":[{"not_picked":["Redo","Tempest"],"picked":"Cold Snap","floor":1.0},{"not_picked":["Steam","Beam Cell"],"picked":"Glacier","floor":3.0},{"not_picked":["Steam","Reprogram"],"picked":"Darkness","floor":4.0},{"not_picked":["Self Repair","Streamline"],"picked":"Compile Driver","floor":5.0},{"not_picked":["Hello World","Leap"],"picked":"Ball Lightning","floor":6.0},{"not_picked":["Steam Power","Heatsinks"],"picked":"Rebound","floor":8.0},{"not_picked":["Lockon","Loop"],"picked":"Fusion","floor":11.0},{"not_picked":["Rip and Tear","White Noise"],"picked":"Core Surge","floor":13.0},{"not_picked":["Leap","Gash"],"picked":"Doom and Gloom","floor":14.0},{"not_picked":["Fission","Buffer"],"picked":"Creative AI","floor":16.0},{"not_picked":["Scrape","Barrage"],"picked":"Go for the Eyes+1","floor":18},{"not_picked":["Rebound","Redo","Glacier"],"picked":"SKIP","floor":19}],"player_experience":543829,"relics_obtained":[{"floor":6.0,"key":"Anchor"},{"floor":9.0,"key":"Bottled Lightning"}],"event_choices":[{"damage_healed":0.0,"max_hp_gain":0.0,"max_hp_loss":0.0,"gold_gain":0.0,"cards_transformed":["Strike_B"],"event_name":"Transmorgrifier","player_choice":"Transformed","floor":2.0,"gold_loss":0.0,"damage_taken":0.0,"cards_obtained":["All For One"]},{"damage_healed":0,"gold_gain":0,"cards_transformed":["Strike_B","Strike_B"],"player_choice":"Became Test Subject","damage_taken":0,"max_hp_gain":0,"max_hp_loss":0,"event_name":"Drug Dealer","floor":20,"gold_loss":0,"cards_obtained":["Coolheaded","Self Repair"]},{"damage_healed":0,"gold_gain":100,"player_choice":"Pray","damage_taken":0,"max_hp_gain":0,"max_hp_loss":0,"event_name":"Golden Shrine","floor":21,"gold_loss":0}],"is_beta":false,"boss_relics":[{"not_picked":["Pandora\u0027s Box","Runic Pyramid"],"picked":"Nuclear Battery"}],"items_purged_floors":[22],"is_endless":false,"potions_floor_spawned":[3,5,8,13,14],"killed_by":"Book of Stabbing","ascension_level":13}