{"gold_per_floor":[110,130,130,130,130,157,157,177,229,229,264,264,279,314,314,391,391,409,419,419,519,43,43,61,88,115,15,15,15,15,31,31,31],"floor_reached":33,"playtime":1699,"items_purged":["Pain","Strike_R"],"score":659,"play_id":"8f339f62-edd8-4c9c-a0a5-e5da444274a9","local_time":"20190522115405","is_ascension_mode":true,"campfire_choices":[{"data":"Anger","floor":7.0,"key":"SMITH"},{"data":"Bash","floor":10.0,"key":"SMITH"},{"data":"Thunderclap","floor":12.0,"key":"SMITH"},{"data":"Uppercut","floor":15.0,"key":"SMITH"},{"data":"Double Tap","floor":23.0,"key":"SMITH"},{"floor":30.0,"key":"REST"},{"floor":32.0,"key":"REST"}],"neow_cost":"NONE","seed_source_timestamp":271666935047961,"circlet_count":0,"master_deck":["AscendersBane","Defend_R","Defend_R","Defend_R","Defend_R","Bash+1","Anger+1","Dropkick","Sever Soul","Thunderclap+1","Shrug It Off","Uppercut+1","Double Tap+1","Flame Barrier+1","Power Through+1","Dropkick+1","Searing Blow+1","Metallicize","Sever Soul","Dropkick","Shockwave","Seeing Red"],"special_seed":0,"relics":["Burning Blood","NeowsBlessing","WarpedTongs","Orichalcum","Potion Belt","Dead Branch","Red Skull","Astrolabe","Turnip","Shuriken","Mummified Hand","Bag of Preparation"],"potions_floor_usage":[],"damage_taken":[{"damage":0.0,"enemies":"2 Louse","floor":1.0,"turns":1.0},{"damage":0.0,"enemies":"Jaw Worm","floor":2.0,"turns":1.0},{"damage":0.0,"enemies":"Gremlin Nob","floor":6.0,"turns":1.0},{"damage":3.0,"enemies":"Cultist","floor":8.0,"turns":3.0},{"damage":27.0,"enemies":"Lagavulin","floor":11.0,"turns":6.0},{"damage":4.0,"enemies":"2 Fungi Beasts","floor":13.0,"turns":4.0},{"damage":19.0,"enemies":"3 Sentries","floor":14.0,"turns":8.0},{"damage":1.0,"enemies":"Slime Boss","floor":16.0,"turns":6.0},{"damage":22.0,"enemies":"Spheric Guardian","floor":18.0,"turns":5.0},{"damage":31.0,"enemies":"3 Byrds","floor":19.0,"turns":5.0},{"damage":3.0,"enemies":"Colosseum Slavers","floor":21.0,"turns":6.0},{"damage":12.0,"enemies":"Colosseum Nobs","floor":21.0,"turns":6.0},{"damage":10.0,"enemies":"Snecko","floor":24.0,"turns":4.0},{"damage":37.0,"enemies":"Slavers","floor":25.0,"turns":6.0},{"damage":8.0,"enemies":"Snake Plant","floor":31.0,"turns":4.0},{"damage":59,"enemies":"Champ","floor":33,"turns":7}],"seed_played":"8696343565525623730","potions_obtained":[{"floor":8.0,"key":"Regen Potion"},{"floor":11.0,"key":"Block Potion"},{"floor":16.0,"key":"Swift Potion"},{"floor":18.0,"key":"SneckoOil"}],"is_trial":false,"path_per_floor":["M","M","?","$","?","E","R","M","T","R","E","R","M","E","R","B",null,"M","M","?","?","$","R","M","E","T","$","?","$","R","M","R","B"],"character_chosen":"IRONCLAD","items_purchased":["Mummified Hand","Metallicize","Sever Soul"],"campfire_rested":2,"item_purchase_floors":[22,22,22],"current_hp_per_floor":[74,75,68,68,68,74,74,75,75,75,54,54,56,43,43,48,68,52,39,54,51,51,51,47,16,16,16,16,16,38,36,58,0],"gold":31,"neow_bonus":"THREE_ENEMY_KILL","is_prod":false,"is_daily":false,"chose_seed":false,"campfire_upgraded":5,"win_rate":0,"timestamp":1558493645,"path_taken":["M","M","?","$","?","E","R","M","T","R","E","R","M","E","R","BOSS","M","?","?","?","$","R","M","E","T","?","?","$","R","M","R","BOSS"],"build_version":"2019-05-07","purchased_purges":2,"victory":false,"max_hp_per_floor":[75,75,75,75,75,75,75,75,75,75,75,75,75,75,75,75,75,75,75,75,75,75,75,75,75,75,75,75,75,75,75,75,75],"card_choices":[{"not_picked":["Seeing Red","Heavy Blade"],"picked":"Anger","floor":1.0},{"not_picked":["Clash","Wild Strike","Blood for Blood"],"picked":"SKIP","floor":2.0},{"not_picked":["Clash","Cleave"],"picked":"Dropkick","floor":6.0},{"not_picked":["Havoc","Thunderclap"],"picked":"Sever Soul","floor":8.0},{"not_picked":["Cleave","Iron Wave"],"picked":"Thunderclap","floor":11.0},{"not_picked":["Cleave","Perfected Strike"],"picked":"Shrug It Off","floor":13.0},{"not_picked":["Disarm","Shrug It Off"],"picked":"Uppercut","floor":14.0},{"not_picked":["Immolate","Exhume"],"picked":"Double Tap","floor":16.0},{"not_picked":["Clothesline","Body Slam"],"picked":"Searing Blow+1","floor":18.0},{"not_picked":["Iron Wave","Heavy Blade","Combust"],"picked":"SKIP","floor":19.0},{"not_picked":["Perfected Strike+1","Burning Pact"],"picked":"Dropkick","floor":24.0},{"not_picked":["Iron Wave","Limit Break"],"picked":"Shockwave","floor":25.0},{"not_picked":["Thunderclap","Rage"],"picked":"Seeing Red","floor":31.0}],"player_experience":3306754,"relics_obtained":[{"floor":6.0,"key":"Orichalcum"},{"floor":9.0,"key":"Potion Belt"},{"floor":11.0,"key":"Dead Branch"},{"floor":14.0,"key":"Red Skull"},{"floor":21.0,"key":"Turnip"},{"floor":21.0,"key":"Shuriken"},{"floor":25.0,"key":"Bag of Preparation"}],"event_choices":[{"cards_removed":["Strike_R"],"damage_healed":0.0,"max_hp_gain":0.0,"max_hp_loss":0.0,"gold_gain":0.0,"event_name":"Golden Wing","player_choice":"Card Removal","floor":3.0,"gold_loss":0.0,"damage_taken":7.0},{"damage_healed":0.0,"max_hp_gain":0.0,"max_hp_loss":0.0,"gold_gain":0.0,"event_name":"Accursed Blacksmith","player_choice":"Rummage","floor":5.0,"gold_loss":0.0,"damage_taken":0.0,"relics_obtained":["WarpedTongs"],"cards_obtained":["Pain"]},{"damage_healed":15.0,"max_hp_gain":0.0,"max_hp_loss":0.0,"gold_gain":0.0,"event_name":"The Library","player_choice":"Heal","floor":20.0,"gold_loss":0.0,"damage_taken":0.0},{"damage_healed":0.0,"max_hp_gain":0.0,"max_hp_loss":0.0,"gold_gain":0.0,"event_name":"Colosseum","player_choice":"Fight","floor":21.0,"gold_loss":0.0,"damage_taken":0.0},{"damage_healed":0.0,"max_hp_gain":0.0,"max_hp_loss":0.0,"gold_gain":0.0,"event_name":"Colosseum","player_choice":"Fought Nobs","floor":21.0,"gold_loss":0.0,"damage_taken":0.0},{"damage_healed":0.0,"max_hp_gain":0.0,"max_hp_loss":0.0,"gold_gain":0.0,"event_name":"FaceTrader","player_choice":"Leave","floor":28.0,"gold_loss":0.0,"damage_taken":0.0}],"is_beta":true,"boss_relics":[{"not_picked":["Busted Crown","Velvet Choker"],"picked":"Astrolabe"}],"items_purged_floors":[22,27],"is_endless":false,"potions_floor_spawned":[8,11,16,18],"killed_by":"Champ","ascension_level":17}