{"gold_per_floor":[13,28,28,28,47,47,59,59,82,116,116,116,146,221,221,299,299,309,141,191,211,228,228,242,6,36,36,49,66,77,89,89,89],"floor_reached":33,"playtime":1639,"items_purged":["Strike_R"],"score":453,"play_id":"44afd413-1bf5-4b05-9e0b-97d8426d293a","local_time":"20181209030826","is_ascension_mode":true,"campfire_choices":[{"data":"Bash","floor":6.0,"key":"SMITH"},{"data":"Inflame","floor":8.0,"key":"SMITH"},{"data":"Feed","floor":15.0,"key":"SMITH"},{"floor":23.0,"key":"REST"},{"floor":27.0,"key":"REST"},{"data":"Double Tap","floor":32,"key":"SMITH"}],"neow_cost":"NO_GOLD","seed_source_timestamp":441804228591263,"circlet_count":0,"master_deck":["AscendersBane","Strike_R","Strike_R","Strike_R","Defend_R+1","Defend_R","Defend_R","Defend_R+1","Bash+1","Dropkick","Inflame+1","Cleave","Anger","Shockwave","Feed+1","Double Tap+1","Flex","Seeing Red","Anger","Madness","Seeing Red","Corruption","Limit Break","Anger"],"special_seed":0,"relics":["Burning Blood","Unceasing Top","War Paint","Vajra","Matryoshka","Lizard Tail","Tiny Chest","Pantograph"],"potions_floor_usage":[31],"damage_taken":[{"damage":6.0,"enemies":"Cultist","floor":1.0,"turns":3.0},{"damage":8.0,"enemies":"Jaw Worm","floor":2.0,"turns":5.0},{"damage":1.0,"enemies":"2 Louse","floor":5.0,"turns":3.0},{"damage":13.0,"enemies":"Lots of Slimes","floor":7.0,"turns":3.0},{"damage":26.0,"enemies":"3 Sentries","floor":10.0,"turns":7.0},{"damage":3.0,"enemies":"Lagavulin","floor":13.0,"turns":6.0},{"damage":27.0,"enemies":"Slime Boss","floor":16.0,"turns":8.0},{"damage":27.0,"enemies":"Spheric Guardian","floor":18.0,"turns":5.0},{"damage":13.0,"enemies":"Chosen","floor":21.0,"turns":4.0},{"damage":33.0,"enemies":"Snecko","floor":22.0,"turns":6.0},{"damage":37.0,"enemies":"Cultist and Chosen","floor":24.0,"turns":5.0},{"damage":14.0,"enemies":"Centurion and Healer","floor":28.0,"turns":6.0},{"damage":21.0,"enemies":"Snake Plant","floor":29.0,"turns":4.0},{"damage":10.0,"enemies":"Snecko","floor":30.0,"turns":4.0},{"damage":33,"enemies":"Sentry and Sphere","floor":31,"turns":4},{"damage":83,"enemies":"Automaton","floor":33,"turns":6}],"seed_played":"6687566522664646250","potions_obtained":[{"floor":2.0,"key":"Strength Potion"},{"floor":4.0,"key":"SteroidPotion"},{"floor":7.0,"key":"BloodPotion"},{"floor":10.0,"key":"Block Potion"},{"floor":18.0,"key":"BloodPotion"},{"floor":28.0,"key":"Ancient Potion"}],"is_trial":false,"path_per_floor":["M","M","$","?","M","R","M","R","T","E","?","?","E","?","R","B",null,"M","$","?","M","M","R","M","$","T","R","M","M","M","M","R","B"],"character_chosen":"IRONCLAD","items_purchased":["Flex","Seeing Red","Madness","Seeing Red","BloodPotion"],"campfire_rested":2,"item_purchase_floors":[19,19,25,25,25],"current_hp_per_floor":[68,66,66,66,71,71,64,64,64,51,51,51,54,43,43,22,62,41,41,41,38,11,34,14,14,14,38,30,15,15,49,49,0],"gold":89,"neow_bonus":"ONE_RARE_RELIC","is_prod":false,"is_daily":false,"chose_seed":false,"campfire_upgraded":4,"win_rate":0,"timestamp":1544292506,"path_taken":["M","M","$","?","?","R","M","R","T","E","?","?","E","?","R","BOSS","M","$","?","M","M","R","M","$","T","R","?","M","M","M","R","BOSS"],"build_version":"2018-12-06","purchased_purges":1,"victory":false,"max_hp_per_floor":[75,75,75,75,75,75,75,75,75,75,75,75,75,75,75,75,75,75,75,75,79,79,79,83,83,83,83,83,83,87,87,87,87],"card_choices":[{"not_picked":["Warcry","Infernal Blade"],"picked":"Dropkick","floor":1.0},{"not_picked":["Rampage","Headbutt"],"picked":"Inflame","floor":2.0},{"not_picked":["Disarm","Perfected Strike"],"picked":"Cleave","floor":5.0},{"not_picked":["Armaments","Flex"],"picked":"Anger","floor":7.0},{"not_picked":["Spot Weakness","Perfected Strike"],"picked":"Shockwave","floor":10.0},{"not_picked":["Pommel Strike","Spot Weakness"],"picked":"Feed","floor":13.0},{"not_picked":["Feed","Bludgeon"],"picked":"Double Tap","floor":16.0},{"not_picked":["Clash","Body Slam","Blood for Blood"],"picked":"SKIP","floor":18.0},{"not_picked":["Havoc","Evolve","Cleave"],"picked":"SKIP","floor":21.0},{"not_picked":["Iron Wave","Spot Weakness","Berserk"],"picked":"SKIP","floor":22.0},{"not_picked":["Headbutt","Wild Strike"],"picked":"Anger","floor":24.0},{"not_picked":["Cleave","Hemokinesis"],"picked":"Corruption","floor":28.0},{"not_picked":["Intimidate","Entrench"],"picked":"Limit Break","floor":29.0},{"not_picked":["Perfected Strike","Shockwave"],"picked":"Anger","floor":30.0},{"not_picked":["Warcry","Armaments","Battle Trance"],"picked":"SKIP","floor":31}],"player_experience":2533141,"relics_obtained":[{"floor":9.0,"key":"War Paint"},{"floor":10.0,"key":"Vajra"},{"floor":13.0,"key":"Matryoshka"},{"floor":26.0,"key":"Tiny Chest"},{"floor":26.0,"key":"Pantograph"}],"event_choices":[{"damage_healed":0.0,"max_hp_gain":0.0,"max_hp_loss":0.0,"gold_gain":0.0,"event_name":"Lab","player_choice":"Got Potions","floor":4.0,"gold_loss":0.0,"damage_taken":0.0},{"damage_healed":0.0,"max_hp_gain":0.0,"max_hp_loss":0.0,"gold_gain":0.0,"event_name":"Liars Game","player_choice":"Ignored","floor":11.0,"gold_loss":0.0,"damage_taken":0.0},{"cards_removed":["Strike_R"],"damage_healed":0.0,"max_hp_gain":0.0,"max_hp_loss":0.0,"gold_gain":0.0,"event_name":"Living Wall","player_choice":"Forget","floor":12.0,"gold_loss":0.0,"damage_taken":0.0},{"damage_healed":0.0,"max_hp_gain":0.0,"max_hp_loss":0.0,"gold_gain":75.0,"event_name":"World of Goop","player_choice":"Gather Gold","floor":14.0,"gold_loss":0.0,"damage_taken":11.0},{"damage_healed":0.0,"max_hp_gain":0.0,"max_hp_loss":0.0,"gold_gain":100.0,"event_name":"The Joust","player_choice":"Bet on Murderer","floor":20.0,"gold_loss":50.0,"damage_taken":0.0}],"is_beta":true,"boss_relics":[{"not_picked":["Mark of Pain","Snecko Eye"],"picked":"Lizard Tail"}],"items_purged_floors":[19],"is_endless":false,"potions_floor_spawned":[2,7,10,18,28,29],"killed_by":"Automaton","ascension_level":15}