{"gold_per_floor":[110,123,42,192,192,192,42,42,67,95,95,115,115,126,126,126],"floor_reached":16,"playtime":676,"items_purged":["Doubt"],"score":196,"play_id":"2e21ba0a-5c54-488d-bfa5-0795f90ca417","local_time":"20190307104102","is_ascension_mode":true,"campfire_choices":[{"data":"Neutralize","floor":6,"key":"SMITH"},{"floor":8,"key":"REST"},{"floor":11,"key":"REST"},{"data":"Footwork","floor":13,"key":"SMITH"},{"data":"Reflex","floor":15,"key":"SMITH"}],"neow_cost":"TEN_PERCENT_HP_LOSS","seed_source_timestamp":640568370905320,"circlet_count":0,"master_deck":["AscendersBane","Defend_G","Defend_G","Defend_G","Defend_G","Defend_G","Strike_G","Strike_G","Strike_G","Survivor","Neutralize+1","Accuracy","Concentrate","Tactician","Infinite Blades","After Image+1","Footwork+1","Reflex+1","Reflex","Noxious Fumes"],"relics":["Ring of the Snake","Smiling Mask"],"potions_floor_usage":[10,14],"damage_taken":[{"damage":19,"enemies":"Cultist","floor":1,"turns":7},{"damage":10,"enemies":"Small Slimes","floor":2,"turns":7},{"damage":30,"enemies":"Lagavulin","floor":10,"turns":15},{"damage":0,"enemies":"2 Louse","floor":12,"turns":5},{"damage":8,"enemies":"Lots of Slimes","floor":14,"turns":5},{"damage":39,"enemies":"Slime Boss","floor":16,"turns":11}],"seed_played":"-6257666443261152971","potions_obtained":[{"floor":1,"key":"SteroidPotion"},{"floor":10,"key":"Ancient Potion"},{"floor":12,"key":"AttackPotion"}],"is_trial":false,"path_per_floor":["M","M","$","?","?","R","$","R","T","E","R","M","R","M","R","B"],"character_chosen":"THE_SILENT","items_purchased":["After Image","Footwork"],"campfire_rested":2,"item_purchase_floors":[3,7],"current_hp_per_floor":[40,30,30,30,30,30,30,48,48,18,36,36,36,28,28,0],"gold":126,"neow_bonus":"TRANSFORM_TWO_CARDS","is_prod":false,"is_daily":false,"chose_seed":false,"campfire_upgraded":3,"win_rate":0,"timestamp":1551922862,"path_taken":["M","?","$","?","?","R","$","R","T","E","R","M","R","M","R","BOSS"],"build_version":"2019-02-06","purchased_purges":1,"victory":false,"max_hp_per_floor":[60,60,60,60,60,60,60,60,60,60,60,60,60,60,60,60],"card_choices":[{"not_picked":["Bane","Eviscerate"],"picked":"Tactician","floor":1},{"not_picked":["All Out Attack","Skewer"],"picked":"Infinite Blades","floor":2},{"not_picked":["Prepared","Catalyst"],"picked":"Reflex","floor":10},{"not_picked":["Backflip","Bane"],"picked":"Reflex","floor":12},{"not_picked":["Poisoned Stab","Quick Slash"],"picked":"Noxious Fumes","floor":14}],"player_experience":2644095,"relics_obtained":[{"floor":10,"key":"Smiling Mask"}],"event_choices":[{"damage_healed":0,"gold_gain":150,"player_choice":"AGREE","damage_taken":0,"max_hp_gain":0,"max_hp_loss":0,"event_name":"Liars Game","floor":4,"gold_loss":0,"cards_obtained":["Doubt"]},{"damage_healed":0,"gold_gain":0,"player_choice":"Upgraded","damage_taken":0,"max_hp_gain":0,"max_hp_loss":0,"event_name":"Upgrade Shrine","floor":5,"gold_loss":0,"cards_upgraded":["After Image"]}],"is_beta":true,"boss_relics":[],"items_purged_floors":[7],"is_endless":false,"potions_floor_spawned":[1,10,12],"killed_by":"Slime Boss","ascension_level":20}