{"gold_per_floor":[11,29,29,29,43,43,15,15,69,85,85,95,105,131,131,131],"floor_reached":16,"playtime":731,"items_purged":[],"score":204,"play_id":"27c3662e-b948-45ba-a088-d2caaafdc25e","local_time":"20190411215153","is_ascension_mode":true,"campfire_choices":[{"data":"Neutralize","floor":6,"key":"SMITH"},{"data":"Endless Agony","floor":8,"key":"SMITH"},{"data":"Flying Knee","floor":11,"key":"SMITH"},{"data":"Footwork","floor":15,"key":"SMITH"}],"neow_cost":"NO_GOLD","seed_source_timestamp":3704711777847605,"circlet_count":0,"master_deck":["AscendersBane","Defend_G","Defend_G","Defend_G","Defend_G","Defend_G","Strike_G","Strike_G","Survivor","Neutralize+1","Backstab","PiercingWail","Endless Agony+1","Flying Knee+1","Dagger Throw","Predator","Noxious Fumes","Footwork+1"],"relics":["Ring of the Snake","Regal Pillow","Bronze Scales"],"potions_floor_usage":[5,16],"damage_taken":[{"damage":0,"enemies":"2 Louse","floor":1,"turns":5},{"damage":2,"enemies":"Jaw Worm","floor":2,"turns":4},{"damage":12,"enemies":"Cultist","floor":5,"turns":7},{"damage":2,"enemies":"Red Slaver","floor":10,"turns":4},{"damage":4,"enemies":"2 Fungi Beasts","floor":12,"turns":3},{"damage":7,"enemies":"Large Slime","floor":13,"turns":6},{"damage":22,"enemies":"3 Sentries","floor":14,"turns":7},{"damage":25,"enemies":"Slime Boss","floor":16,"turns":8}],"seed_played":"-8400289148773046928","potions_obtained":[{"floor":2,"key":"Regen Potion"},{"floor":5,"key":"SneckoOil"},{"floor":14,"key":"SteroidPotion"}],"is_trial":false,"path_per_floor":["M","M","?","?","M","R","$","R","T","M","R","M","M","E","R","B"],"character_chosen":"THE_SILENT","items_purchased":["Flying Knee"],"campfire_rested":0,"item_purchase_floors":[7],"current_hp_per_floor":[59,57,50,55,58,58,58,58,58,56,56,52,45,23,23,0],"gold":131,"neow_bonus":"REMOVE_TWO","is_prod":false,"is_daily":false,"chose_seed":false,"campfire_upgraded":4,"win_rate":0,"timestamp":1554987113,"path_taken":["M","M","?","?","M","R","?","R","T","M","R","?","M","E","R","BOSS"],"build_version":"2019-04-04","purchased_purges":0,"victory":false,"max_hp_per_floor":[66,66,66,71,71,71,71,71,71,71,71,71,71,71,71,71],"card_choices":[{"not_picked":["Prepared","Dagger Throw"],"picked":"Backstab","floor":1},{"not_picked":["Quick Slash","Sucker Punch"],"picked":"PiercingWail","floor":2},{"not_picked":["Bouncing Flask","Bane"],"picked":"Endless Agony","floor":5},{"not_picked":["Prepared","Deadly Poison"],"picked":"Dagger Throw","floor":10},{"not_picked":["Crippling Poison","Heel Hook"],"picked":"Predator","floor":12},{"not_picked":["Bane","Backstab"],"picked":"Noxious Fumes","floor":13},{"not_picked":["Noxious Fumes","Riddle With Holes"],"picked":"Footwork","floor":14}],"player_experience":2896976,"relics_obtained":[{"floor":9,"key":"Regal Pillow"},{"floor":14,"key":"Bronze Scales"}],"event_choices":[{"cards_removed":["Strike_G"],"damage_healed":0,"gold_gain":0,"player_choice":"Card Removal","damage_taken":7,"max_hp_gain":0,"max_hp_loss":0,"event_name":"Golden Wing","floor":3,"gold_loss":0},{"damage_healed":0,"gold_gain":0,"player_choice":"Donut","damage_taken":0,"max_hp_gain":5,"max_hp_loss":0,"event_name":"Big Fish","floor":4,"gold_loss":0}],"is_beta":true,"boss_relics":[],"items_purged_floors":[],"is_endless":false,"potions_floor_spawned":[2,5,14],"killed_by":"Slime Boss","ascension_level":20}