{"gold_per_floor":[114,130,130,130,146,146,180,180,180,48,48,6,6,17,17,94,144,162,162,87,104,154,154,185,203,229,229],"floor_reached":27,"playtime":1453,"items_purged":["Clumsy"],"score":547,"play_id":"46df9ca2-7485-4c63-bcc1-21762032f3d2","local_time":"20190519141228","is_ascension_mode":true,"campfire_choices":[{"data":"Apotheosis","floor":6.0,"key":"SMITH"},{"data":"Seeing Red","floor":11.0,"key":"SMITH"},{"data":"Warcry","floor":13.0,"key":"SMITH"},{"floor":15.0,"key":"REST"},{"data":"Warcry","floor":23,"key":"SMITH"}],"neow_cost":"CURSE","seed_source_timestamp":97343048934410,"circlet_count":0,"master_deck":["AscendersBane","Strike_R","Strike_R","Strike_R","Strike_R+1","Strike_R","Defend_R","Defend_R","Defend_R","Defend_R","Bash","Apotheosis+1","Discovery+1","Seeing Red+1","Limit Break","Headbutt","Warcry+1","Warcry+1","Battle Trance","Spot Weakness","Shrug It Off","Feed","Shrug It Off","Havoc","Feel No Pain+1"],"special_seed":0,"relics":["Burning Blood","Frozen Egg 2","Paper Frog","Tiny House","Self Forming Clay","Dream Catcher"],"potions_floor_usage":[16,18,21,24],"damage_taken":[{"damage":2.0,"enemies":"Cultist","floor":1.0,"turns":4.0},{"damage":16.0,"enemies":"2 Louse","floor":2.0,"turns":3.0},{"damage":5.0,"enemies":"Small Slimes","floor":5.0,"turns":4.0},{"damage":18.0,"enemies":"3 Sentries","floor":7.0,"turns":7.0},{"damage":8.0,"enemies":"Blue Slaver","floor":14.0,"turns":3.0},{"damage":0,"enemies":"The Guardian","floor":16,"turns":17},{"damage":17,"enemies":"Spheric Guardian","floor":18,"turns":7},{"damage":7,"enemies":"Chosen","floor":21,"turns":6},{"damage":46,"enemies":"Slavers","floor":24,"turns":7},{"damage":26,"enemies":"Snecko","floor":25,"turns":5},{"damage":24,"enemies":"Gremlin Leader","floor":27,"turns":4}],"seed_played":"7162402072851397513","potions_obtained":[{"floor":5.0,"key":"PowerPotion"},{"floor":14.0,"key":"Fire Potion"},{"floor":16,"key":"Ancient Potion"},{"floor":21,"key":"SteroidPotion"}],"is_trial":false,"path_per_floor":["M","M","?","?","M","R","E","?","T","$","R","$","R","M","R","B",null,"M","?","$","M","?","R","E","M","T","E"],"character_chosen":"IRONCLAD","items_purchased":["Warcry","Battle Trance","Spot Weakness"],"campfire_rested":1,"item_purchase_floors":[10,10,12],"current_hp_per_floor":[72,62,62,62,63,63,51,51,51,51,51,51,51,49,71,75,80,69,69,69,68,68,68,32,16,16,0],"gold":229,"neow_bonus":"RANDOM_COLORLESS_2","is_prod":false,"is_daily":false,"chose_seed":false,"campfire_upgraded":4,"win_rate":0,"timestamp":1558264348,"path_taken":["M","?","?","?","?","R","E","?","T","$","R","$","R","M","R","BOSS","M","?","$","M","?","R","E","?","T","E"],"build_version":"2019-01-23","purchased_purges":1,"victory":false,"max_hp_per_floor":[75,75,75,75,75,75,75,75,75,75,75,75,75,75,75,75,80,80,80,80,80,80,80,84,88,88,88],"card_choices":[{"not_picked":["Wild Strike","Sword Boomerang","Anger"],"picked":"SKIP","floor":1.0},{"not_picked":["Wild Strike","Evolve","Clash"],"picked":"SKIP","floor":2.0},{"not_picked":["Inflame","Body Slam"],"picked":"Headbutt","floor":5.0},{"not_picked":["Shrug It Off","Impervious"],"picked":"Warcry","floor":7.0},{"not_picked":["Power Through","Sword Boomerang"],"picked":"Shrug It Off","floor":14.0},{"not_picked":["Immolate","Bludgeon"],"picked":"Feed","floor":16},{"not_picked":["Rampage","Armaments"],"picked":"Shrug It Off","floor":17},{"not_picked":["Wild Strike","Hemokinesis+1","Clash"],"picked":"SKIP","floor":18},{"not_picked":["Evolve+1","Heavy Blade","Flex"],"picked":"SKIP","floor":21},{"not_picked":["Armaments","Bludgeon"],"picked":"Havoc","floor":24},{"not_picked":["Perfected Strike","Flame Barrier"],"picked":"Feel No Pain+1","floor":25}],"player_experience":1370046,"relics_obtained":[{"floor":7.0,"key":"Frozen Egg 2"},{"floor":9.0,"key":"Paper Frog"},{"floor":24,"key":"Self Forming Clay"},{"floor":26,"key":"Dream Catcher"}],"event_choices":[{"damage_healed":0.0,"max_hp_gain":0.0,"max_hp_loss":0.0,"gold_gain":0.0,"event_name":"Golden Idol","player_choice":"Ignored","floor":3.0,"gold_loss":0.0,"damage_taken":0.0},{"damage_healed":0.0,"max_hp_gain":0.0,"max_hp_loss":0.0,"gold_gain":0.0,"event_name":"Match and Keep!","player_choice":"2 cards matched","floor":4.0,"gold_loss":0.0,"damage_taken":0.0,"cards_obtained":["Seeing Red","Limit Break"]},{"damage_healed":0.0,"max_hp_gain":0.0,"max_hp_loss":0.0,"gold_gain":0.0,"event_name":"Living Wall","player_choice":"Grow","floor":8.0,"gold_loss":0.0,"damage_taken":0.0,"cards_upgraded":["Discovery"]},{"damage_healed":0,"gold_gain":0,"player_choice":"Ignored","damage_taken":0,"max_hp_gain":0,"max_hp_loss":0,"event_name":"Ghosts","floor":19,"gold_loss":0},{"damage_healed":0,"gold_gain":50,"player_choice":"Pray","damage_taken":0,"max_hp_gain":0,"max_hp_loss":0,"event_name":"Golden Shrine","floor":22,"gold_loss":0}],"is_beta":false,"boss_relics":[{"not_picked":["Philosopher\u0027s Stone","Velvet Choker"],"picked":"Tiny House"}],"items_purged_floors":[20],"is_endless":false,"potions_floor_spawned":[5,14,16,21],"killed_by":"Gremlin Leader","ascension_level":16}