{"gold_per_floor":[112,40,55,70,70,70,104,104,104,129,129],"floor_reached":11,"playtime":493,"items_purged":[],"score":163,"play_id":"2d453e3f-ffa6-412b-83e8-0b91b4a5175b","local_time":"20190515211819","is_ascension_mode":true,"campfire_choices":[{"data":"Footwork","floor":6,"key":"SMITH"},{"data":"Neutralize","floor":8,"key":"SMITH"}],"neow_cost":"NONE","seed_source_timestamp":50886282076297,"circlet_count":0,"master_deck":["AscendersBane","Defend_G","Defend_G","Defend_G","Defend_G","Defend_G","Strike_G","Strike_G","Strike_G","Strike_G","Survivor","Neutralize+1","Footwork+1","Caltrops","Poisoned Stab","Deadly Poison","Dagger Spray"],"relics":["Ring of the Snake","Mango","Mummified Hand","Mercury Hourglass"],"potions_floor_usage":[7],"damage_taken":[{"damage":0,"enemies":"Small Slimes","floor":1,"turns":5},{"damage":3,"enemies":"Cultist","floor":3,"turns":5},{"damage":5,"enemies":"2 Louse","floor":4,"turns":4},{"damage":20,"enemies":"3 Sentries","floor":7,"turns":13},{"damage":37,"enemies":"Gremlin Nob","floor":10,"turns":5},{"damage":16,"enemies":"Exordium Wildlife","floor":11,"turns":3}],"seed_played":"-1272690676003386399","potions_obtained":[{"floor":4,"key":"Block Potion"}],"is_trial":false,"path_per_floor":["M","$","M","M","?","R","E","R","T","E","M"],"character_chosen":"THE_SILENT","items_purchased":["Caltrops"],"campfire_rested":0,"item_purchase_floors":[2],"current_hp_per_floor":[65,65,62,57,57,57,51,51,51,14,0],"gold":129,"neow_bonus":"TEN_PERCENT_HP_BONUS","is_prod":false,"is_daily":false,"chose_seed":false,"campfire_upgraded":2,"win_rate":0,"timestamp":1557947899,"path_taken":["M","$","M","M","?","R","E","R","T","E","?"],"build_version":"2019-01-23","purchased_purges":0,"victory":false,"max_hp_per_floor":[72,72,72,72,72,72,86,86,86,86,86],"card_choices":[{"not_picked":["Bane","Outmaneuver"],"picked":"Footwork","floor":1},{"not_picked":["Dagger Throw","Infinite Blades"],"picked":"Poisoned Stab","floor":3},{"not_picked":["Dagger Throw","Slice","Quick Slash"],"picked":"SKIP","floor":4},{"not_picked":["Skewer","Endless Agony"],"picked":"Deadly Poison","floor":7},{"not_picked":["Catalyst","Slice"],"picked":"Dagger Spray","floor":10}],"player_experience":593506,"relics_obtained":[{"floor":7,"key":"Mango"},{"floor":9,"key":"Mummified Hand"},{"floor":10,"key":"Mercury Hourglass"}],"event_choices":[{"cards_removed":["Strike_G"],"damage_healed":0,"gold_gain":0,"player_choice":"Purged","damage_taken":0,"max_hp_gain":0,"max_hp_loss":0,"event_name":"Purifier","floor":5,"gold_loss":0}],"is_beta":false,"boss_relics":[],"items_purged_floors":[],"is_endless":false,"potions_floor_spawned":[4],"killed_by":"Exordium Wildlife","ascension_level":14}