{"gold_per_floor":[211,211,228,244,263,263,275,305,305,339,354,354,354,25,25,99,99,64,64,64,0,0,0,0,13,13,13],"floor_reached":27,"playtime":1475,"items_purged":["Pain"],"score":412,"play_id":"b2b9a286-03de-40ae-b5f8-2a0c486823e4","local_time":"20181216201934","is_ascension_mode":true,"campfire_choices":[{"data":"Bash","floor":6.0,"key":"SMITH"},{"floor":12.0,"key":"REST"},{"data":"1","floor":15.0,"key":"LIFT"},{"floor":23.0,"key":"REST"}],"neow_cost":"NONE","seed_source_timestamp":0,"circlet_count":0,"master_deck":["AscendersBane","Strike_R+1","Strike_R+1","Strike_R+1","Strike_R+1","Strike_R+1","Defend_R+1","Defend_R+1","Defend_R+1","Defend_R+1","Bash+1","Iron Wave","Clothesline","Shrug It Off","Dropkick","Shrug It Off","Shrug It Off","Dual Wield","Evolve","Panacea","Feed"],"special_seed":0,"relics":["Burning Blood","WarpedTongs","Gremlin Horn","Mango","Girya","Oddly Smooth Stone","White Beast Statue","Regal Pillow"],"potions_floor_usage":[27],"damage_taken":[{"damage":6.0,"enemies":"Cultist","floor":1.0,"turns":4.0},{"damage":11.0,"enemies":"2 Louse","floor":3.0,"turns":3.0},{"damage":13.0,"enemies":"Jaw Worm","floor":4.0,"turns":5.0},{"damage":6.0,"enemies":"2 Fungi Beasts","floor":5.0,"turns":4.0},{"damage":7.0,"enemies":"Blue Slaver","floor":7.0,"turns":4.0},{"damage":24.0,"enemies":"3 Sentries","floor":8.0,"turns":9.0},{"damage":32.0,"enemies":"Gremlin Nob","floor":10.0,"turns":6.0},{"damage":14.0,"enemies":"Exordium Thugs","floor":11.0,"turns":8.0},{"damage":29.0,"enemies":"The Guardian","floor":16.0,"turns":15.0},{"damage":26.0,"enemies":"2 Thieves","floor":18.0,"turns":5.0},{"damage":6.0,"enemies":"Chosen","floor":25.0,"turns":7.0},{"damage":77,"enemies":"Gremlin Leader","floor":27,"turns":12}],"seed_played":"7555503797558908815","potions_obtained":[{"floor":4.0,"key":"SpeedPotion"},{"floor":10.0,"key":"AttackPotion"},{"floor":11.0,"key":"Strength Potion"},{"floor":13.0,"key":"Ancient Potion"},{"floor":16.0,"key":"BloodPotion"},{"floor":18.0,"key":"Weak Potion"}],"is_trial":false,"path_per_floor":["M","?","M","M","M","R","M","E","T","E","M","R","?","$","R","B",null,"M","?","?","?","$","R","$","M","T","E"],"character_chosen":"IRONCLAD","items_purchased":["Oddly Smooth Stone","Panacea"],"campfire_rested":2,"item_purchase_floors":[14,14],"current_hp_per_floor":[68,68,63,56,56,56,55,37,51,25,17,43,43,43,43,20,72,64,37,37,37,37,66,66,69,69,0],"gold":13,"neow_bonus":"HUNDRED_GOLD","is_prod":false,"is_daily":false,"chose_seed":false,"campfire_upgraded":1,"win_rate":0,"timestamp":1544959174,"path_taken":["M","?","M","?","M","R","M","E","T","E","M","R","?","$","R","BOSS","M","?","?","?","$","R","?","?","T","E"],"build_version":"2018-12-13","purchased_purges":1,"victory":false,"max_hp_per_floor":[75,75,75,75,75,75,75,75,89,89,89,89,89,89,89,89,89,92,97,97,97,97,97,97,100,100,100],"card_choices":[{"not_picked":["Metallicize","Havoc"],"picked":"Iron Wave","floor":1.0},{"not_picked":["Blood for Blood","Anger"],"picked":"Clothesline","floor":3.0},{"not_picked":["Iron Wave","Perfected Strike"],"picked":"Shrug It Off","floor":4.0},{"not_picked":["Headbutt","Flex"],"picked":"Dropkick","floor":5.0},{"not_picked":["Clash","Havoc"],"picked":"Shrug It Off","floor":7.0},{"not_picked":["Burning Pact","Carnage"],"picked":"Shrug It Off","floor":8.0},{"not_picked":["Anger","Immolate"],"picked":"Dual Wield","floor":10.0},{"not_picked":["Cleave","Anger"],"picked":"Evolve","floor":11.0},{"not_picked":["Fiend Fire","Double Tap"],"picked":"Feed","floor":16.0},{"not_picked":["Twin Strike","Iron Wave","Pummel"],"picked":"SKIP","floor":18.0},{"not_picked":["Clothesline","Sword Boomerang","Immolate"],"picked":"SKIP","floor":25.0}],"player_experience":2557924,"relics_obtained":[{"floor":8.0,"key":"Gremlin Horn"},{"floor":9.0,"key":"Mango"},{"floor":10.0,"key":"Girya"},{"floor":26.0,"key":"Regal Pillow"}],"event_choices":[{"damage_healed":0.0,"max_hp_gain":0.0,"max_hp_loss":0.0,"gold_gain":0.0,"event_name":"Accursed Blacksmith","player_choice":"Rummage","floor":2.0,"gold_loss":0.0,"damage_taken":0.0,"relics_obtained":["WarpedTongs"],"cards_obtained":["Pain"]},{"damage_healed":0.0,"max_hp_gain":0.0,"max_hp_loss":0.0,"gold_gain":0.0,"event_name":"Lab","player_choice":"Got Potions","floor":13.0,"gold_loss":0.0,"damage_taken":0.0},{"damage_healed":0.0,"max_hp_gain":5.0,"max_hp_loss":0.0,"gold_gain":0.0,"event_name":"Forgotten Altar","player_choice":"Shed Blood","floor":19.0,"gold_loss":0.0,"damage_taken":32.0},{"damage_healed":0.0,"max_hp_gain":0.0,"max_hp_loss":0.0,"gold_gain":0.0,"event_name":"Back to Basics","player_choice":"Simplicity","floor":20.0,"gold_loss":0.0,"damage_taken":0.0,"cards_upgraded":["Strike_R","Strike_R","Strike_R","Strike_R","Strike_R","Defend_R","Defend_R","Defend_R","Defend_R"]},{"damage_healed":0.0,"max_hp_gain":0.0,"max_hp_loss":0.0,"gold_gain":0.0,"event_name":"Masked Bandits","player_choice":"Paid Fearfully","floor":21.0,"gold_loss":64.0,"damage_taken":0.0}],"is_beta":true,"boss_relics":[{"not_picked":["Eternal Feather","Orrery"],"picked":"White Beast Statue"}],"items_purged_floors":[14],"is_endless":false,"potions_floor_spawned":[4,10,11,16,18,25],"killed_by":"Gremlin Leader","ascension_level":15}