{"gold_per_floor":[113,133,153,163,163,163,196,196,219,248,262,272,272,287,287,366,366,344,344,364,364,364],"floor_reached":22,"playtime":741,"items_purged":[],"score":496,"play_id":"debceb34-d946-41dc-bb6e-dc9ef8a47309","local_time":"20190303013113","is_ascension_mode":true,"campfire_choices":[{"data":"Dualcast","floor":6.0,"key":"SMITH"},{"data":"Loop","floor":8.0,"key":"SMITH"},{"data":"Consume","floor":15.0,"key":"SMITH"}],"neow_cost":"NONE","seed_source_timestamp":1422759744865100,"circlet_count":0,"master_deck":["AscendersBane","Strike_B","Strike_B","Strike_B","Defend_B","Defend_B","Defend_B","Defend_B","Zap+1","Dualcast+1","Ball Lightning","FTL","Gash","Rebound","Chill","Loop+1","Consume+1","Coolheaded","Thunder Strike","Fission","Melter+1","Chill","Steam"],"special_seed":0,"relics":["Cracked Core","Art of War","Strawberry","Omamori","Eternal Feather"],"potions_floor_usage":[21],"damage_taken":[{"damage":1.0,"enemies":"Cultist","floor":1.0,"turns":3.0},{"damage":7.0,"enemies":"Jaw Worm","floor":2.0,"turns":2.0},{"damage":0.0,"enemies":"Small Slimes","floor":3.0,"turns":2.0},{"damage":8.0,"enemies":"Blue Slaver","floor":4.0,"turns":3.0},{"damage":25.0,"enemies":"3 Sentries","floor":7.0,"turns":6.0},{"damage":8.0,"enemies":"Gremlin Nob","floor":10.0,"turns":3.0},{"damage":7.0,"enemies":"Large Slime","floor":11.0,"turns":4.0},{"damage":0.0,"enemies":"Red Slaver","floor":12.0,"turns":1.0},{"damage":0.0,"enemies":"2 Fungi Beasts","floor":14.0,"turns":4.0},{"damage":0.0,"enemies":"Slime Boss","floor":16.0,"turns":8.0},{"damage":29.0,"enemies":"2 Thieves","floor":18.0,"turns":5.0},{"damage":0.0,"enemies":"Chosen","floor":20.0,"turns":7.0},{"damage":27,"enemies":"Colosseum Slavers","floor":21,"turns":7},{"damage":10,"enemies":"Snecko","floor":22,"turns":2}],"seed_played":"5260512041448692590","potions_obtained":[{"floor":1.0,"key":"Energy Potion"},{"floor":3.0,"key":"Energy Potion"},{"floor":7.0,"key":"Fire Potion"},{"floor":10.0,"key":"AttackPotion"},{"floor":13.0,"key":"AttackPotion"},{"floor":14.0,"key":"AttackPotion"},{"floor":18.0,"key":"Swift Potion"}],"is_trial":false,"path_per_floor":["M","M","M","M","?","R","E","R","T","E","M","M","?","M","R","B",null,"M","?","M","?","M"],"character_chosen":"DEFECT","items_purchased":[],"campfire_rested":0,"item_purchase_floors":[],"current_hp_per_floor":[63,56,56,48,48,48,23,23,30,22,15,15,15,15,15,15,62,33,33,33,6,0],"gold":364,"neow_bonus":"UPGRADE_CARD","is_prod":false,"is_daily":false,"chose_seed":false,"campfire_upgraded":3,"win_rate":0,"timestamp":1551544273,"path_taken":["M","M","?","M","?","R","E","R","T","E","M","M","?","?","R","BOSS","M","?","M","?","M"],"build_version":"2019-01-23","purchased_purges":0,"victory":false,"max_hp_per_floor":[71,71,71,71,71,71,71,71,78,78,78,78,78,78,78,78,78,78,78,78,78,78],"card_choices":[{"not_picked":["Genetic Algorithm","Stack"],"picked":"Ball Lightning","floor":1.0},{"not_picked":["Hologram","Hello World"],"picked":"FTL","floor":2.0},{"not_picked":["Sweeping Beam","Aggregate"],"picked":"Gash","floor":3.0},{"not_picked":["BootSequence","Hologram"],"picked":"Rebound","floor":4.0},{"not_picked":["Turbo","Double Energy"],"picked":"Loop","floor":7.0},{"not_picked":["Aggregate","Loop"],"picked":"Consume","floor":10.0},{"not_picked":["Hologram","Aggregate"],"picked":"Coolheaded","floor":11.0},{"not_picked":["Streamline","Hologram"],"picked":"Thunder Strike","floor":12.0},{"not_picked":["Force Field","Beam Cell","Rebound"],"picked":"SKIP","floor":14.0},{"not_picked":["Multi-Cast","Reboot"],"picked":"Fission","floor":16.0},{"not_picked":["Aggregate","Auto Shields"],"picked":"Melter+1","floor":18.0},{"not_picked":["Ball Lightning","Compile Driver"],"picked":"Steam","floor":20.0}],"player_experience":4454053,"relics_obtained":[{"floor":7.0,"key":"Art of War"},{"floor":9.0,"key":"Strawberry"},{"floor":10.0,"key":"Omamori"}],"event_choices":[{"damage_healed":0.0,"max_hp_gain":0.0,"max_hp_loss":0.0,"gold_gain":0.0,"cards_transformed":["Strike_B"],"event_name":"Living Wall","player_choice":"Change","floor":5.0,"gold_loss":0.0,"damage_taken":0.0,"cards_obtained":["Chill"]},{"damage_healed":0.0,"max_hp_gain":0.0,"max_hp_loss":0.0,"gold_gain":0.0,"event_name":"Lab","player_choice":"Got Potions","floor":13.0,"gold_loss":0.0,"damage_taken":0.0},{"damage_healed":0.0,"max_hp_gain":0.0,"max_hp_loss":0.0,"gold_gain":0.0,"event_name":"The Library","player_choice":"Read","floor":19.0,"gold_loss":0.0,"damage_taken":0.0,"cards_obtained":["Chill"]},{"damage_healed":0,"gold_gain":0,"player_choice":"Fight","damage_taken":0,"max_hp_gain":0,"max_hp_loss":0,"event_name":"Colosseum","floor":21,"gold_loss":0},{"damage_healed":0,"gold_gain":0,"player_choice":"Fled From Nobs","damage_taken":0,"max_hp_gain":0,"max_hp_loss":0,"event_name":"Colosseum","floor":21,"gold_loss":0}],"is_beta":false,"boss_relics":[{"not_picked":["Runic Dome","Snecko Eye"],"picked":"Eternal Feather"}],"items_purged_floors":[],"is_endless":false,"potions_floor_spawned":[1,3,7,10,14,18,21],"killed_by":"Snecko","ascension_level":20}